5908 8266
1095 513 1120 566 s
1186 513 1379 580 COMMENT.
1400 513 1440 586 ΙΙΝ
1463 511 1629 580 ΙΟΑΝΝΕΜ
1652 511 1683 578 C.
1709 513 1770 580 xli.

485 693 537 762 his
558 693 612 780 qui
637 695 771 764 credunt
794 695 825 760 in
849 691 975 760 nomina
996 689 1065 758 eius
1082 715 1111 754 n.
1137 689 1262 776 Optime
1283 689 1443 770 satisfacit,

486 803 560 888 quia
584 801 622 870 ab
647 803 699 869 illa
732 797 926 876 dubitatione
961 815 1023 864 non
1055 803 1203 882 poterant
1224 795 1351 864 liberari
1383 797 1443 862 nisi

485 907 662 974 accedendo
683 905 723 974 ad
756 923 830 972 enm
865 919 922 986 per
946 901 1056 980 ddem3
1089 901 1173 970 unde
1208 899 1442 986 augustinum:

491 1037 507 1070 0
524 1011 680 1092 00000000,
705 1017 806 1080 mlum
830 1007 1009 1094 intelligite,
1026 1013 1056 1074 00
1073 1007 1233 1076 Christum
1250 1005 1443 1072 moriturum

485 1121 516 1184 00
538 1115 698 1184 Christum
722 1115 753 1180 in
778 1117 941 1180 aeternnm
965 1111 1134 1178 victuram.
1148 1115 1179 1178 et
1195 1111 1379 1196 sanguinem
1398 1109 1443 1178 ei-

484 1221 651 1300 fusurum‚
673 1237 737 1304 quo
760 1217 912 1298 redimat,
933 1223 968 1286 et
987 1235 1196 1284 ascensurum
1218 1217 1258 1284 ad
1280 1215 1440 1298 sublimia,

484 1343 548 1410 quo
571 1325 724 1410 perducat
737 1349 771 1388 s.
794 1321 856 1388 Hoc
880 1327 927 1388 est
952 1319 1163 1390 00000000οι
1425 1319 1427 1322 ’

848 1535 1077 1618 0000000000.

575 1749 626 1814 00.
653 1749 777 1832 Quaest.
800 1747 821 1812 Ι.
847 1747 906 1814 Sed
926 1747 1093 1834 quaeritur
1114 1747 1155 1814 de
1169 1747 1229 1814 000
1244 1745 1331 1832 0000
1348 1743 1440 1812 dicit:

485 1851 585 1920 Nunc
606 1853 772 1922 indiciam
793 1859 840 1920 est
862 1853 1000 1930 mundi·
1024 1853 1098 1938 quia
1120 1851 1239 1918 dictum
1256 1857 1303 1918 est
1316 1851 1339 1930 ²,
1355 1849 1441 1936 quod

484 1975 546 2026 non
570 1959 686 2028 iudicat
710 1975 901 2046 quemquam
923 1975 980 2024 nec
1004 1955 1090 2024 venit
1104 1957 1145 2022 ad
1166 1955 1380 2024 iudicandum.

573 2067 776 2134 Hnsnounno:
811 2067 862 2132 Est
902 2063 1053 2130 iudicium
1091 2059 1372 2128 condemnationis
1409 2067 1443 2126 et

341 2185 408 2248 000
421 2195 472 2246 rum
483 2171 690 2240 discretionis
704 2171 736 2248 ³,·
760 2171 820 2236 huc
842 2167 958 2236 indicio
979 2167 1139 2234 iudicatur
1160 2165 1300 2234 mundus
1323 2165 1353 2230 in
1370 2183 1442 2252 pas-

326 2237 477 2284 distrnouone.
500 2279 506 2290 ,

347 3111 350 3116 .
399 3137 465 3194 000ορ.

397 4091 463 4148 Resp.

482 2295 569 2346 0000
593 2277 725 2354 Christi,
749 2293 805 2360 per
831 2291 924 2360 quam
948 2273 1172 2342 discernuntur
1196 2291 1311 2338 oresa
1339 2271 1440 2356 lupis,

482 2401 545 2450 non
569 2381 670 2466 primo
693 2379 818 2448 iudicio.

574 2489 624 2556 00.
650 2489 774 2572 Quaest.
798 2487 834 2552 ll.
857 2485 916 2552 Sed
939 2483 1104 2570 quaeritur
1136 2483 1174 2552 de
1203 2485 1263 2552 hoo
1285 2483 1371 2570 quod
1393 2483 1440 2548 di-

483 2595 543 2674 cit,
567 2595 651 2678 quod
683 2593 840 2680 princeps
870 2591 972 2660 haias
1004 2591 1124 2658 usundi
1153 2591 1302 2658 eiicietnr
1331 2587 1438 2676 sorus.

482 2699 558 2786 Quis
575 2705 621 2768 000
638 2699 696 2768 iste
711 2699 879 2786 princeps?
896 2735 940 2750 -
964 2699 993 2766 Si
1017 2699 1177 2766 diabolus:
1202 2717 1278 2782 ergo
1300 2695 1437 2776 videtur,

482 2807 567 2892 quod
591 2807 730 2874 mundus
753 2805 812 2872 iste
830 2801 989 2874 'sensibilis
1014 2805 1167 2890 pertineat
1198 2803 1236 2870 ad
1265 2801 1452 2890 dominium
1478 2885 1479 2888 Ἴ

482 2911 612 2992 diaboli3
638 2919 768 2980 000000
799 2931 874 2978 uera
908 2911 968 2978 erit
1002 2909 1146 2996 impietas
1175 2909 1438 2976 Manichaeorum.

571 3021 771 3086 hesronuno:
786 3017 975 3094 Dicendum,
991 3015 1077 3102 quod
1091 3017 1238 3082 mundus
1256 3013 1318 3080 hie·
1330 3013 1440 3080 dicun·

482 3129 537 3190 tur
560 3123 678 3190 inundo
702 3121 795 3190 dediti
821 3139 878 3208 per
901 3119 1080 3190 amicitiam.
1096 3119 1214 3188 Horum
1230 3119 1378 3204 princeps
1393 3127 1442 3186 000

482 3227 645 3310 diabolus,
674 3249 737 3296 non
773 3227 876 3312 quoad
908 3233 1092 3304 naturam,
1124 3225 1179 3294 scd
1213 3231 1370 3310 quantum
1400 3225 1441 3292 ad

482 3335 789 3420 pracenceilentiarn
813 3333 849 3398 in
872 3331 990 3418 00000,
1015 3333 1089 3418 quia
1111 3333 1181 3418 ipse
1196 3339 1244 3398 est
1258 3351 1318 3398 reor
1339 3349 1441 3416 saper

481 3459 594 3510 omues
613 3441 702 3526 lilios
722 3437 915 3526 000ον0000,
941 3439 993 3508 000
1017 3437 1258 3524 quadragesimo
1278 3437 1414 3524 primot.

485 3609 486 3612 ,
572 3545 624 3614 03.
649 3547 774 3632 Quaest.
798 3545 844 3614 lli.
869 3545 945 3612 item
968 3545 1134 3630 quaeritur
1155 3543 1196 3612 de
1217 3545 1277 3610 hoo
1292 3541 1440 3628 quoddi-

481 3653 540 3732 cit,
565 3653 651 3740 quod
671 3653 823 3722 eiicietur
845 3647 962 3734 forum
984 3649 1061 3736 quia
1082 3667 1145 3716 non
1168 3647 1313 3728 videtur;
1335 3647 1440 3716 adhuc

481 3757 565 3824 enim
588 3757 768 3824 dominatur
789 3755 823 3822 in
850 3755 900 3822 his
930 3755 985 3842 qui
1018 3753 1135 3822 mundo
1164 3753 1260 3820 dediti
1291 3759 1385 3832 sunt,
1408 3757 1441 3822 et

479 3863 594 3932 lortius
617 3863 750 3948 premit,
774 3861 849 3948 quia
870 3861 999 3948 gravius
1021 3863 1159 3944 peccant.

482 4017 483 4020 π
571 3971 773 4040 0000000000
803 3967 995 4046 Dicendum,
1027 3965 1112 4052 quod
1145 3965 1288 4034 diabolus
1323 3963 1440 4032 dicitur

480 4073 557 4144 citri
580 4075 618 4142 de
640 4075 783 4152 000000,
807 4091 868 4142 000
894 4073 971 4158 quin
994 4077 1106 4150 tentet,
1132 4071 1185 4140 sed
1208 4071 1292 4156 qued
1315 4089 1377 4138 000
1392 4069 1440 4136 in·

481 4183 640 4252 trinsecus
662 4187 789 4268 regnem
814 4197 871 4248 nec
891 4179 1008 4248 dicitnr
1028 4179 1123 4258 eiici,
1146 4177 1230 4264 qnod
1259 4175 1386 4244 omnino
1406 4175 1440 4246 in

480 4289 570 4358 nullo
592 4289 781 4358 intrinsecus
805 4291 933 4372 regnet,
956 4287 1012 4354 sed
1040 4287 1127 4372 quod
1152 4303 1215 4352 non
1239 4283 1272 4352 in
1295 4289 1357 4364 tot;
1383 4301 1440 4354 000

552 4691 563 4722 1
584 4693 610 4744 ln
630 4693 698 4746 0000.
716 4693 818 4754 Evang.
836 4695 866 4742 tr.
887 4691 930 4744 ab.
949 4705 975 4746 0.
996 4689 1223 4754 cazaraboton,
1251 4691 1367 4744 accedite
1391 4695 1440 4742 etc.

482 4781 663 4846 -Superius
683 4787 743 4846 post
759 4777 893 4848 satisfacit
909 4779 952 4832 ed.
971 4793 1032 4832 curn
1051 4781 1167 4834 Gerrano
1187 4779 1260 4832 addit
1276 4777 1322 4832 eis.

551 4867 564 4898 ²
584 4873 667 4934 Supra
688 4871 717 4934 3,
733 4867 780 4920 li:
793 4869 849 4922 Non
863 4867 933 4922 enim
947 4867 1017 4920 misit
1028 4869 1098 4922 Deus
1110 4867 1203 4922 Filium
1221 4883 1300 4922 suum
1321 4867 1346 4920 in
1366 4883 1442 4920 mun-

482 4957 564 5022 dum,
582 4961 610 5010 ut
629 4955 724 5010 iudicet
743 4955 888 5022 niundum;
908 4957 954 5020 00,
974 4955 1022 5008 m:
1040 4959 1095 5020 Ego
1115 4971 1169 5010 nou
1189 4955 1274 5010 iudico
1292 4969 1369 5018 eum,
1388 4969 1441 5008 000

482 5045 552 5098 euim
572 5045 648 5110 veni,
665 5049 696 5096 ut
714 5045 827 5096 iudicem
845 5045 987 5098 mrrndum.
1242 5087 1244 5092 .

552 5129 564 5160 ³
583 5129 635 5186 Cir.
654 5145 732 5198 supra
754 5143 777 5182 0.
795 5129 821 5182 0.
839 5145 864 5182 0.
885 5131 927 5184 03.
947 5135 972 5182 00
991 5129 1039 5196 st,
1059 5145 1081 5184 o.
1100 5135 1126 5186 8.
1144 5147 1171 5184 0.
1194 5133 1236 5184 88.
1255 5159 1289 5170 -
1309 5133 1365 5186 0000
1382 5135 1442 5196 0000

482 5219 582 5274 indicio
600 5221 621 5272 B
640 5219 713 5274 addit
730 5217 861 5284 secando,
882 5219 921 5270 00.
943 5217 1125 5284 discretionis,
1143 5233 1212 5284 quae
1230 5219 1310 5272 etiarn
1333 5219 1441 5270 inferius

483 5315 544 5376 post
563 5309 635 5378 lupis
654 5307 823 5376 prosequitur
839 5305 930 5376 priori
947 5305 1043 5362 0000000
1064 5303 1292 5362 condemnationis
1311 5317 1377 5362 non.

553 5395 566 5430 ⁴
585 5399 659 5454 Vere.
678 5399 721 5454 00.
740 5397 790 5454 Cir.
811 5399 839 5452 ll.
858 5397 928 5450 Sem.
949 5397 973 5450 d.
996 5397 1019 5450 0.
1038 5411 1066 5462 p.
1084 5397 1102 5450 0.
1121 5411 1143 5450 0.
1169 5397 1196 5450 2.
1218 5409 1248 5462 q.
1273 5395 1297 5448 l.
1322 5393 1355 5448 00
1382 5393 1440 5456 ts,

482 5487 528 5544 ubi
545 5489 623 5544 simili
642 5489 721 5544 modo
741 5491 807 5542 haec
825 5487 1035 5542 Manichaeorum
1055 5483 1166 5540 obiectio
1180 5483 1296 5538 solvitur.
1310 5509 1344 5524 -·-
1358 5483 1441 5546 Supe-

480 5577 537 5632 rius
555 5581 615 5642 post
633 5575 780 5634 amicitiam
800 5573 842 5630 00.
864 5575 938 5630 addit
953 5577 980 5644 et
998 5573 1177 5632 ambitionem.

552 5663 680 5720 ὅ000000.
701 5667 731 5728 a,
752 5663 794 5716 it.
813 5691 848 5706 -·
868 5663 995 5728 Superius
1012 5661 1165 5732 potestatioe
1184 5661 1280 5730 repeat
1292 5661 1316 5716 H
1324 5663 1440 5726 potesta·

482 5751 533 5810 tiae
551 5757 651 5822 requei.
740 5803 742 5808 .

554 5839 660 5900 ‘vers
680 5843 705 5894 9.
724 5871 759 5882 -·
777 5839 831 5898 Cir,
848 5843 886 5894 lll.
905 5843 975 5896 Seut.
998 5843 1023 5896 d.
1043 5843 1086 5894 09.
1103 5857 1128 5896 0.
1147 5843 1172 5894 0.
1198 5855 1224 5906 q.
1250 5839 1275 5892 3.
1300 5837 1326 5894 iu
1351 5853 1439 5906 corp„

482 5929 657 5986 ubidicitur:
677 5929 802 5986 Diabolus
821 5929 889 5984 enim
908 5941 967 5984 ante
986 5931 1137 5996 passionem
1154 5927 1250 5984 Christi
1266 5925 1382 5982 hahebat
1393 5927 1440 5982 du·

481 6017 578 6084 plicem
596 6031 717 6080 manum,
736 6017 858 6072 videlicet
876 6017 1054 6074 attrahentem
1078 6023 1103 6068 et
1129 6013 1326 6086 impellentem·
1344 6029 1440 6070 manus

481 6107 624 6164 athabeos
642 6113 698 6162 erat
717 6111 832 6170 potestas
850 6107 971 6162 trahendi
998 6107 1032 6164 00
1060 6105 1170 6160 limbum
1199 6105 1275 6160 etiam
1306 6103 1387 6158 iustos
1414 6111 1440 6158 et

481 6199 598 6260 000000ος
612 6209 706 6248 manus
724 6191 863 6262 impetiens
877 6199 933 6248 crat
944 6199 1060 6260 potestas
1072 6193 1261 6260 praecipitandi
1273 6191 1301 6244 in
1314 6193 1439 6248 malum...

482 6283 513 6340 Et
530 6283 616 6348 prima
636 6299 742 6350 000000,
762 6281 858 6338 scilicet
876 6281 1033 6350 0000000000,
1058 6289 1113 6338 erat
1136 6289 1221 6338 000000
1246 6281 1390 6350 potentiae,
1410 6287 1440 6338 ut

481 6375 569 6430 uultus
586 6379 675 6438 000000
695 6373 719 6426 ei
737 6371 872 6436 emutare,
890 6377 915 6426 et
935 6377 1001 6428 0000
1018 6375 1066 6428 iuit
1083 6373 1107 6428 ei
1124 6373 1230 6428 omniuo
1243 6375 1377 6436 0000000ίο
1389 6377 1440 6428 etc.

378 6481 381 6492 ³
482 6461 533 6518 Gir.
563 6463 630 6516 retr.
656 6459 924 6526 Comestor,1iistor.
950 6461 1118 6526 scholastica,
1144 6461 1172 6516 iu
1199 6461 1300 6524 00000.
1326 6471 1349 6512 0.
1379 6459 1438 6516 lat.

480 6547 588 6606 Additt'o
610 6551 642 6602 t:
663 6549 825 6604 Trahentcm
842 6535 1137 6620 amministrationem
1160 6549 1253 6612 haben
1271 6549 1322 6602 hoc
1338 6545 1438 6612 signiti-
1471 6597 1472 6600 ,

480 6635 555 6692 catur
574 6651 621 6704 per
639 6639 795 6704 draconem,
814 6637 861 6704 qui
880 6651 940 6692 oum
958 6639 1016 6692 aliis
1033 6639 1118 6692 tribus
1136 6639 1230 6694 diebus
1242 6639 1267 6692 00
1279 6635 1439 6692 ascensione

481 6731 600 6792 ponetur
620 6731 680 6782 0000
698 6725 904 6792 processionem,
924 6725 1086 6784 insecundo
1105 6729 1149 6782 dic
1168 6725 1295 6792 sequitur·

553 6811 564 6844 ²
584 6817 620 6868 000
638 6815 691 6868 DN
698 6835 705 6878 3
724 6815 767 6866 alii
785 6815 863 6866 codd.
883 6819 907 6866 00
926 6815 969 6866 00.
989 6815 1071 6870 immo
1085 6827 1204 6884 00000000.

2399 511 2460 580 tal

1508 689 1549 756 ita
1574 689 1758 776 potestativo
1779 695 1907 776 regnat,
1931 689 2007 776 quia
2020 707 2150 758 manum
2166 685 2347 756 traintem
2369 685 2463 754 00000
2477 703 2561 766 nuere
2575 715 2620 768 ma,-

1507 793 1694 876 abscissam,
1717 801 1845 880 propter
1870 795 1929 862 hoc
1960 793 2043 880 qnod
2073 791 2351 882 chiroprapdarn,
2376 791 2462 880 qaod
2477 769 2517 802 ⁰¹¹⁸
2530 755 2619 800 ⁶¹³b⁰¹¹'

1506 907 1580 968 erat
1612 905 1791 972 adrasum
1822 903 1917 982 0005,
1944 903 1974 970 in
1994 901 2153 988 ‘passione
2183 901 2322 968 deletum
2356 903 2462 968 00000

1506 1005 1640 1074 affixum
1661 1007 1761 1076 cruci.
1783 1009 1893 1076 Manus
1914 1007 2001 1076 illius
2030 1007 2196 1094 impellens
2217 1011 2266 1072 est
2287 1003 2461 1082 debilitata,

1506 1119 1614 1178 nostra
1637 1131 1750 1178 manus
1772 1113 1812 1178 ad
1840 1115 2049 1182 resistendum
2081 1113 2250 1182 fortificata
2269 1127 2327 1196 per
2349 1109 2460 1190 tidem;

1505 1217 1626 1300 primae
1649 1217 1729 1284 Petri
1754 1217 1865 1284 ultimo
1878 1221 1907 1286 ⁶:
1936 1221 2000 1286 Cui
2020 1221 2158 1288 resistite
2181 1217 2284 1308 [ortes
2308 1215 2343 1282 ia
2365 1215 2439 1302 ride.

1594 1323 1647 1388 00.
1671 1323 1796 1406 Quaest.
1822 1323 1869 1388 ill.
1894 1325 1968 1392 item
1992 1327 2157 1412 quaeritur
2181 1327 2219 1394 de
2240 1327 2301 1394 hoc
2317 1321 2400 1410 quod
2415 1321 2461 1388 di-

1505 1427 1562 1506 cit,
1585 1427 1668 1512 quod
1704 1427 1818 1494 amaia
1850 1427 1959 1494 trahet
1988 1431 2034 1496 ad
2068 1451 2122 1508 se,·
2144 1431 2219 1516 quia
2247 1449 2309 1498 non
2331 1445 2458 1508 000000,

1505 1551 1563 1598 000
1585 1533 1684 1598 maior
1707 1551 1796 1618 pars,
1823 1535 1964 1602 conversi
1979 1535 2107 1602 suntad
2124 1535 2232 1616 tidem,
2249 1537 2343 1604 immo
2360 1535 2458 1604 00007

1505 1637 1614 1724 plures
1639 1637 1711 1704 mali
1734 1655 1832 1724 quam
1853 1637 1939 1706 boni.

1593 1745 1795 1810 000000000οε
1822 1743 2011 1826 Dicendum,
2034 1745 2138 1830 quud,
2161 1745 2244 1814 siout
2266 1744 2340 1814 dicit
2356 1747 2461 1832 hugu-
2480 1761 2546 1818 usse·

1505 1847 1605 1916 stinus
1618 1849 1643 1928 ⁸,
1665 1847 1720 1934 qui
1746 1847 1878 1916 tendunt
1900 1849 1941 1916 ad
1961 1869 2111 1926 nou-esse
2133 1869 2196 1916 non
2214 1851 2330 1918 debent
2350 1871 2462 1922 nume-

1505 1955 1587 2036 rari;
1604 1961 1637 2022 et
1650 1955 1728 2024 tales
1744 1961 1818 2022 0000
1832 1955 1920 2034 mali;
1938 1957 2021 2024 unde
2036 1973 2093 2042 per
2110 1957 2169 2024 hoc
2186 1955 2270 2042 quod
2285 1961 2333 2024 000
2348 1959 2461 2026 omniu

1505 2081 1567 2130 non
1589 2061 1626 2128 dt
1658 2061 1840 2128 distributio
1874 2063 1935 2128 nisi
1967 2081 2026 2146 pro
2062 2063 2186 2142 0000000,
2214 2061 2270 2148 qui
2294 2071 2383 2132 erant
2405 2064 2480 2132 Dei*

1504 2169 1559 2236 dlii
1583 2185 1640 2252 per
1662 2169 1864 2250 electionem;
1889 2175 1919 2236 00
1943 2171 2002 2236 000
2022 2169 2124 2236 traxit
2156 2171 2196 2236 ad
2217 2189 2253 2238 se
2273 2175 2307 2236 et
2328 2189 2461 2256 conpre-

1502 2275 1597 2362 pauit
1619 2275 1655 2342 ia
1679 2295 1785 2342 noum
1798 2275 1822 2342 ⁹.
1844 2315 1891 2330 --
1904 2277 1975 2344 Vel:
2001 2277 2115 2344 urania
2138 2273 2290 2354 trabam,
2315 2275 2344 2342 id
2361 2280 2407 2344 est
2423 2275 2460 2342 de
2480 2289 2557 2334 stiur·

1504 2381 1588 2448 omni
1610 2387 1703 2468 gente
1724 2387 1758 2448 00
1778 2399 1893 2468 regno,
1917 2399 1980 2448 non
1998 2383 2280 2460 tantumludaeos,
2298 2381 2459 2450 sedetiam

1503 2483 1650 2570 gentiles,
1676 2485 1742 2552 sine
1765 2483 1952 2552 discretione
1975 2487 2169 2556 nationum·

1592 2591 1645 2656 00.
1669 2591 1911 2658 Haeclocutus
1935 2599 1980 2658 est
2004 2593 2105 2658 lesan
2124 2594 2289 2680 Postquam
2306 2591 2461 2678 descripta
2493 2607 2580 2660 0000,
2597 2607 2625 2652 tu

2472 2659 2543 2704 fotura
2551 2657 2626 2706 ladae-

1504 2701 1551 2762 est
1567 2695 1674 2762 lutura
1691 2695 1830 2782 gentium
1845 2697 1966 2764 vocatio
1982 2703 2013 2766 et
2027 2699 2182 2784 passionis
2196 2699 2323 2766 futurae
2336 2699 2460 2784 praedi·
2489 2723 2611 2810 cgaeffi

1504 2801 1566 2870 clio
1580 2807 1611 2870 et
1627 2801 1797 2888 expositio;
1823 2803 1875 2870 hic
1897 2809 2011 2888 quarte
2034 2805 2178 2872 innuitur
2198 2805 2308 2874 lutura
2324 2805 2460 2870 ludaeo—
2501 2823 2600 2874 cuatuor·

1503 2927 1582 2974 rain
1615 2909 1809 2976 excaecatio.
1845 2911 1881 2978 Et
1915 2911 2097 2996 proceditur
2132 2913 2163 2978 in
2192 2911 2289 2980 huius
2324 2909 2371 2978 rei
2405 2909 2458 2978 de-

1504 3013 1745 3082 eiurationem1⁰
1768 3017 1828 3084 000
1843 3015 1962 3084 ordine.
1988 3017 2090 3084 Primo
2114 3017 2198 3086 enim
2221 3017 2366 3086 innuitur
2384 3017 2459 3104 ipsa

1504 3119 1709 3198 naucratim
1733 3121 1871 3190 secundo
1892 3141 1984 3204 vero,
2009 3123 2202 3212 aliquorum
2223 3125 2351 3202 0000000·
2368 3125 2459 3192 tertio

1505 3245 1580 3294 vero
1607 3225 1823 3312 infirmorum
1844 3229 2018 3296 0000000000
2040 3229 2080 3316 pit
2102 3227 2301 3316 confortatio
2308 3253 2319 3308 ,·
2345 3235 2462 3316 quarto¹

1504 3351 1579 3400 vero
1602 3333 1679 3420 ipsis
1700 3337 1883 3402 excaecatis
1905 3333 2053 3422 infertur
2068 3335 2290 3404 comminatio.

1592 3439 1695 3520 (Vens.
1717 3441 1794 3524 30).
1820 3443 2016 3510 0000000000
2040 3443 2245 3510 Iudaeorum
2267 3441 2410 3510 innuitur
2428 3443 2458 3510 in
2473 3455 2625 3554 00903ξῦ00-

1503 3545 1572 3630 ipso
1586 3543 1667 3612 iacto
1685 3545 1817 3626 Domini,
1831 3547 1917 3632 quod
1940 3547 2100 3614 abscondit
2116 3565 2148 3614 se
2171 3547 2210 3614 ab
2226 3545 2304 3632 ipsis
2322 3547 2457 3626 ludaeis,
2478 3513 2580 3606 Primum-

1503 3649 1559 3734 qui
1581 3649 1609 3718 ei
1634 3653 1845 3720 contradicere
1881 3659 2064 3738 coeperaut;
2099 3659 2229 3738 propter
2259 3653 2343 3738 quod
2366 3653 2457 3720 dicit:

1503 3755 1592 3824 Haec
1616 3755 1745 3824 0000000
1766 3767 1818 3824 est·
1834 3757 1928 3824 Iesus
1949 3767 1980 3824 et
2001 3757 2084 3824 abiit
2106 3767 2136 3826 et
2157 3759 2329 3836 abscondit
2351 3779 2384 3826 se
2416 3759 2456 3826 ab

1503 3859 1558 3930 cis.
1574 3861 1767 3946 augustinus
1780 3865 1821 3928 ¹1:
1843 3887 1860 3922 «
1871 3865 1938 3932 000
1952 3863 1993 3932 ab
2009 3863 2124 3950 eisqui
2140 3883 2211 3932 crim
2230 3863 2325 3932 ramis
2340 3865 2457 3950 palma·

1503 3983 1576 4034 rum
1598 3967 1721 4034 obviam
1757 3967 1783 4034 ei
1818 3977 1992 4050 renerum,
2015 3971 2070 4038 sed
2098 3971 2137 4038 ab
2161 3971 2210 4038 his
2234 3971 2289 4058 qni
2312 3971 2457 4040 ridebant

1503 4075 1533 4138 et
1565 4071 1749 4140 invidebant
1763 4097 1794 4154 »;
1831 4073 2067 4142 Deuteronomii
2107 4077 2265 4162 trigesimo
2302 4077 2455 4144 secundo:

1509 4203 1524 4236 c
1540 4177 1731 4246 abscondam
1755 4179 1865 4248 taciem
1887 4199 1991 4248 meam
2012 4181 2054 4248 ab
2076 4181 2122 4250 eis
2136 4187 2169 4250 00
2183 4181 2385 4250 considerabo
2400 4201 2456 4250 no·

1503 4281 1629 4352 riesisse
1650 4301 1776 4364 eorum;
1801 4285 1959 4372 generatio
1975 4285 2058 4356 enim
2073 4305 2223 4372 perversa
2246 4293 2310 4370 est,
2333 4295 2366 4356 et
2387 4289 2457 4356 inii·

1575 4685 1585 4718 8
1604 4693 1631 4742 00
1649 4693 1719 4744 loen.
1741 4693 1839 4756 Evang.
1859 4697 1890 4744 tr.
1911 4693 1936 4744 0.
1953 4707 1981 4744 n.
2001 4693 2048 4744 l3:
2067 4693 2205 4748 Peccatum
2217 4691 2280 4746 nihii
2294 4697 2346 4754 est,
2360 4697 2385 4746 et
2397 4691 2459 4748 nihil

1505 4777 1570 4832 0000
1588 4777 1720 4840 homiues,
1735 4791 1794 4832 cum
1808 4783 1931 4844 peccant,
1943 4781 1990 4832 cir.
2003 4793 2081 4844 snpra
2095 4777 2241 4834 Commeat.
2254 4777 2280 4830 in
2294 4779 2356 4844 Sap.
2368 4781 2398 4842 3,
2413 4779 2457 4846 l7,

1504 4865 1550 4918 ubi
1561 4869 1625 4920 haec
1637 4865 1718 4918 verba
1733 4867 1810 4920 simili
1819 4867 1899 4920 modo
1910 4865 2079 4932 adhibentur,
2093 4883 2145 4936 quo
2159 4869 2307 4922 000Το000.
2321 4869 2364 4920 00.
2376 4883 2402 4920 n.
2418 4869 2459 4922 00.

1505 4955 1632 5020 triplicem
1650 4955 1848 5020 explicationem
1868 4955 1970 5008 exhibet
1989 4957 2113 5024 sugast,
2132 4959 2193 5024 quia
2211 4971 2264 5010 non
2276 4957 2339 5010 dixit
2352 4971 2457 5024 omnes,

1505 5045 1553 5096 sed
1571 5041 1677 5110 omnia,
1702 5059 1777 5098 «non
1791 5045 1878 5112 itaque
1890 5047 1941 5098 hoc
1954 5045 1989 5100 00
2002 5045 2196 5100 universitatem
2210 5045 2346 5100 hominurn
2361 5045 2457 5114 retulit,

1505 5131 1598 5186 00000
1618 5139 1752 5186 creaturae
1768 5133 1956 5198 integritatem,
1970 5135 1998 5186 id
2016 5139 2057 5186 est
2068 5135 2190 5198 spiritum
2201 5141 2228 5186 et
2240 5133 2355 5186 animam
2367 5137 2391 5186 et
2405 5117 2459 5186 cor·¹

1505 5237 1564 5288 pus,
1576 5225 1602 5274 00
1621 5221 1685 5274 00100
1697 5237 1752 5288 quo
1766 5221 1947 5288 intelligimus,
1960 5229 1986 5276 et
1998 5223 2129 5288 illudque
2141 5223 2271 5286 00000000,
2292 5227 2317 5276 00
2329 5223 2390 5276 illud
2403 5237 2457 5290 quo

1505 5309 1623 5362 visibiles
1639 5315 1665 5362 et
1685 5309 1881 5366 contrectabiles
1898 5325 2001 5366 sumus.
2013 5313 2064 5378 Qui
2076 5313 2146 5364 0000
2161 5311 2223 5366 dixit
2238 5311 2313 5382 [Luc.
2327 5313 2357 5364 al
2368 5351 2375 5378 ,
2388 5313 2457 5378 l8.]:

1505 5395 1626 5466 Capillus
1642 5397 1740 5468 capitis
1757 5399 1841 5454 uestri
1858 5411 1914 5454 noo
1929 5399 2042 5470 peribit,
2061 5401 2149 5454 omnia
2169 5401 2247 5454 trahit
2269 5405 2329 5466 post
2354 5415 2388 5454 00.
2408 5405 2458 5456 Aut

1504 5485 1524 5538 si
1550 5483 1641 5540 omnia
1665 5485 1715 5552 ipsi
1740 5489 1858 5540 homines
1880 5487 2040 5552 intelligendi
2063 5493 2136 5552 sunt,
2156 5489 2243 5542 omnia
2267 5489 2458 5552 praedestinata

1504 5573 1537 5626 00
1556 5573 1665 5630 salutem
1685 5589 1826 5642 possumus
1844 5575 1945 5642 dicere,
1963 5591 1995 5630 ex
2011 5575 2111 5644 quibus
2127 5575 2250 5630 omnibus
2270 5577 2307 5630 ait
2321 5577 2384 5630 nihil
2402 5591 2459 5630 esse

1504 5663 1664 5730 periturum,
1685 5677 1745 5716 cum
1764 5677 1844 5730 snpra
1865 5665 1926 5730 [ltl‚
1940 5665 1994 5732 00]
2007 5663 2042 5716 00
2060 5663 2115 5718 0000
2126 5663 2223 5720 ovibus
2239 5667 2395 5732 loqueretur.
2408 5665 2459 5720 hut

1504 5757 1573 5804 certe
1591 5753 1681 5806 omnin
1699 5753 1834 5808 hominum
1856 5765 1967 5820 genera,
1987 5753 2043 5806 sive
2065 5753 2092 5806 in
2117 5753 2213 5820 linguis
2240 5753 2376 5822 omnihus,
2401 5755 2457 5808 sive

1503 5841 1527 5894 in
1547 5839 1676 5896 aemtibus
1694 5841 1843 5896 omnibus...
1864 5847 1888 5896 et
1906 5841 2036 5910 quidquid
2054 5843 2127 5896 eliud
2144 5843 2196 5896 dici
2214 5847 2301 5908 potest
2312 5843 2457 5896 secundum

1503 5931 1705 5984 innumerabiles
1724 5931 1897 5994 differentias,
1917 5931 2014 5998 quibus
2035 5933 2101 5984 iuter
2120 5945 2147 5984 se
2156 5935 2267 6000 praeter
2278 5929 2338 5986 0000
2349 5933 2457 6000 peccatu

1503 6017 1623 6072 homines
1640 6017 1763 6072 distant...
1781 6017 1888 6082 omniu,
1906 6019 2005 6086 inquit,
2023 6017 2133 6074 trabam
2147 6021 2211 6088 post
2234 6031 2292 6084 ate,
2312 6023 2342 6070 ut
2364 6017 2396 6070 sit
2419 6031 2457 6070 ca·

1502 6111 1552 6172 000
1569 6119 1677 6170 eorum,
1694 6113 1719 6162 et
1739 6107 1771 6160 iili
1791 6107 1911 6164 membra
1931 6107 1988 6162 eins
1999 6125 2026 6160 0.
2044 6107 2093 6160 Cir.
2111 6121 2190 6172 supra
2202 6121 2265 6174 pag.
2279 6107 2346 6170 300,
2358 6111 2420 6158 0000
2432 6107 2458 6158 3.

1504 6195 1570 6248 Vide
1588 6197 1667 6250 etiam
1687 6197 1724 6248 lll.
1745 6197 1814 6250 Seni.
1832 6197 1861 6250 d.
1879 6197 1923 6248 22.
1940 6209 1968 6262 q.
1990 6197 2014 6248 0.
2033 6197 2060 6248 in
2078 6209 2150 6260 corp.
2170 6197 2251 6250 verba
2270 6191 2397 6258 Gregorii.

1572 6279 1583 6314 ⁹
1604 6287 1674 6338 ioan.
1694 6285 1742 6350 00,
1760 6283 1803 6338 00.

1573 6365 1595 6400 ¹⁰
1615 6371 1661 6424 Ed.
1675 6385 1736 6424 cum
1748 6371 1866 6424 Corrano
1883 6371 2077 6436 maturatione,
2091 6371 2141 6426 CN
2153 6373 2245 6436 legunt
2255 6369 2292 6422 Et
2299 6367 2457 6436 proceditur

1502 6457 1575 6514 circa
1593 6459 1643 6514 hoc
1661 6457 1707 6514 sic.

1572 6545 1593 6582 ²²
1613 6551 1642 6604 ln
1659 6549 1729 6604 0000.
1739 6551 1840 6614 ,Erana
1853 6557 1884 6604 tr.
1897 6549 1941 6602 00.
1952 6563 1981 6602 0.
1995 6549 2046 6614 00,
2057 6547 2103 6600 uhi
2117 6551 2199 6600 000000
2216 6543 2364 6608 originalis,
2375 6559 2456 6612 quem

1501 6637 1621 6706 sequitur
1635 6637 1693 6704 ed.‚
1711 6645 1772 6704 post
1785 6635 1947 6706 palmatam
1967 6635 2049 6712 ¹addit
2074 6637 2101 6688 et
2126 6629 2261 6688 laudibus.
2280 6659 2316 6674 ·-
2333 6635 2457 6700 Sequitur

1501 6727 1644 6788 Domitii,
1664 6727 1707 6782 00.
