5916 8276
446 2729 616 2810 Partem
645 2727 830 2836 primam
860 2721 1269 2806 Commentariorum
1303 2713 1515 2828 seraphici
1545 2719 1741 2800 Doctoris
1770 2721 1812 2800 in
1845 2715 2007 2800 sacram
2039 2719 2314 2828 Scripturam,

335 2867 411 2974 qui
441 2851 672 2944 secundam
703 2859 909 2944 Omnium
939 2851 1127 2966 Operum
1157 2855 1348 2938 eiusdem
1376 2855 1557 2936 classem
1603 2857 1881 2962 (eonstituuut
1927 2853 2007 2934 hoc
2042 2853 2163 2938 serto
2200 2865 2316 2934 tomo

335 2999 633 3106 publicamus3
664 2997 841 3078 alteram
871 2983 1037 3100 partem
1058 2985 1241 3100 septimo
1268 3019 1547 3110 reservamus,
1568 2991 1639 3070 eui
1669 2985 1867 3098 copiosus
1886 2989 2109 3096 utriusque
2134 2987 2317 3070 ¹volumi-

335 3137 403 3214 nis
433 3133 731 3214 index'rerum
759 3129 1029 3234 adiungetur.
1080 3121 1081 3124 ¹
1613 3121 1617 3130 ‘'

309 3285 313 3292 '
365 3305 368 3308 ·
443 3261 809 3348 Conuuentarium
836 3265 880 3342 in
920 3255 1207 3368 Evangelium
1238 3259 1412 3340 loannis
1448 3259 1674 3366 excipiunt
1706 3269 1911 3366 tanquam
1950 3253 2316 3364 complementum

335 3403 561 3508 genuinae,
592 3399 666 3480 scd
695 3399 918 3504 hucusque
940 3389 1119 3502 'prorsus
1146 3389 1319 3502 ignotae
1358 3387 1596 3476 Collatioucs
1631 3397 1676 3474 ia
1710 3395 1914 3498 tourtam.
1953 3393 2318 3502 praedicatoribus

334 3535 561 3640 imprimis,
590 3543 639 3614 ut
668 3541 880 3640 putamus,
911 3541 1057 3636 gratae
1088 3541 1218 3638 atquc
1247 3529 1386 3610 utiles.

444 3667 567 3770 Quod
594 3675 738 3746 autem
758 3665 804 3742 in
832 3665 1065 3744 editionem
1085 3663 1341 3744 Vaticanam
1370 3673 1537 3770 praeter
1559 3663 1644 3742 alia
1664 3691 1791 3770 opera
1817 3663 1964 3768 spuria
1987 3665 2148 3770 recepti
2177 3669 2319 3744 essent

334 3805 464 3884 ctiam
496 3799 714 3906 illegitimi
746 3797 1062 3904 Comumntarii,
1093 3801 1179 3878 iam
1206 3797 1373 3904 pridem
1404 3797 1506 3876 viris
1538 3797 1675 3878 doctis
1703 3825 1789 3876 non
1826 3803 1917 3878 'crat
1953 3799 2151 3904 ignotum
2168 3797 2190 3880 ¹.
2220 3797 2319 3904 Ipse

335 3935 383 4018 P.
413 3937 675 4018 Benedictus
702 3929 873 4012 Bonelli
901 3961 979 4038 pro
1001 3933 1276 4040 supposititio
1307 3929 1621 4012 (immacutario
1642 3933 1687 4010 in
1717 3929 2004 4036 Evangelium
2025 3929 2199 4012 Ioannis
2219 3929 2319 4012 sub·-

335 4071 477 4150 stituit
506 4069 763 4174 legitimum,
796 4065 933 4146 multo
962 4067 1314 4172 praestantiorem
1335 4093 1520 4172 eumque
1550 4093 1615 4144 an.
1648 4065 1749 4144 1772
1781 4065 1824 4144 iu
1854 4093 1930 4144 suc
1956 4063 2232 4174 Supplaaeoto
2256 4063 2319 4144 di-

335 4205 500 4308 ligente
528 4231 635 4282 cura·
657 4201 813 4308 edidit3
857 4211 1001 4282 nostra
1028 4231 1128 4282 vero
1172 4209 1309 4280 aetate
1336 4171 1384 4280 IP.
1416 4197 1578 4280 Fidelis
1620 4229 1645 4278 a
1673 4199 1849 4282 Fauna2
1875 4201 1921 4278 in
1964 4200 2106 4280 lucem
2135 4199 2319 4308 protulit

334 4337 504 4416 codices
543 4335 857 4440 manuscriptos
900 4333 1204 4416 Commentarii
1235 4335 1278 4414 iu
1319 4333 1566 4414 Psoltcrimu
1598 4333 1636 4416 S.
1680 4333 2003 4414 Bcuaventurae
2035 4335 2319 4416 communiter

335 4471 555 4576 adscripti,
599 4471 675 4576 qui
717 4471 877 4548 exarati
921 4479 1041 4548 erant
1080 4479 1180 4548 ante
1208 4467 1392 4548 eundem
1423 4481 1585 4576 natum,
1615 4479 1744 4576 atque
1775 4491 1882 4574 opus
1912 4467 2021 4550 illud
2050 4495 2126 4550 suo
2156 4469 2316 4550 auctori

335 4603 588 4708 vindicarit,
619 4603 819 4684 Michaeli
848 4601 1068 4708 bleldensi‚
1101 4603 1425 4710 archiepiscopo
1446 4601 1692 4712 Senonensi‚
1721 4603 1796 4712 qui
1823 4601 1933 4684 obiit
1961 4633 2029 4684 an.
2060 4603 2175 4684 1199.
2195 4601 2319 4684 Idem

334 4737 438 4818 lter.
468 4735 595 4816 Pater
623 4737 812 4844 plurima
840 4765 951 4816 nora
981 4735 1239 4818 documenta
1265 4737 1311 4814 iu
1335 4735 1614 4818 bibliothecis
1642 4737 1897 4820 abscondita
1928 4739 2106 4846 invenit,
2138 4765 2320 4846 qnorum

333 4871 420 4948 fide
450 4871 630 4952 iudicari
668 4881 798 4978 atque
839 4871 1011 4950 decerni
1054 4881 1196 4978 potest
1226 4873 1278 4950 de
1320 4873 1470 4952 multis
1507 4871 1605 4954 aliis
1647 4873 1867 4980 opusculis
1911 4881 1954 4952 ct
1991 4871 2322 4954 Commentariis

335 5013 429 5084 tum
457 5005 500 5080 in
532 5005 718 5086 editione
749 5003 967 5110 Vaticana,
999 5015 1091 5086 tum
1121 5007 1167 5086 in
1195 5015 1428 5086 memorato
1459 5005 1770 5112 Supplemento
1799 5007 2025 5086 comanis.

444 5135 505 5216 Ut
533 5137 668 5242 igitur
695 5139 874 5242 genuini
905 5137 1209 5218 Commentarii
1240 5149 1536 5244 separarentur
1562 5141 1618 5220 ab
1643 5141 1897 5248 illegitimis‚
1928 5119 2138 5248 diligente
2159 5139 2321 5248 disqui-

335 5269 492 5362 sitione
518 5269 974 5374 autiquatestimonia
998 5271 1231 5352 ¹{afferenda
1257 5301 1308 5352 ac
1337 5275 1521 5354 rationes
1551 5305 1605 5354 ex
1646 5287 1825 5380 utraque
1855 5285 1975 5380 parte
2016 5257 2318 5380 ponderandae

335 5411 468 5482 eraut.
498 5399 624 5482 Hane
666 5403 989 5510 inquisitionem
1033 5401 1113 5512 pre
1139 5407 1305 5486 viribus
1348 5419 1389 5484 ct
1419 5405 1551 5488 solius
1595 5409 1792 5514 veritatis
1822 5437 1909 5488 nen
1951 5409 2140 5514 partium
2175 5407 2319 5488 studio

335 5539 606 5616 instituimus
633 5537 679 5614 in
698 5535 1021 5640 Prolegomcnis
1051 5539 1179 5618 huius
1202 5537 1447 5618 uoluminis.
1472 5539 1632 5640 Quodsi
1658 5541 1782 5646 plura
1802 5541 2020 5648 opuscula,
2051 5571 2160 5650 quac
2178 5543 2321 5624 adhuc

335 5671 384 5752 P.
413 5671 583 5752 Bonelli
614 5671 873 5750 videbantur
899 5671 1100 5778 genuina,
1130 5701 1183 5750 ex
1212 5671 1409 5778 catalogo
1445 5671 1740 5778 legitimorum
1770 5673 1824 5752 cb
1855 5703 2006 5780 graves
2036 5677 2220 5758 rationes
2249 5707 2320 5758 ex-

335 5807 572 5910 pungenda
600 5807 865 5912 invenimus3
902 5833 988 5884 non
1017 5803 1318 5888 haesitandum
1348 5807 1473 5888 nobis
1511 5809 1653 5888 visum
1682 5819 1756 5916 est,
1799 5839 1897 5890 cum
1936 5811 2074 5918 gloria
2110 5813 2321 5920 seraphici

335 5935 533 6018 Doctoris
563 5941 762 6046 ponenda
791 5939 920 6020 sitin
959 5941 1119 6022 virtute
1146 5971 1196 6022 ac
1226 5943 1489 6052 praestantia
1523 5971 1712 6054 operum,
1743 5971 1828 6024 non
1853 5945 1913 6024 iu
1952 5975 2110 6054 magno
2139 5971 2347 6028 numero

336 6069 594 6174 scriptorum
626 6073 918 6156 mediocrium.
1639 6065 1643 6074 ⁸

447 6199 628 6286 Silentio
646 6211 876 6314 praeterire
895 6239 975 6292 nos
995 6241 1080 6292 non
1101 6213 1224 6294 decet
1240 6225 1432 6322 mortem,
1455 6245 1585 6324 quam
1606 6217 1817 6324 lugemus,
1851 6217 1998 6298 eximii
2027 6217 2162 6298 nostri
2191 6215 2321 6298 colla-

338 6333 548 6416 boratoris
589 6367 639 6418 ac
683 6343 889 6424 carissimi
921 6345 1146 6430 confratris
1184 6349 1230 6430 P.
1259 6349 1485 6430 Benedicti
1521 6351 1693 6460 Bcchte,
1727 6353 1802 6460 qui
1836 6351 1884 6432 21
1919 6351 2034 6460 Sept.
2069 6351 2172 6432 1892
2204 6351 2318 6430 diem

337 6495 585 6574 supremum
630 6471 779 6554 obivit.
810 6475 946 6560 Natus
977 6489 1041 6562 est
1082 6485 1131 6566 29
1162 6487 1264 6592 hpr.
1298 6485 1401 6566 1840
1443 6487 1489 6564 in
1532 6513 1645 6592 pago
1686 6485 1878 6566 Heumar
1921 6515 2054 6594 prope
2099 6483 2321 6568 Coloniam

429 6893 507 6946 ²Csr.
526 6895 561 6948 do
578 6899 630 6950 boc
648 6899 796 6964 Eclrardus,
816 6901 961 6966 Scriptores
981 6907 1042 6960 Ord.
1062 6911 1155 6964 Praed.
1175 6919 1238 6966 tom.
1256 6915 1273 6964 l.
1295 6927 1357 6978 pag.
1376 6913 1428 6964 2:15
1447 6911 1475 6964 b.

431 6989 532 7046 ²1tatio
552 7009 637 7048 uotae
656 6995 818 7050 Collectionis
836 7013 946 7064 opernm
966 7007 1084 7060 cronium
1106 7015 1208 7078 seraph.
1229 7015 1257 7066 D.
1280 7013 1305 7064 S.
1324 7013 1425 7064 Bonan.
1443 7011 1551 7064 'sutrini
1571 7011 1639 7066 tSil
1661 7027 1722 7078 pag.
1742 7011 1792 7064 tta
1811 7027 1884 7078 seqq.
