<?xml version="1.0" encoding="UTF-8"?>
<!DOCTYPE html PUBLIC "-//W3C//DTD XHTML 1.0 Transitional//EN"
    "http://www.w3.org/TR/xhtml1/DTD/xhtml1-transitional.dtd">
<html xmlns="http://www.w3.org/1999/xhtml" xml:lang="en" lang="en">
 <head>
  <title>
</title>
<meta http-equiv="Content-Type" content="text/html;charset=utf-8" />
  <meta name='ocr-system' content='tesseract 3.04.00' />
  <meta name='ocr-capabilities' content='ocr_page ocr_carea ocr_par ocr_line ocrx_word'/>
</head>
<body>
  <div class='ocr_page' id='page_1' title='image "./doctorisseraphi00bonagoog/doctorisseraphi00bonagoog_0264.png"; bbox 0 0 5900 8266; ppageno 0'>
   <div class='ocr_carea' id='block_1_1' title="bbox 1117 609 1790 678">
    <p class='ocr_par' dir='ltr' id='par_1_1' title="bbox 1117 609 1790 678">
     <span class='ocr_line' id='line_1_1' title="bbox 1117 609 1790 678; baseline 0.003 -4"><span class='ocrx_word' id='word_1_1' title='bbox 1117 609 1308 676; x_wconf 83' lang='lat' dir='ltr'>COllblENT.</span> <span class='ocrx_word' id='word_1_2' title='bbox 1335 611 1372 676; x_wconf 92' lang='lat' dir='ltr'>lN</span> <span class='ocrx_word' id='word_1_3' title='bbox 1394 609 1790 678; x_wconf 68' lang='lat' dir='ltr'>deprenhenditur</span> 
     </span>
    </p>
   </div>
   <div class='ocr_carea' id='block_1_2' title="bbox 347 785 1416 1192">
    <p class='ocr_par' dir='ltr' id='par_1_2' title="bbox 347 785 1416 1192">
     <span class='ocr_line' id='line_1_2' title="bbox 460 785 1416 874; baseline -0.002 -22"><span class='ocrx_word' id='word_1_4' title='bbox 460 787 510 854; x_wconf 90' lang='lat' dir='ltr'>his</span> <span class='ocrx_word' id='word_1_5' title='bbox 539 787 592 873; x_wconf 92' lang='lat' dir='ltr'>qui</span> <span class='ocrx_word' id='word_1_6' title='bbox 630 787 762 855; x_wconf 91' lang='lat' dir='ltr'>credunt</span> <span class='ocrx_word' id='word_1_7' title='bbox 784 789 819 854; x_wconf 90' lang='lat' dir='ltr'>in</span> <span class='ocrx_word' id='word_1_8' title='bbox 848 787 973 852; x_wconf 89' lang='lat' dir='ltr'>nomine</span> <span class='ocrx_word' id='word_1_9' title='bbox 991 785 1118 866; x_wconf 59' lang='lat' dir='ltr'>&#39;eius»;</span> <span class='ocrx_word' id='word_1_10' title='bbox 1138 805 1200 870; x_wconf 88' lang='lat' dir='ltr'>per</span> <span class='ocrx_word' id='word_1_11' title='bbox 1223 805 1305 874; x_wconf 86' lang='lat' dir='ltr'>quos</span> <span class='ocrx_word' id='word_1_12' title='bbox 1334 785 1416 850; x_wconf 90' lang='lat' dir='ltr'>inci-</span> 
     </span>
     <span class='ocr_line' id='line_1_3' title="bbox 456 889 1416 978; baseline -0.002 -20"><span class='ocrx_word' id='word_1_13' title='bbox 456 891 585 976; x_wconf 88' lang='lat' dir='ltr'>piebat,</span> <span class='ocrx_word' id='word_1_14' title='bbox 611 893 727 962; x_wconf 91' lang='lat' dir='ltr'>scilicet</span> <span class='ocrx_word' id='word_1_15' title='bbox 751 913 807 978; x_wconf 90' lang='lat' dir='ltr'>per</span> <span class='ocrx_word' id='word_1_16' title='bbox 830 893 915 958; x_wconf 91' lang='lat' dir='ltr'>itlius</span> <span class='ocrx_word' id='word_1_17' title='bbox 938 891 1047 976; x_wconf 91' lang='lat' dir='ltr'>populi</span> <span class='ocrx_word' id='word_1_18' title='bbox 1076 891 1344 976; x_wconf 76' lang='lat' dir='ltr'>praeparationem</span> <span class='ocrx_word' id='word_1_19' title='bbox 1377 889 1416 956; x_wconf 91' lang='lat' dir='ltr'>ad</span> 
     </span>
     <span class='ocr_line' id='line_1_4' title="bbox 459 997 1416 1086; baseline -0.003 -21"><span class='ocrx_word' id='word_1_20' title='bbox 459 1001 546 1086; x_wconf 81' lang='lat' dir='ltr'>Legis</span> <span class='ocrx_word' id='word_1_21' title='bbox 581 1001 829 1086; x_wconf 79' lang='lat' dir='ltr'><strong>susceptionem,</strong></span> <span class='ocrx_word' id='word_1_22' title='bbox 852 997 939 1084; x_wconf 89' lang='lat' dir='ltr'>quia</span> <span class='ocrx_word' id='word_1_23' title='bbox 972 997 1111 1064; x_wconf 91' lang='lat' dir='ltr'>nondum</span> <span class='ocrx_word' id='word_1_24' title='bbox 1146 1003 1215 1062; x_wconf 89' lang='lat' dir='ltr'>erat</span> <span class='ocrx_word' id='word_1_25' title='bbox 1248 997 1335 1074; x_wconf 91' lang='lat' dir='ltr'>data;</span> <span class='ocrx_word' id='word_1_26' title='bbox 1359 997 1416 1064; x_wconf 88' lang='lat' dir='ltr'>in-</span> 
     </span>
     <span class='ocr_line' id='line_1_5' title="bbox 347 1103 1414 1192; baseline 0 -24"><span class='ocrx_word' id='word_1_27' title='bbox 347 1129 352 1154; x_wconf 74' lang='lat'>:</span> <span class='ocrx_word' id='word_1_28' title='bbox 458 1103 654 1192; x_wconf 78' lang='lat' dir='ltr'>corruptam</span> <span class='ocrx_word' id='word_1_29' title='bbox 686 1107 797 1170; x_wconf 72' lang='lat' dir='ltr'>taenia</span> <span class='ocrx_word' id='word_1_30' title='bbox 830 1103 907 1188; x_wconf 82' lang='lat' dir='ltr'>lapis</span> <span class='ocrx_word' id='word_1_31' title='bbox 939 1103 1069 1168; x_wconf 62' lang='lat' dir='ltr'>,saecuta</span> <span class='ocrx_word' id='word_1_32' title='bbox 1100 1103 1190 1168; x_wconf 86' lang='lat' dir='ltr'>dari.</span> <span class='ocrx_word' id='word_1_33' title='bbox 1220 1105 1414 1182; x_wconf 79' lang='lat' dir='ltr'>Notandum,</span> 
     </span>
    </p>
   </div>
   <div class='ocr_carea' id='block_1_3' title="bbox 458 1207 1428 1296">
    <p class='ocr_par' dir='ltr' id='par_1_3' title="bbox 458 1207 1428 1296">
     <span class='ocr_line' id='line_1_6' title="bbox 458 1207 1428 1296; baseline -0.002 -18"><span class='ocrx_word' id='word_1_34' title='bbox 458 1211 540 1296; x_wconf 91' lang='lat' dir='ltr'>quod</span> <span class='ocrx_word' id='word_1_35' title='bbox 566 1213 618 1278; x_wconf 93' lang='lat' dir='ltr'>lex</span> <span class='ocrx_word' id='word_1_36' title='bbox 641 1207 939 1294; x_wconf 90' lang='lat' dir='ltr'>aliquandodicitur</span> <span class='ocrx_word' id='word_1_37' title='bbox 959 1207 1083 1288; x_wconf 78' lang='lat' dir='ltr'>tuanen,</span> <span class='ocrx_word' id='word_1_38' title='bbox 1100 1207 1175 1294; x_wconf 92' lang='lat' dir='ltr'>quia</span> <span class='ocrx_word' id='word_1_39' title='bbox 1197 1209 1351 1276; x_wconf 92' lang='lat' dir='ltr'>illuminat</span> <span class='ocrx_word' id='word_1_40' title='bbox 1368 1209 1428 1276; x_wconf 48' lang='lat' dir='ltr'>ins</span> 
     </span>
    </p>
   </div>
   <div class='ocr_carea' id='block_1_4' title="bbox 289 1315 1413 2038">
    <p class='ocr_par' dir='ltr' id='par_1_4' title="bbox 458 1315 1413 1396">
     <span class='ocr_line' id='line_1_7' title="bbox 458 1315 1413 1396; baseline -0.003 -14"><span class='ocrx_word' id='word_1_41' title='bbox 458 1319 642 1396; x_wconf 61' lang='lat' dir='ltr'>tellectums</span> <span class='ocrx_word' id='word_1_42' title='bbox 670 1315 907 1380; x_wconf 85' lang='lat' dir='ltr'>Prorerhiurum</span> <span class='ocrx_word' id='word_1_43' title='bbox 946 1321 1035 1380; x_wconf 87' lang='lat' dir='ltr'>sexto</span> <span class='ocrx_word' id='word_1_44' title='bbox 1054 1315 1085 1378; x_wconf 82' lang='lat' dir='ltr'>l:</span> <span class='ocrx_word' id='word_1_45' title='bbox 1116 1339 1132 1372; x_wconf 79' lang='lat' dir='ltr'>c</span> <span class='ocrx_word' id='word_1_46' title='bbox 1152 1315 1329 1380; x_wconf 90' lang='lat' dir='ltr'>Mandatum</span> <span class='ocrx_word' id='word_1_47' title='bbox 1366 1315 1413 1380; x_wconf 92' lang='lat' dir='ltr'>lu-</span> 
     </span>
    </p>

    <p class='ocr_par' dir='ltr' id='par_1_5' title="bbox 458 1419 1413 1508">
     <span class='ocr_line' id='line_1_8' title="bbox 458 1419 1413 1508; baseline -0.004 -18"><span class='ocrx_word' id='word_1_48' title='bbox 458 1441 569 1502; x_wconf 89' lang='lat' dir='ltr'>cerna,</span> <span class='ocrx_word' id='word_1_49' title='bbox 602 1429 635 1488; x_wconf 88' lang='lat' dir='ltr'>et</span> <span class='ocrx_word' id='word_1_50' title='bbox 667 1423 718 1486; x_wconf 91' lang='lat' dir='ltr'>lex</span> <span class='ocrx_word' id='word_1_51' title='bbox 753 1421 810 1508; x_wconf 89' lang='lat' dir='ltr'>lux</span> <span class='ocrx_word' id='word_1_52' title='bbox 826 1443 856 1498; x_wconf 78' lang='lat'>»3</span> <span class='ocrx_word' id='word_1_53' title='bbox 887 1419 1139 1504; x_wconf 85' lang='lat' dir='ltr'>incorruptum,</span> <span class='ocrx_word' id='word_1_54' title='bbox 1171 1419 1246 1504; x_wconf 92' lang='lat' dir='ltr'>quia</span> <span class='ocrx_word' id='word_1_55' title='bbox 1268 1419 1413 1504; x_wconf 88' lang='lat' dir='ltr'>puritioat</span> 
     </span>
    </p>

    <p class='ocr_par' dir='ltr' id='par_1_6' title="bbox 459 1525 1413 1612">
     <span class='ocr_line' id='line_1_9' title="bbox 459 1525 1413 1612; baseline -0.007 -18"><span class='ocrx_word' id='word_1_56' title='bbox 459 1531 507 1596; x_wconf 82' lang='lat' dir='ltr'>iel</span> <span class='ocrx_word' id='word_1_57' title='bbox 529 1547 548 1594; x_wconf 93' lang='lat' dir='ltr'>a</span> <span class='ocrx_word' id='word_1_58' title='bbox 572 1525 774 1612; x_wconf 81' lang='lat' dir='ltr'>corruptione</span> <span class='ocrx_word' id='word_1_59' title='bbox 801 1533 965 1592; x_wconf 88' lang='lat' dir='ltr'>conservat</span> <span class='ocrx_word' id='word_1_60' title='bbox 987 1525 1151 1606; x_wconf 87' lang='lat' dir='ltr'>attactam,</span> <span class='ocrx_word' id='word_1_61' title='bbox 1177 1525 1349 1592; x_wconf 90' lang='lat' dir='ltr'>secandum</span> <span class='ocrx_word' id='word_1_62' title='bbox 1377 1525 1413 1592; x_wconf 61' lang='lat' dir='ltr'>h-</span> 
     </span>
    </p>

    <p class='ocr_par' dir='ltr' id='par_1_7' title="bbox 457 1631 1411 1824">
     <span class='ocr_line' id='line_1_10' title="bbox 459 1631 1411 1716; baseline -0.005 -16"><span class='ocrx_word' id='word_1_63' title='bbox 459 1635 511 1700; x_wconf 90' lang='lat' dir='ltr'>lud</span> <span class='ocrx_word' id='word_1_64' title='bbox 542 1633 670 1700; x_wconf 83' lang='lat' dir='ltr'>Psalmi:</span> <span class='ocrx_word' id='word_1_65' title='bbox 703 1631 899 1716; x_wconf 90' lang='lat' dir='ltr'>«Eloquium</span> <span class='ocrx_word' id='word_1_66' title='bbox 923 1631 1047 1696; x_wconf 89' lang='lat' dir='ltr'>Domini</span> <span class='ocrx_word' id='word_1_67' title='bbox 1078 1631 1148 1716; x_wconf 79' lang='lat' dir='ltr'>igne</span> <span class='ocrx_word' id='word_1_68' title='bbox 1179 1631 1411 1710; x_wconf 88' lang='lat' dir='ltr'>examinatum,</span> 
     </span>
     <span class='ocr_line' id='line_1_11' title="bbox 457 1737 1211 1824; baseline -0.005 -18"><span class='ocrx_word' id='word_1_69' title='bbox 457 1739 624 1824; x_wconf 90' lang='lat' dir='ltr'>probatum</span> <span class='ocrx_word' id='word_1_70' title='bbox 650 1745 768 1816; x_wconf 91' lang='lat' dir='ltr'>terrae,</span> <span class='ocrx_word' id='word_1_71' title='bbox 791 1741 961 1822; x_wconf 83' lang='lat' dir='ltr'>purgatum</span> <span class='ocrx_word' id='word_1_72' title='bbox 984 1737 1164 1822; x_wconf 90' lang='lat' dir='ltr'>septuplum</span> <span class='ocrx_word' id='word_1_73' title='bbox 1184 1765 1211 1802; x_wconf 71' lang='lat' dir='ltr'>a.</span> 
     </span>
    </p>

    <p class='ocr_par' dir='ltr' id='par_1_8' title="bbox 546 1841 1411 1932">
     <span class='ocr_line' id='line_1_12' title="bbox 546 1841 1411 1932; baseline -0.006 -20"><span class='ocrx_word' id='word_1_74' title='bbox 546 1845 630 1912; x_wconf 85' lang='lat' dir='ltr'>Cani</span> <span class='ocrx_word' id='word_1_75' title='bbox 653 1845 836 1932; x_wconf 81' lang='lat' dir='ltr'>copitarent</span> <span class='ocrx_word' id='word_1_76' title='bbox 849 1849 907 1910; x_wconf 90' lang='lat' dir='ltr'>eto.</span> <span class='ocrx_word' id='word_1_77' title='bbox 925 1841 978 1908; x_wconf 89' lang='lat' dir='ltr'>Hic</span> <span class='ocrx_word' id='word_1_78' title='bbox 1003 1843 1104 1926; x_wconf 91' lang='lat' dir='ltr'>primo</span> <span class='ocrx_word' id='word_1_79' title='bbox 1121 1843 1260 1928; x_wconf 82' lang='lat' dir='ltr'>tangitur</span> <span class='ocrx_word' id='word_1_80' title='bbox 1274 1863 1411 1930; x_wconf 77' lang='lat' dir='ltr'>pereas-</span> 
     </span>
    </p>

    <p class='ocr_par' dir='ltr' id='par_1_9' title="bbox 289 1947 1411 2038">
     <span class='ocr_line' id='line_1_13' title="bbox 289 1947 1411 2038; baseline -0.003 -21"><span class='ocrx_word' id='word_1_81' title='bbox 289 1959 396 2012; x_wconf 68' lang='lat' dir='ltr'>Secundo,</span> <span class='ocrx_word' id='word_1_82' title='bbox 413 1959 441 2020; x_wconf 74' lang='lat' dir='ltr'>de</span> <span class='ocrx_word' id='word_1_83' title='bbox 455 1951 504 2016; x_wconf 84' lang='lat' dir='ltr'>sio</span> <span class='ocrx_word' id='word_1_84' title='bbox 523 1951 821 2038; x_wconf 84' lang='lat' dir='ltr'>primepenitorena</span> <span class='ocrx_word' id='word_1_85' title='bbox 845 1947 993 2034; x_wconf 76' lang='lat' dir='ltr'>aegypti3</span> <span class='ocrx_word' id='word_1_86' title='bbox 1019 1947 1168 2026; x_wconf 90' lang='lat' dir='ltr'>seeundo,</span> <span class='ocrx_word' id='word_1_87' title='bbox 1191 1949 1411 2032; x_wconf 84' lang='lat' dir='ltr'>praescientia</span> 
     </span>
    </p>
   </div>
   <div class='ocr_carea' id='block_1_5' title="bbox 303 2025 1409 2144">
    <p class='ocr_par' dir='ltr' id='par_1_10' title="bbox 303 2025 1409 2144">
     <span class='ocr_line' id='line_1_14' title="bbox 303 2025 1409 2144; baseline 0.001 -22"><span class='ocrx_word' id='word_1_88' title='bbox 303 2025 376 2110; x_wconf 52' lang='lat' dir='ltr'>{0⁰53ss</span> <span class='ocrx_word' id='word_1_89' title='bbox 388 2025 441 2110; x_wconf 52' lang='lat'>⁰2⁰3?</span> <span class='ocrx_word' id='word_1_90' title='bbox 452 2057 697 2144; x_wconf 83' lang='lat' dir='ltr'>percussionis:</span> <span class='ocrx_word' id='word_1_91' title='bbox 713 2059 777 2124; x_wconf 86' lang='lat' dir='ltr'>llla</span> <span class='ocrx_word' id='word_1_92' title='bbox 799 2055 902 2134; x_wconf 71' lang='lat' dir='ltr'>enirn·</span> <span class='ocrx_word' id='word_1_93' title='bbox 917 2053 1026 2134; x_wconf 92' lang='lat' dir='ltr'>tertio,</span> <span class='ocrx_word' id='word_1_94' title='bbox 1041 2055 1152 2122; x_wconf 85' lang='lat' dir='ltr'>eeaaio</span> <span class='ocrx_word' id='word_1_95' title='bbox 1169 2055 1409 2122; x_wconf 80' lang='lat' dir='ltr'>Hebraeorum:</span> 
     </span>
    </p>
   </div>
   <div class='ocr_carea' id='block_1_6' title="bbox 183 2123 441 2174">
    <p class='ocr_par' dir='ltr' id='par_1_11' title="bbox 183 2123 441 2174">
     <span class='ocr_line' id='line_1_15' title="bbox 183 2123 441 2174; baseline -0.008 -10"><span class='ocrx_word' id='word_1_96' title='bbox 183 2157 191 2164; x_wconf 82' lang='lat'>.</span> <span class='ocrx_word' id='word_1_97' title='bbox 302 2123 381 2172; x_wconf 80' lang='lat' dir='ltr'>guntur</span> <span class='ocrx_word' id='word_1_98' title='bbox 392 2131 441 2174; x_wconf 89' lang='lat' dir='ltr'>qua·</span> 
     </span>
    </p>
   </div>
   <div class='ocr_carea' id='block_1_7' title="bbox 302 2159 1410 2778">
    <p class='ocr_par' dir='ltr' id='par_1_12' title="bbox 302 2159 1410 2336">
     <span class='ocr_line' id='line_1_16' title="bbox 302 2159 1410 2248; baseline -0.002 -18"><span class='ocrx_word' id='word_1_99' title='bbox 302 2175 359 2216; x_wconf 72' lang='lat' dir='ltr'>tuor·</span> <span class='ocrx_word' id='word_1_100' title='bbox 457 2165 613 2248; x_wconf 84' lang='lat' dir='ltr'>Suscepto</span> <span class='ocrx_word' id='word_1_101' title='bbox 629 2173 675 2230; x_wconf 88' lang='lat' dir='ltr'>est</span> <span class='ocrx_word' id='word_1_102' title='bbox 699 2173 809 2230; x_wconf 80' lang='lat' dir='ltr'>atatem</span> <span class='ocrx_word' id='word_1_103' title='bbox 824 2181 846 2238; x_wconf 87' lang='lat' dir='ltr'>n</span> <span class='ocrx_word' id='word_1_104' title='bbox 866 2159 1008 2246; x_wconf 88' lang='lat' dir='ltr'>pepnto;</span> <span class='ocrx_word' id='word_1_105' title='bbox 1030 2167 1157 2244; x_wconf 89' lang='lat' dir='ltr'>quarto,</span> <span class='ocrx_word' id='word_1_106' title='bbox 1174 2161 1263 2242; x_wconf 86' lang='lat' dir='ltr'>ratio</span> <span class='ocrx_word' id='word_1_107' title='bbox 1285 2161 1410 2228; x_wconf 83' lang='lat' dir='ltr'>evasio-</span> 
     </span>
     <span class='ocr_line' id='line_1_17' title="bbox 455 2267 1202 2336; baseline -0.011 -2"><span class='ocrx_word' id='word_1_108' title='bbox 455 2269 527 2336; x_wconf 82' lang='lat' dir='ltr'>nis:</span> <span class='ocrx_word' id='word_1_109' title='bbox 551 2269 715 2336; x_wconf 76' lang='lat' dir='ltr'>absconse</span> <span class='ocrx_word' id='word_1_110' title='bbox 737 2267 874 2332; x_wconf 78' lang='lat' dir='ltr'>anina</span> <span class='ocrx_word' id='word_1_111' title='bbox 971 2329 972 2336; x_wconf 71' lang='grc'>,</span> <span class='ocrx_word' id='word_1_112' title='bbox 1201 2323 1202 2326; x_wconf 74' lang='grc'>,</span> 
     </span>
    </p>

    <p class='ocr_par' dir='ltr' id='par_1_13' title="bbox 504 2371 1408 2458">
     <span class='ocr_line' id='line_1_18' title="bbox 504 2371 1408 2458; baseline -0.002 -18"><span class='ocrx_word' id='word_1_113' title='bbox 504 2395 506 2398; x_wconf 95' lang='grc'><strong><em>·</em></strong></span> <span class='ocrx_word' id='word_1_114' title='bbox 547 2377 649 2458; x_wconf 86' lang='lat' dir='ltr'>(Vers.</span> <span class='ocrx_word' id='word_1_115' title='bbox 683 2375 735 2452; x_wconf 75' lang='grc'>6.).</span> <span class='ocrx_word' id='word_1_116' title='bbox 769 2373 850 2440; x_wconf 85' lang='lat' dir='ltr'>Cara</span> <span class='ocrx_word' id='word_1_117' title='bbox 883 2371 1083 2458; x_wconf 77' lang='lat' dir='ltr'>capitaneae,</span> <span class='ocrx_word' id='word_1_118' title='bbox 1114 2371 1231 2440; x_wconf 90' lang='lat' dir='ltr'>scilicet</span> <span class='ocrx_word' id='word_1_119' title='bbox 1255 2373 1408 2458; x_wconf 75' lang='lat' dir='ltr'>aegyptii,</span> 
     </span>
    </p>

    <p class='ocr_par' dir='ltr' id='par_1_14' title="bbox 329 2477 1410 2568">
     <span class='ocr_line' id='line_1_19' title="bbox 329 2477 1410 2568; baseline -0.002 -20"><span class='ocrx_word' id='word_1_120' title='bbox 329 2491 434 2536; x_wconf 75' lang='lat' dir='ltr'>nimum.</span> <span class='ocrx_word' id='word_1_121' title='bbox 455 2485 640 2560; x_wconf 85' lang='lat' dir='ltr'>i&#39;itsterant,</span> <span class='ocrx_word' id='word_1_122' title='bbox 657 2481 687 2548; x_wconf 89' lang='lat' dir='ltr'>id</span> <span class='ocrx_word' id='word_1_123' title='bbox 705 2489 750 2548; x_wconf 92' lang='lat' dir='ltr'>est</span> <span class='ocrx_word' id='word_1_124' title='bbox 767 2479 993 2568; x_wconf 89' lang='lat' dir='ltr'>Hebraeorum,</span> <span class='ocrx_word' id='word_1_125' title='bbox 1013 2479 1156 2546; x_wconf 84' lang='lat' dir='ltr'>occidere</span> <span class='ocrx_word' id='word_1_126' title='bbox 1170 2477 1331 2566; x_wconf 78' lang='lat' dir='ltr'>infantes,</span> <span class='ocrx_word' id='word_1_127' title='bbox 1346 2481 1410 2546; x_wconf 92' lang='lat' dir='ltr'>non</span> 
     </span>
    </p>

    <p class='ocr_par' dir='ltr' id='par_1_15' title="bbox 455 2585 1409 2672">
     <span class='ocr_line' id='line_1_20' title="bbox 455 2585 1409 2672; baseline -0.006 -16"><span class='ocrx_word' id='word_1_128' title='bbox 455 2588 555 2656; x_wconf 90' lang='lat' dir='ltr'>solum</span> <span class='ocrx_word' id='word_1_129' title='bbox 580 2587 764 2672; x_wconf 81' lang='lat' dir='ltr'>cogitatione</span> <span class='ocrx_word' id='word_1_130' title='bbox 786 2587 936 2670; x_wconf 75' lang='lat' dir='ltr'>simplici,</span> <span class='ocrx_word' id='word_1_131' title='bbox 961 2587 1013 2652; x_wconf 94' lang='lat' dir='ltr'>sed</span> <span class='ocrx_word' id='word_1_132' title='bbox 1037 2585 1130 2652; x_wconf 90' lang='lat' dir='ltr'>etiam</span> <span class='ocrx_word' id='word_1_133' title='bbox 1153 2587 1350 2672; x_wconf 80' lang='lat' dir='ltr'>progressiva</span> <span class='ocrx_word' id='word_1_134' title='bbox 1379 2587 1409 2650; x_wconf 94' lang='lat' dir='ltr'>in</span> 
     </span>
    </p>

    <p class='ocr_par' dir='ltr' id='par_1_16' title="bbox 454 2689 1409 2778">
     <span class='ocr_line' id='line_1_21' title="bbox 454 2689 1409 2778; baseline -0.002 -20"><span class='ocrx_word' id='word_1_135' title='bbox 454 2711 542 2778; x_wconf 74' lang='lat' dir='ltr'>opus</span> <span class='ocrx_word' id='word_1_136' title='bbox 566 2699 602 2772; x_wconf 89' lang='lat' dir='ltr'>ut</span> <span class='ocrx_word' id='word_1_137' title='bbox 626 2697 711 2776; x_wconf 89' lang='lat' dir='ltr'>patet</span> <span class='ocrx_word' id='word_1_138' title='bbox 739 2691 837 2758; x_wconf 81' lang='lat' dir='ltr'>Exodi</span> <span class='ocrx_word' id='word_1_139' title='bbox 858 2691 962 2776; x_wconf 89' lang='lat' dir='ltr'>primo</span> <span class='ocrx_word' id='word_1_140' title='bbox 974 2693 996 2756; x_wconf 76' lang='lat'>².</span> <span class='ocrx_word' id='word_1_141' title='bbox 1023 2691 1062 2756; x_wconf 87' lang='lat' dir='ltr'>Et</span> <span class='ocrx_word' id='word_1_142' title='bbox 1092 2711 1159 2758; x_wconf 88' lang='lat' dir='ltr'>ano</span> <span class='ocrx_word' id='word_1_143' title='bbox 1181 2689 1269 2776; x_wconf 70' lang='lat' dir='ltr'>itio,</span> <span class='ocrx_word' id='word_1_144' title='bbox 1293 2689 1409 2758; x_wconf 89' lang='lat' dir='ltr'>scilieet</span> 
     </span>
    </p>
   </div>
   <div class='ocr_carea' id='block_1_8' title="bbox 454 2795 1485 2884">
    <p class='ocr_par' dir='ltr' id='par_1_17' title="bbox 454 2795 1485 2884">
     <span class='ocr_line' id='line_1_22' title="bbox 454 2795 1485 2884; baseline -0.007 -18"><span class='ocrx_word' id='word_1_145' title='bbox 454 2801 570 2884; x_wconf 80' lang='lat' dir='ltr'>Moyse,</span> <span class='ocrx_word' id='word_1_146' title='bbox 594 2797 756 2884; x_wconf 80' lang='lat' dir='ltr'>capacite,</span> <span class='ocrx_word' id='word_1_147' title='bbox 781 2797 937 2864; x_wconf 88' lang='lat' dir='ltr'>sciliceta</span> <span class='ocrx_word' id='word_1_148' title='bbox 959 2803 1127 2876; x_wconf 89' lang='lat' dir='ltr'>matre,et</span> <span class='ocrx_word' id='word_1_149' title='bbox 1150 2797 1303 2874; x_wconf 89' lang='lat' dir='ltr'>liberato,</span> <span class='ocrx_word' id='word_1_150' title='bbox 1328 2795 1408 2862; x_wconf 88' lang='lat' dir='ltr'>soili—</span> <span class='ocrx_word' id='word_1_151' title='bbox 1481 2835 1485 2840; x_wconf 91' lang='lat'><em>-</em></span> 
     </span>
    </p>
   </div>
   <div class='ocr_carea' id='block_1_9' title="bbox 352 2903 1409 5220">
    <p class='ocr_par' dir='ltr' id='par_1_18' title="bbox 452 2903 1408 3308">
     <span class='ocr_line' id='line_1_23' title="bbox 454 2903 1408 2988; baseline -0.004 -16"><span class='ocrx_word' id='word_1_152' title='bbox 454 2911 535 2974; x_wconf 88' lang='lat' dir='ltr'>ceta</span> <span class='ocrx_word' id='word_1_153' title='bbox 557 2905 620 2972; x_wconf 89' lang='lat' dir='ltr'>tilia</span> <span class='ocrx_word' id='word_1_154' title='bbox 637 2905 819 2984; x_wconf 66' lang='lat' dir='ltr'>Pharaonis</span> <span class='ocrx_word' id='word_1_155' title='bbox 840 2911 875 2970; x_wconf 93' lang='lat' dir='ltr'>at</span> <span class='ocrx_word' id='word_1_156' title='bbox 892 2909 975 2988; x_wconf 89' lang='lat' dir='ltr'>patet</span> <span class='ocrx_word' id='word_1_157' title='bbox 1000 2903 1096 2970; x_wconf 91' lang='lat' dir='ltr'>Exodi</span> <span class='ocrx_word' id='word_1_158' title='bbox 1112 2903 1259 2970; x_wconf 91' lang='lat' dir='ltr'>secundo.</span> <span class='ocrx_word' id='word_1_159' title='bbox 1285 2905 1408 2968; x_wconf 83' lang='lat' dir='ltr'>intro-</span> 
     </span>
     <span class='ocr_line' id='line_1_24' title="bbox 452 3009 1407 3094; baseline -0.006 -14"><span class='ocrx_word' id='word_1_160' title='bbox 452 3011 638 3080; x_wconf 72' lang='lat' dir='ltr'>ductionem</span> <span class='ocrx_word' id='word_1_161' title='bbox 660 3009 809 3088; x_wconf 84' lang='lat' dir='ltr'>iilorant,</span> <span class='ocrx_word' id='word_1_162' title='bbox 833 3009 865 3076; x_wconf 89' lang='lat' dir='ltr'>id</span> <span class='ocrx_word' id='word_1_163' title='bbox 889 3015 935 3076; x_wconf 90' lang='lat' dir='ltr'>est</span> <span class='ocrx_word' id='word_1_164' title='bbox 956 3009 1149 3094; x_wconf 90' lang='lat' dir='ltr'>punitionem</span> <span class='ocrx_word' id='word_1_165' title='bbox 1169 3011 1407 3094; x_wconf 81' lang='lat' dir='ltr'>aegyptiorum,</span> 
     </span>
     <span class='ocr_line' id='line_1_25' title="bbox 453 3115 1407 3196; baseline -0.002 -12"><span class='ocrx_word' id='word_1_166' title='bbox 453 3119 520 3186; x_wconf 79' lang='lat' dir='ltr'>vel:</span> <span class='ocrx_word' id='word_1_167' title='bbox 544 3117 581 3184; x_wconf 90' lang='lat' dir='ltr'>in</span> <span class='ocrx_word' id='word_1_168' title='bbox 608 3115 850 3184; x_wconf 81' lang='lat' dir='ltr'>traductionem.</span> <span class='ocrx_word' id='word_1_169' title='bbox 872 3115 1027 3196; x_wconf 83' lang='lat' dir='ltr'>illoram,</span> <span class='ocrx_word' id='word_1_170' title='bbox 1051 3115 1158 3182; x_wconf 91' lang='lat' dir='ltr'>idest</span> <span class='ocrx_word' id='word_1_171' title='bbox 1181 3115 1407 3194; x_wconf 79' lang='lat' dir='ltr'>Hebraeorum,</span> 
     </span>
     <span class='ocr_line' id='line_1_26' title="bbox 454 3221 1408 3308; baseline -0.004 -16"><span class='ocrx_word' id='word_1_172' title='bbox 454 3227 569 3304; x_wconf 88' lang='lat' dir='ltr'>idest,</span> <span class='ocrx_word' id='word_1_173' title='bbox 593 3229 627 3292; x_wconf 93' lang='lat' dir='ltr'>ut</span> <span class='ocrx_word' id='word_1_174' title='bbox 652 3223 798 3292; x_wconf 90' lang='lat' dir='ltr'>educeret</span> <span class='ocrx_word' id='word_1_175' title='bbox 822 3241 873 3290; x_wconf 91' lang='lat' dir='ltr'>eos</span> <span class='ocrx_word' id='word_1_176' title='bbox 891 3221 927 3290; x_wconf 88' lang='lat' dir='ltr'>de</span> <span class='ocrx_word' id='word_1_177' title='bbox 953 3223 1088 3308; x_wconf 80' lang='lat' dir='ltr'>aegypto</span> <span class='ocrx_word' id='word_1_178' title='bbox 1110 3239 1166 3306; x_wconf 91' lang='lat' dir='ltr'>per</span> <span class='ocrx_word' id='word_1_179' title='bbox 1184 3223 1308 3306; x_wconf 86' lang='lat' dir='ltr'>Moysen</span> <span class='ocrx_word' id='word_1_180' title='bbox 1334 3223 1408 3288; x_wconf 90' lang='lat' dir='ltr'>hbe-</span> 
     </span>
    </p>

    <p class='ocr_par' dir='ltr' id='par_1_19' title="bbox 352 3329 1409 4140">
     <span class='ocr_line' id='line_1_27' title="bbox 352 3329 1408 3414; baseline -0.009 -10"><span class='ocrx_word' id='word_1_181' title='bbox 352 3401 354 3404; x_wconf 84' lang='lat'>.</span> <span class='ocrx_word' id='word_1_182' title='bbox 453 3339 566 3398; x_wconf 91' lang='lat' dir='ltr'>ratum.</span> <span class='ocrx_word' id='word_1_183' title='bbox 593 3331 836 3396; x_wconf 83' lang='lat' dir='ltr'>blattitadineni</span> <span class='ocrx_word' id='word_1_184' title='bbox 850 3329 998 3414; x_wconf 77' lang='lat' dir='ltr'>fitiorum</span> <span class='ocrx_word' id='word_1_185' title='bbox 1022 3329 1205 3408; x_wconf 84' lang='lat' dir='ltr'>abstulisti,</span> <span class='ocrx_word' id='word_1_186' title='bbox 1222 3329 1253 3394; x_wconf 91' lang='lat' dir='ltr'>id</span> <span class='ocrx_word' id='word_1_187' title='bbox 1276 3337 1323 3398; x_wconf 92' lang='lat' dir='ltr'>est</span> <span class='ocrx_word' id='word_1_188' title='bbox 1339 3331 1408 3396; x_wconf 92' lang='lat' dir='ltr'>uni-</span> 
     </span>
     <span class='ocr_line' id='line_1_28' title="bbox 452 3435 1409 3522; baseline -0.004 -16"><span class='ocrx_word' id='word_1_189' title='bbox 452 3439 630 3506; x_wconf 80' lang='lat' dir='ltr'>versitatem</span> <span class='ocrx_word' id='word_1_190' title='bbox 664 3437 963 3522; x_wconf 82' lang='lat' dir='ltr'>primogenitorum,</span> <span class='ocrx_word' id='word_1_191' title='bbox 989 3435 1089 3502; x_wconf 90' lang='lat' dir='ltr'>Exodi</span> <span class='ocrx_word' id='word_1_192' title='bbox 1112 3435 1296 3502; x_wconf 87' lang='lat' dir='ltr'>duodecimo</span> <span class='ocrx_word' id='word_1_193' title='bbox 1313 3437 1335 3502; x_wconf 77' lang='lat'>³.</span> <span class='ocrx_word' id='word_1_194' title='bbox 1369 3439 1409 3502; x_wconf 86' lang='lat' dir='ltr'>Et</span> 
     </span>
     <span class='ocr_line' id='line_1_29' title="bbox 450 3541 1408 3628; baseline 0.001 -19"><span class='ocrx_word' id='word_1_195' title='bbox 450 3543 591 3628; x_wconf 87' lang='lat' dir='ltr'>pariter,</span> <span class='ocrx_word' id='word_1_196' title='bbox 613 3542 646 3608; x_wconf 95' lang='lat' dir='ltr'>id</span> <span class='ocrx_word' id='word_1_197' title='bbox 666 3549 714 3608; x_wconf 90' lang='lat' dir='ltr'>est</span> <span class='ocrx_word' id='word_1_198' title='bbox 737 3541 845 3620; x_wconf 91' lang='lat' dir='ltr'>simul,</span> <span class='ocrx_word' id='word_1_199' title='bbox 872 3541 961 3618; x_wconf 85' lang='lat' dir='ltr'>iilos,</span> <span class='ocrx_word' id='word_1_200' title='bbox 981 3541 1098 3608; x_wconf 91' lang='lat' dir='ltr'>scilicet</span> <span class='ocrx_word' id='word_1_201' title='bbox 1115 3541 1280 3626; x_wconf 77' lang='lat' dir='ltr'>Aegyptios</span> <span class='ocrx_word' id='word_1_202' title='bbox 1295 3559 1408 3626; x_wconf 87' lang='lat' dir='ltr'>pareu-</span> 
     </span>
     <span class='ocr_line' id='line_1_30' title="bbox 453 3647 1407 3734; baseline -0.002 -18"><span class='ocrx_word' id='word_1_203' title='bbox 453 3655 498 3718; x_wconf 89' lang='lat' dir='ltr'>tes</span> <span class='ocrx_word' id='word_1_204' title='bbox 522 3667 648 3726; x_wconf 92' lang='lat' dir='ltr'>eorum,</span> <span class='ocrx_word' id='word_1_205' title='bbox 669 3647 847 3732; x_wconf 80' lang='lat' dir='ltr'>perdidisti</span> <span class='ocrx_word' id='word_1_206' title='bbox 867 3647 906 3712; x_wconf 88' lang='lat' dir='ltr'>in</span> <span class='ocrx_word' id='word_1_207' title='bbox 927 3665 1020 3734; x_wconf 88' lang='lat' dir='ltr'>aqua</span> <span class='ocrx_word' id='word_1_208' title='bbox 1041 3647 1172 3724; x_wconf 81' lang='lat' dir='ltr'>aalide,</span> <span class='ocrx_word' id='word_1_209' title='bbox 1202 3649 1317 3714; x_wconf 92' lang='lat' dir='ltr'>scilicet</span> <span class='ocrx_word' id='word_1_210' title='bbox 1334 3649 1407 3715; x_wconf 82' lang='lat' dir='ltr'>sub</span> 
     </span>
     <span class='ocr_line' id='line_1_31' title="bbox 451 3751 1406 3840; baseline 0 -20"><span class='ocrx_word' id='word_1_211' title='bbox 451 3755 618 3840; x_wconf 83' lang='lat' dir='ltr'>mergendo</span> <span class='ocrx_word' id='word_1_212' title='bbox 643 3771 695 3820; x_wconf 91' lang='lat' dir='ltr'>eos</span> <span class='ocrx_word' id='word_1_213' title='bbox 719 3753 749 3818; x_wconf 91' lang='lat' dir='ltr'>in</span> <span class='ocrx_word' id='word_1_214' title='bbox 773 3751 852 3818; x_wconf 89' lang='lat' dir='ltr'>mari</span> <span class='ocrx_word' id='word_1_215' title='bbox 874 3751 990 3830; x_wconf 91' lang='lat' dir='ltr'>rubro,</span> <span class='ocrx_word' id='word_1_216' title='bbox 1018 3751 1112 3816; x_wconf 88' lang='lat' dir='ltr'>Exodi</span> <span class='ocrx_word' id='word_1_217' title='bbox 1137 3751 1256 3818; x_wconf 87' lang='lat' dir='ltr'>decimo</span> <span class='ocrx_word' id='word_1_218' title='bbox 1276 3761 1406 3838; x_wconf 90' lang='lat' dir='ltr'>quarto:</span> 
     </span>
     <span class='ocr_line' id='line_1_32' title="bbox 457 3857 1407 3946; baseline -0.002 -18"><span class='ocrx_word' id='word_1_219' title='bbox 457 3889 473 3920; x_wconf 90' lang='lat'>«</span> <span class='ocrx_word' id='word_1_220' title='bbox 488 3863 548 3928; x_wconf 92' lang='lat' dir='ltr'>Nec</span> <span class='ocrx_word' id='word_1_221' title='bbox 580 3879 664 3928; x_wconf 91' lang='lat' dir='ltr'>unus</span> <span class='ocrx_word' id='word_1_222' title='bbox 690 3859 815 3946; x_wconf 91' lang='lat' dir='ltr'>quidem</span> <span class='ocrx_word' id='word_1_223' title='bbox 849 3857 1003 3942; x_wconf 89' lang='lat' dir='ltr'>superfuit</span> <span class='ocrx_word' id='word_1_224' title='bbox 1028 3875 1068 3924; x_wconf 90' lang='lat' dir='ltr'>ex</span> <span class='ocrx_word' id='word_1_225' title='bbox 1100 3857 1145 3924; x_wconf 89' lang='lat' dir='ltr'>eis</span> <span class='ocrx_word' id='word_1_226' title='bbox 1164 3883 1203 3936; x_wconf 75' lang='lat' dir='ltr'>i,</span> <span class='ocrx_word' id='word_1_227' title='bbox 1226 3865 1257 3922; x_wconf 92' lang='lat' dir='ltr'>et</span> <span class='ocrx_word' id='word_1_228' title='bbox 1287 3859 1407 3926; x_wconf 90' lang='lat' dir='ltr'>decimo</span> 
     </span>
     <span class='ocr_line' id='line_1_33' title="bbox 451 3963 1407 4054; baseline -0.003 -20"><span class='ocrx_word' id='word_1_229' title='bbox 451 3967 578 4054; x_wconf 88' lang='lat' dir='ltr'>quinto:</span> <span class='ocrx_word' id='word_1_230' title='bbox 609 3993 623 4024; x_wconf 77' lang='grc' dir='ltr'>ε</span> <span class='ocrx_word' id='word_1_231' title='bbox 641 3965 800 4032; x_wconf 91' lang='lat' dir='ltr'>Submersi</span> <span class='ocrx_word' id='word_1_232' title='bbox 833 3973 908 4032; x_wconf 90' lang='lat' dir='ltr'>suut</span> <span class='ocrx_word' id='word_1_233' title='bbox 935 3963 1026 4048; x_wconf 87' lang='lat' dir='ltr'>quasi</span> <span class='ocrx_word' id='word_1_234' title='bbox 1055 3965 1224 4048; x_wconf 85' lang='lat' dir='ltr'>plumbum</span> <span class='ocrx_word' id='word_1_235' title='bbox 1255 3965 1284 4030; x_wconf 90' lang='lat' dir='ltr'>in</span> <span class='ocrx_word' id='word_1_236' title='bbox 1316 3965 1407 4050; x_wconf 91' lang='lat' dir='ltr'>aquis</span> 
     </span>
     <span class='ocr_line' id='line_1_34' title="bbox 451 4073 735 4140; baseline -0.007 0"><span class='ocrx_word' id='word_1_237' title='bbox 451 4073 688 4140; x_wconf 69' lang='lat' dir='ltr'>vehementibus</span> <span class='ocrx_word' id='word_1_238' title='bbox 706 4099 735 4138; x_wconf 76' lang='lat' dir='ltr'>a.</span> 
     </span>
    </p>

    <p class='ocr_par' dir='ltr' id='par_1_20' title="bbox 435 4177 1408 5112">
     <span class='ocr_line' id='line_1_35' title="bbox 541 4177 1408 4262; baseline 0 -20"><span class='ocrx_word' id='word_1_239' title='bbox 541 4179 641 4262; x_wconf 59' lang='lat' dir='ltr'>(Vers.</span> <span class='ocrx_word' id='word_1_240' title='bbox 657 4179 710 4248; x_wconf 79' lang='lat' dir='ltr'>bl.</span> <span class='ocrx_word' id='word_1_241' title='bbox 729 4177 792 4242; x_wconf 87' lang='lat' dir='ltr'>lite</span> <span class='ocrx_word' id='word_1_242' title='bbox 807 4177 912 4254; x_wconf 64' lang='lat' dir='ltr'>oetion</span> <span class='ocrx_word' id='word_1_243' title='bbox 923 4177 1023 4254; x_wconf 87' lang='lat' dir='ltr'>enim,</span> <span class='ocrx_word' id='word_1_244' title='bbox 1040 4195 1098 4258; x_wconf 91' lang='lat' dir='ltr'>pro</span> <span class='ocrx_word' id='word_1_245' title='bbox 1113 4177 1180 4252; x_wconf 89' lang='lat' dir='ltr'>sed;</span> <span class='ocrx_word' id='word_1_246' title='bbox 1199 4195 1275 4254; x_wconf 82' lang='lat' dir='ltr'>noa,</span> <span class='ocrx_word' id='word_1_247' title='bbox 1291 4177 1408 4244; x_wconf 86' lang='lat' dir='ltr'>scilieet</span> 
     </span>
     <span class='ocr_line' id='line_1_36' title="bbox 450 4281 1407 4372; baseline -0.004 -20"><span class='ocrx_word' id='word_1_248' title='bbox 450 4305 513 4372; x_wconf 90' lang='lat' dir='ltr'>qua</span> <span class='ocrx_word' id='word_1_249' title='bbox 538 4285 639 4352; x_wconf 86' lang='lat' dir='ltr'>occisa</span> <span class='ocrx_word' id='word_1_250' title='bbox 663 4289 736 4350; x_wconf 93' lang='lat' dir='ltr'>sunt</span> <span class='ocrx_word' id='word_1_251' title='bbox 758 4283 979 4368; x_wconf 83' lang='lat' dir='ltr'>primogenita,</span> <span class='ocrx_word' id='word_1_252' title='bbox 1003 4281 1136 4366; x_wconf 82' lang='lat' dir='ltr'>capnita</span> <span class='ocrx_word' id='word_1_253' title='bbox 1152 4289 1197 4348; x_wconf 82' lang='lat' dir='ltr'>eat</span> <span class='ocrx_word' id='word_1_254' title='bbox 1219 4291 1293 4350; x_wconf 88' lang='lat' dir='ltr'>ante</span> <span class='ocrx_word' id='word_1_255' title='bbox 1308 4303 1332 4348; x_wconf 88' lang='grc' dir='ltr'>ε</span> <span class='ocrx_word' id='word_1_256' title='bbox 1344 4303 1407 4370; x_wconf 89' lang='lat' dir='ltr'>pa-</span> 
     </span>
     <span class='ocr_line' id='line_1_37' title="bbox 435 4389 1407 4492; baseline -0.002 -34"><span class='ocrx_word' id='word_1_257' title='bbox 435 4393 558 4476; x_wconf 82' lang='lat' dir='ltr'>tribus</span> <span class='ocrx_word' id='word_1_258' title='bbox 580 4391 722 4468; x_wconf 82' lang='lat' dir='ltr'>nostrie,</span> <span class='ocrx_word' id='word_1_259' title='bbox 750 4389 867 4456; x_wconf 86' lang='lat' dir='ltr'>seilicet</span> <span class='ocrx_word' id='word_1_260' title='bbox 890 4391 1044 4492; x_wconf 75' lang='lat' dir='ltr'>abraham</span> <span class='ocrx_word' id='word_1_261' title='bbox 1073 4395 1104 4456; x_wconf 92' lang='lat' dir='ltr'>et</span> <span class='ocrx_word' id='word_1_262' title='bbox 1126 4389 1212 4470; x_wconf 82' lang='lat' dir='ltr'>aliis3</span> <span class='ocrx_word' id='word_1_263' title='bbox 1242 4389 1327 4456; x_wconf 89' lang='lat' dir='ltr'>unde</span> <span class='ocrx_word' id='word_1_264' title='bbox 1349 4389 1407 4456; x_wconf 86' lang='lat' dir='ltr'>Ge-</span> 
     </span>
     <span class='ocr_line' id='line_1_38' title="bbox 450 4495 1407 4582; baseline -0.004 -16"><span class='ocrx_word' id='word_1_265' title='bbox 450 4499 534 4566; x_wconf 88' lang='lat' dir='ltr'>nesis</span> <span class='ocrx_word' id='word_1_266' title='bbox 566 4497 687 4566; x_wconf 92' lang='lat' dir='ltr'>decimo</span> <span class='ocrx_word' id='word_1_267' title='bbox 722 4497 831 4582; x_wconf 92' lang='lat' dir='ltr'>quinto</span> <span class='ocrx_word' id='word_1_268' title='bbox 848 4497 876 4560; x_wconf 72' lang='lat'>⁴:</span> <span class='ocrx_word' id='word_1_269' title='bbox 908 4495 1029 4564; x_wconf 85' lang='lat' dir='ltr'>«Scito</span> <span class='ocrx_word' id='word_1_270' title='bbox 1062 4513 1287 4582; x_wconf 75' lang='lat' dir='ltr'>praenestem,</span> <span class='ocrx_word' id='word_1_271' title='bbox 1322 4495 1407 4582; x_wconf 90' lang='lat' dir='ltr'>qnod</span> 
     </span>
     <span class='ocr_line' id='line_1_39' title="bbox 451 4603 1406 4692; baseline -0.006 -20"><span class='ocrx_word' id='word_1_272' title='bbox 451 4605 652 4692; x_wconf 81' lang='lat' dir='ltr'>peregrinum</span> <span class='ocrx_word' id='word_1_273' title='bbox 675 4603 819 4678; x_wconf 85' lang='lat' dir='ltr'>futurum</span> <span class='ocrx_word' id='word_1_274' title='bbox 851 4603 890 4670; x_wconf 91' lang='lat' dir='ltr'>sit</span> <span class='ocrx_word' id='word_1_275' title='bbox 921 4621 1027 4670; x_wconf 90' lang='lat' dir='ltr'>semen</span> <span class='ocrx_word' id='word_1_276' title='bbox 1051 4609 1141 4670; x_wconf 91' lang='lat' dir='ltr'>tuum</span> <span class='ocrx_word' id='word_1_277' title='bbox 1172 4603 1313 4668; x_wconf 91' lang='lat' dir='ltr'>interra</span> <span class='ocrx_word' id='word_1_278' title='bbox 1344 4621 1406 4668; x_wconf 92' lang='lat' dir='ltr'>oon</span> 
     </span>
     <span class='ocr_line' id='line_1_40' title="bbox 450 4709 1406 4798; baseline -0.006 -18"><span class='ocrx_word' id='word_1_279' title='bbox 450 4731 507 4780; x_wconf 91' lang='lat' dir='ltr'>sua</span> <span class='ocrx_word' id='word_1_280' title='bbox 524 4741 540 4772; x_wconf 73' lang='lat' dir='ltr'>a</span> <span class='ocrx_word' id='word_1_281' title='bbox 560 4719 633 4792; x_wconf 87' lang='lat' dir='ltr'>ete.;</span> <span class='ocrx_word' id='word_1_282' title='bbox 652 4711 699 4790; x_wconf 82' lang='lat' dir='ltr'>vel</span> <span class='ocrx_word' id='word_1_283' title='bbox 713 4711 800 4798; x_wconf 88' lang='lat' dir='ltr'>ipsis</span> <span class='ocrx_word' id='word_1_284' title='bbox 815 4709 961 4776; x_wconf 89' lang='lat' dir='ltr'>Israelitis</span> <span class='ocrx_word' id='word_1_285' title='bbox 984 4711 1014 4774; x_wconf 92' lang='lat' dir='ltr'>in</span> <span class='ocrx_word' id='word_1_286' title='bbox 1033 4711 1180 4796; x_wconf 80' lang='lat' dir='ltr'>aegypto,</span> <span class='ocrx_word' id='word_1_287' title='bbox 1198 4711 1300 4792; x_wconf 82' lang='lat' dir='ltr'>Moyse</span> <span class='ocrx_word' id='word_1_288' title='bbox 1316 4727 1406 4792; x_wconf 91' lang='lat' dir='ltr'>prae-</span> 
     </span>
     <span class='ocr_line' id='line_1_41' title="bbox 450 4815 1404 4900; baseline -0.004 -16"><span class='ocrx_word' id='word_1_289' title='bbox 450 4819 614 4886; x_wconf 87' lang='lat' dir='ltr'>nuntiante</span> <span class='ocrx_word' id='word_1_290' title='bbox 635 4817 711 4894; x_wconf 92' lang='lat' dir='ltr'>illis,</span> <span class='ocrx_word' id='word_1_291' title='bbox 736 4825 772 4883; x_wconf 93' lang='lat' dir='ltr'>ut</span> <span class='ocrx_word' id='word_1_292' title='bbox 795 4821 879 4900; x_wconf 91' lang='lat' dir='ltr'>patet</span> <span class='ocrx_word' id='word_1_293' title='bbox 909 4815 1003 4882; x_wconf 82' lang='lat' dir='ltr'>Exodi</span> <span class='ocrx_word' id='word_1_294' title='bbox 1029 4815 1222 4882; x_wconf 85' lang='lat' dir='ltr'>duodecimo.</span> <span class='ocrx_word' id='word_1_295' title='bbox 1252 4815 1290 4880; x_wconf 83' lang='lat' dir='ltr'>Ut</span> <span class='ocrx_word' id='word_1_296' title='bbox 1312 4833 1404 4894; x_wconf 81' lang='lat' dir='ltr'>aare,</span> 
     </span>
     <span class='ocr_line' id='line_1_42' title="bbox 449 4921 1407 5008; baseline -0.004 -18"><span class='ocrx_word' id='word_1_297' title='bbox 449 4925 482 4990; x_wconf 90' lang='lat' dir='ltr'>id</span> <span class='ocrx_word' id='word_1_298' title='bbox 510 4933 558 4990; x_wconf 91' lang='lat' dir='ltr'>est</span> <span class='ocrx_word' id='word_1_299' title='bbox 581 4921 864 5000; x_wconf 62' lang='lat' dir='ltr'>certitudinaliterj&#39;</span> <span class='ocrx_word' id='word_1_300' title='bbox 876 4921 1026 5000; x_wconf 83' lang='lat' dir='ltr'>scientae,</span> <span class='ocrx_word' id='word_1_301' title='bbox 1056 4921 1176 5008; x_wconf 84' lang='lat' dir='ltr'>quibua</span> <span class='ocrx_word' id='word_1_302' title='bbox 1207 4921 1407 4988; x_wconf 83' lang='lat' dir='ltr'>iuramentis</span> 
     </span>
     <span class='ocr_line' id='line_1_43' title="bbox 449 5027 1406 5112; baseline -0.005 -15"><span class='ocrx_word' id='word_1_303' title='bbox 449 5031 678 5108; x_wconf 86' lang='lat' dir='ltr'>erediderunt,</span> <span class='ocrx_word' id='word_1_304' title='bbox 710 5029 741 5096; x_wconf 89' lang='lat' dir='ltr'>id</span> <span class='ocrx_word' id='word_1_305' title='bbox 776 5035 822 5096; x_wconf 90' lang='lat' dir='ltr'>est</span> <span class='ocrx_word' id='word_1_306' title='bbox 854 5045 945 5112; x_wconf 93' lang='lat' dir='ltr'>quam</span> <span class='ocrx_word' id='word_1_307' title='bbox 979 5027 1078 5094; x_wconf 86' lang='lat' dir='ltr'>firmis</span> <span class='ocrx_word' id='word_1_308' title='bbox 1106 5027 1159 5092; x_wconf 92' lang='lat' dir='ltr'>Dei</span> <span class='ocrx_word' id='word_1_309' title='bbox 1192 5027 1406 5110; x_wconf 90' lang='lat' dir='ltr'>promissioni-</span> 
     </span>
    </p>

    <p class='ocr_par' dir='ltr' id='par_1_21' title="bbox 412 5133 1404 5220">
     <span class='ocr_line' id='line_1_44' title="bbox 412 5133 1404 5220; baseline -0.006 -16"><span class='ocrx_word' id='word_1_310' title='bbox 412 5149 424 5158; x_wconf 76' lang='lat'><em>&#39;</em></span> <span class='ocrx_word' id='word_1_311' title='bbox 450 5137 527 5212; x_wconf 90' lang='lat' dir='ltr'>bus;</span> <span class='ocrx_word' id='word_1_312' title='bbox 551 5135 678 5202; x_wconf 89' lang='lat' dir='ltr'>Genesis</span> <span class='ocrx_word' id='word_1_313' title='bbox 700 5135 850 5220; x_wconf 76' lang='lat' dir='ltr'>vigesimo</span> <span class='ocrx_word' id='word_1_314' title='bbox 869 5133 1048 5200; x_wconf 62' lang='lat' dir='ltr'>secundun</span> <span class='ocrx_word' id='word_1_315' title='bbox 1077 5135 1164 5200; x_wconf 78' lang='lat' dir='ltr'>«rer</span> <span class='ocrx_word' id='word_1_316' title='bbox 1184 5133 1404 5218; x_wconf 89' lang='lat' dir='ltr'>memetipsum</span> 
     </span>
    </p>
   </div>
   <div class='ocr_carea' id='block_1_10' title="bbox 407 5503 1414 6992">
    <p class='ocr_par' dir='ltr' id='par_1_22' title="bbox 407 5503 1407 5756">
     <span class='ocr_line' id='line_1_45' title="bbox 407 5503 1405 5574; baseline -0.007 -9"><span class='ocrx_word' id='word_1_317' title='bbox 407 5545 409 5548; x_wconf 94' lang='lat'>-</span> <span class='ocrx_word' id='word_1_318' title='bbox 520 5509 528 5540; x_wconf 88' lang='lat'><strong>¹</strong></span> <span class='ocrx_word' id='word_1_319' title='bbox 551 5513 624 5564; x_wconf 84' lang='lat' dir='ltr'>Vers.</span> <span class='ocrx_word' id='word_1_320' title='bbox 644 5511 688 5562; x_wconf 88' lang='grc'>23.</span> <span class='ocrx_word' id='word_1_321' title='bbox 705 5537 742 5548; x_wconf 90' lang='lat'><em>-</em></span> <span class='ocrx_word' id='word_1_322' title='bbox 760 5507 882 5574; x_wconf 85' lang='lat' dir='ltr'>Sequitur</span> <span class='ocrx_word' id='word_1_323' title='bbox 896 5509 936 5560; x_wconf 86' lang='grc' dir='ltr'>Ρε.</span> <span class='ocrx_word' id='word_1_324' title='bbox 951 5507 993 5572; x_wconf 86' lang='grc' dir='ltr'>ῖῖ,</span> <span class='ocrx_word' id='word_1_325' title='bbox 1004 5503 1038 5556; x_wconf 83' lang='lat'>7:</span> <span class='ocrx_word' id='word_1_326' title='bbox 1052 5507 1158 5574; x_wconf 87' lang='lat' dir='ltr'>Eloquia</span> <span class='ocrx_word' id='word_1_327' title='bbox 1172 5507 1289 5572; x_wconf 89' lang='lat' dir='ltr'>Domini,</span> <span class='ocrx_word' id='word_1_328' title='bbox 1301 5507 1405 5572; x_wconf 89' lang='lat' dir='ltr'>eloquia</span> 
     </span>
     <span class='ocr_line' id='line_1_46' title="bbox 449 5595 1407 5666; baseline -0.008 -12"><span class='ocrx_word' id='word_1_329' title='bbox 449 5609 535 5656; x_wconf 87' lang='lat' dir='ltr'>easta:</span> <span class='ocrx_word' id='word_1_330' title='bbox 553 5607 690 5666; x_wconf 77' lang='lat' dir='ltr'>argeutum</span> <span class='ocrx_word' id='word_1_331' title='bbox 711 5599 772 5664; x_wconf 79' lang='lat' dir='ltr'>igne</span> <span class='ocrx_word' id='word_1_332' title='bbox 792 5605 840 5650; x_wconf 88' lang='lat' dir='ltr'>eto.</span> <span class='ocrx_word' id='word_1_333' title='bbox 860 5595 912 5650; x_wconf 87' lang='lat' dir='ltr'>Cir.</span> <span class='ocrx_word' id='word_1_334' title='bbox 931 5599 958 5648; x_wconf 95' lang='lat' dir='ltr'>ll.</span> <span class='ocrx_word' id='word_1_335' title='bbox 979 5597 1045 5660; x_wconf 81' lang='lat' dir='ltr'>Reg.</span> <span class='ocrx_word' id='word_1_336' title='bbox 1063 5597 1111 5660; x_wconf 84' lang='grc'>22,</span> <span class='ocrx_word' id='word_1_337' title='bbox 1129 5595 1179 5648; x_wconf 83' lang='lat' dir='ltr'>at:</span> <span class='ocrx_word' id='word_1_338' title='bbox 1198 5597 1336 5662; x_wconf 84' lang='lat' dir='ltr'>Eloquium</span> <span class='ocrx_word' id='word_1_339' title='bbox 1356 5595 1407 5646; x_wconf 83' lang='lat' dir='ltr'>Do-</span> 
     </span>
     <span class='ocr_line' id='line_1_47' title="bbox 449 5689 797 5756; baseline -0.011 -12"><span class='ocrx_word' id='word_1_340' title='bbox 449 5693 512 5744; x_wconf 91' lang='lat' dir='ltr'>mini</span> <span class='ocrx_word' id='word_1_341' title='bbox 530 5691 592 5756; x_wconf 79' lang='lat' dir='ltr'>igno</span> <span class='ocrx_word' id='word_1_342' title='bbox 611 5689 797 5742; x_wconf 88' lang='lat' dir='ltr'>examinatum.</span> 
     </span>
    </p>

    <p class='ocr_par' dir='ltr' id='par_1_23' title="bbox 518 5777 1296 5844">
     <span class='ocr_line' id='line_1_48' title="bbox 518 5777 1296 5844; baseline 0 -14"><span class='ocrx_word' id='word_1_343' title='bbox 518 5777 529 5808; x_wconf 79' lang='lat'><strong>²</strong></span> <span class='ocrx_word' id='word_1_344' title='bbox 551 5781 624 5830; x_wconf 84' lang='lat' dir='ltr'>Vers.</span> <span class='ocrx_word' id='word_1_345' title='bbox 644 5779 686 5830; x_wconf 78' lang='lat' dir='ltr'>ta.</span> <span class='ocrx_word' id='word_1_346' title='bbox 704 5793 793 5844; x_wconf 89' lang='lat' dir='ltr'>seqq.;</span> <span class='ocrx_word' id='word_1_347' title='bbox 812 5777 876 5830; x_wconf 91' lang='lat' dir='ltr'>ibid.</span> <span class='ocrx_word' id='word_1_348' title='bbox 894 5779 926 5842; x_wconf 91' lang='grc'>2,</span> <span class='ocrx_word' id='word_1_349' title='bbox 944 5779 970 5828; x_wconf 99' lang='grc'>2.</span> <span class='ocrx_word' id='word_1_350' title='bbox 989 5791 1063 5842; x_wconf 88' lang='lat' dir='ltr'>seqq.</span> <span class='ocrx_word' id='word_1_351' title='bbox 1082 5783 1121 5828; x_wconf 91' lang='grc' dir='ltr'>θεῖ</span> <span class='ocrx_word' id='word_1_352' title='bbox 1139 5791 1195 5844; x_wconf 88' lang='lat' dir='ltr'>seq.</span> <span class='ocrx_word' id='word_1_353' title='bbox 1215 5779 1296 5830; x_wconf 84' lang='lat' dir='ltr'>locus</span> 
     </span>
    </p>

    <p class='ocr_par' dir='ltr' id='par_1_24' title="bbox 449 5863 1405 6110">
     <span class='ocr_line' id='line_1_49' title="bbox 519 5863 1404 5936; baseline 0 -16"><span class='ocrx_word' id='word_1_354' title='bbox 519 5865 623 5920; x_wconf 60' lang='grc' dir='ltr'>6ῖῖθεε.</span> <span class='ocrx_word' id='word_1_355' title='bbox 644 5869 686 5918; x_wconf 86' lang='grc'>29.</span> <span class='ocrx_word' id='word_1_356' title='bbox 700 5869 803 5936; x_wconf 38' lang='grc' dir='ltr'>,ῦῖεεεε</span> <span class='ocrx_word' id='word_1_357' title='bbox 826 5863 1024 5920; x_wconf 80' lang='lat' dir='ltr'>interlinearis:</span> <span class='ocrx_word' id='word_1_358' title='bbox 1046 5863 1244 5920; x_wconf 71' lang='lat' dir='ltr'>altattitudinera</span> <span class='ocrx_word' id='word_1_359' title='bbox 1267 5863 1404 5936; x_wconf 71' lang='lat' dir='ltr'>tiliarum,</span> 
     </span>
     <span class='ocr_line' id='line_1_50' title="bbox 449 5945 1405 6022; baseline -0.002 -14"><span class='ocrx_word' id='word_1_360' title='bbox 449 5957 695 6022; x_wconf 80' lang='lat' dir='ltr'>primogenitorum.</span> <span class='ocrx_word' id='word_1_361' title='bbox 707 5983 744 5996; x_wconf 90' lang='lat'><em>-</em></span> <span class='ocrx_word' id='word_1_362' title='bbox 756 5959 812 6010; x_wconf 91' lang='lat' dir='ltr'>Duo</span> <span class='ocrx_word' id='word_1_363' title='bbox 824 5957 874 6010; x_wconf 90' lang='lat' dir='ltr'>loci</span> <span class='ocrx_word' id='word_1_364' title='bbox 886 5955 999 6008; x_wconf 89' lang='lat' dir='ltr'>subinde</span> <span class='ocrx_word' id='word_1_365' title='bbox 1016 5955 1118 6020; x_wconf 78' lang='lat' dir='ltr'>allegati</span> <span class='ocrx_word' id='word_1_366' title='bbox 1130 5961 1191 6008; x_wconf 91' lang='lat' dir='ltr'>sunt</span> <span class='ocrx_word' id='word_1_367' title='bbox 1205 5955 1285 6006; x_wconf 87' lang='lat' dir='ltr'>Exod.</span> <span class='ocrx_word' id='word_1_368' title='bbox 1301 5945 1347 6020; x_wconf 80' lang='lat' dir='ltr'>tt,</span> <span class='ocrx_word' id='word_1_369' title='bbox 1362 5955 1405 6006; x_wconf 90' lang='grc'>28.</span> 
     </span>
     <span class='ocr_line' id='line_1_51' title="bbox 449 6043 987 6110; baseline -0.009 -12"><span class='ocrx_word' id='word_1_370' title='bbox 449 6051 475 6098; x_wconf 91' lang='grc' dir='ltr'>θῖ</span> <span class='ocrx_word' id='word_1_371' title='bbox 495 6043 541 6110; x_wconf 82' lang='lat' dir='ltr'>ta,</span> <span class='ocrx_word' id='word_1_372' title='bbox 563 6043 604 6096; x_wconf 89' lang='lat' dir='ltr'>to.</span> <span class='ocrx_word' id='word_1_373' title='bbox 789 6049 790 6052; x_wconf 75' lang='grc'>’</span> <span class='ocrx_word' id='word_1_374' title='bbox 986 6047 987 6050; x_wconf 76' lang='grc'>’</span> 
     </span>
    </p>

    <p class='ocr_par' dir='ltr' id='par_1_25' title="bbox 518 6127 1290 6200">
     <span class='ocr_line' id='line_1_52' title="bbox 518 6127 1290 6200; baseline -0.003 -16"><span class='ocrx_word' id='word_1_375' title='bbox 518 6127 530 6160; x_wconf 80' lang='lat'><strong>⁴</strong></span> <span class='ocrx_word' id='word_1_376' title='bbox 551 6133 624 6184; x_wconf 80' lang='lat' dir='ltr'>VerS.</span> <span class='ocrx_word' id='word_1_377' title='bbox 644 6133 653 6182; x_wconf 90' lang='lat' dir='ltr'>t</span> <span class='ocrx_word' id='word_1_378' title='bbox 662 6133 686 6184; x_wconf 88' lang='lat'>3.</span> <span class='ocrx_word' id='word_1_379' title='bbox 703 6159 741 6172; x_wconf 91' lang='lat'><em>-</em></span> <span class='ocrx_word' id='word_1_380' title='bbox 758 6135 818 6200; x_wconf 91' lang='lat' dir='ltr'>Seq.</span> <span class='ocrx_word' id='word_1_381' title='bbox 837 6135 911 6186; x_wconf 88' lang='lat' dir='ltr'>theos</span> <span class='ocrx_word' id='word_1_382' title='bbox 929 6137 967 6184; x_wconf 90' lang='lat' dir='ltr'>est</span> <span class='ocrx_word' id='word_1_383' title='bbox 988 6133 1066 6184; x_wconf 89' lang='lat' dir='ltr'>Exod.</span> <span class='ocrx_word' id='word_1_384' title='bbox 1086 6133 1133 6194; x_wconf 90' lang='grc' dir='ltr'>ῖ2,</span> <span class='ocrx_word' id='word_1_385' title='bbox 1154 6133 1196 6192; x_wconf 79' lang='lat' dir='ltr'>at.</span> <span class='ocrx_word' id='word_1_386' title='bbox 1214 6145 1290 6196; x_wconf 85' lang='lat' dir='ltr'>seqq.</span> 
     </span>
    </p>

    <p class='ocr_par' dir='ltr' id='par_1_26' title="bbox 449 6215 1414 6360">
     <span class='ocr_line' id='line_1_53' title="bbox 519 6215 1414 6288; baseline 0 -18"><span class='ocrx_word' id='word_1_387' title='bbox 519 6215 530 6246; x_wconf 80' lang='lat'>⁵</span> <span class='ocrx_word' id='word_1_388' title='bbox 550 6219 625 6272; x_wconf 87' lang='lat' dir='ltr'>Vers.</span> <span class='ocrx_word' id='word_1_389' title='bbox 644 6221 687 6272; x_wconf 86' lang='lat' dir='ltr'>te.</span> <span class='ocrx_word' id='word_1_390' title='bbox 704 6247 741 6260; x_wconf 90' lang='lat'>·-</span> <span class='ocrx_word' id='word_1_391' title='bbox 760 6221 882 6288; x_wconf 88' lang='lat' dir='ltr'>Sequitur</span> <span class='ocrx_word' id='word_1_392' title='bbox 899 6217 979 6272; x_wconf 86' lang='lat' dir='ltr'>liebr.</span> <span class='ocrx_word' id='word_1_393' title='bbox 999 6219 1029 6286; x_wconf 85' lang='lat'>6,</span> <span class='ocrx_word' id='word_1_394' title='bbox 1055 6221 1091 6270; x_wconf 80' lang='lat' dir='ltr'>ts.</span> <span class='ocrx_word' id='word_1_395' title='bbox 1111 6221 1157 6270; x_wconf 87' lang='lat' dir='ltr'>cir.</span> <span class='ocrx_word' id='word_1_396' title='bbox 1170 6231 1249 6280; x_wconf 88' lang='lat' dir='ltr'>supra</span> <span class='ocrx_word' id='word_1_397' title='bbox 1263 6231 1323 6284; x_wconf 81' lang='lat' dir='ltr'>pag.</span> <span class='ocrx_word' id='word_1_398' title='bbox 1338 6219 1414 6282; x_wconf 74' lang='lat' dir='ltr'>tae,</span> 
     </span>
     <span class='ocr_line' id='line_1_54' title="bbox 449 6307 668 6360; baseline -0.009 0"><span class='ocrx_word' id='word_1_399' title='bbox 449 6313 510 6360; x_wconf 89' lang='lat' dir='ltr'>nota</span> <span class='ocrx_word' id='word_1_400' title='bbox 530 6307 571 6358; x_wconf 88' lang='lat' dir='ltr'>tt.</span> <span class='ocrx_word' id='word_1_401' title='bbox 627 6343 630 6346; x_wconf 90' lang='lat'>-</span> <span class='ocrx_word' id='word_1_402' title='bbox 667 6343 668 6348; x_wconf 53' lang='lat'>.</span> 
     </span>
    </p>

    <p class='ocr_par' dir='ltr' id='par_1_27' title="bbox 447 6387 1405 6992">
     <span class='ocr_line' id='line_1_55' title="bbox 518 6387 1404 6460; baseline 0.005 -16"><span class='ocrx_word' id='word_1_403' title='bbox 518 6387 530 6420; x_wconf 77' lang='lat'><strong>⁰</strong></span> <span class='ocrx_word' id='word_1_404' title='bbox 549 6395 647 6460; x_wconf 85' lang='lat' dir='ltr'>Nempe</span> <span class='ocrx_word' id='word_1_405' title='bbox 672 6395 885 6450; x_wconf 84' lang='lat' dir='ltr'>interlinearem:</span> <span class='ocrx_word' id='word_1_406' title='bbox 904 6397 956 6448; x_wconf 88' lang='lat' dir='ltr'>Lex</span> <span class='ocrx_word' id='word_1_407' title='bbox 981 6395 1070 6460; x_wconf 89' lang='lat' dir='ltr'>hloysi.</span> <span class='ocrx_word' id='word_1_408' title='bbox 1094 6395 1183 6446; x_wconf 82' lang='lat' dir='ltr'>Glossa</span> <span class='ocrx_word' id='word_1_409' title='bbox 1208 6391 1351 6448; x_wconf 89' lang='lat' dir='ltr'>ordinaria</span> <span class='ocrx_word' id='word_1_410' title='bbox 1373 6409 1404 6448; x_wconf 86' lang='lat' dir='ltr'>ex</span> 
     </span>
     <span class='ocr_line' id='line_1_56' title="bbox 449 6469 1405 6548; baseline -0.002 -14"><span class='ocrx_word' id='word_1_411' title='bbox 449 6481 570 6534; x_wconf 85' lang='lat' dir='ltr'>Rabano:</span> <span class='ocrx_word' id='word_1_412' title='bbox 589 6481 704 6548; x_wconf 66' lang='lat' dir='ltr'>Duranius</span> <span class='ocrx_word' id='word_1_413' title='bbox 722 6485 799 6536; x_wconf 90' lang='lat' dir='ltr'>lsrael</span> <span class='ocrx_word' id='word_1_414' title='bbox 818 6483 844 6534; x_wconf 91' lang='lat' dir='ltr'>in</span> <span class='ocrx_word' id='word_1_415' title='bbox 864 6485 984 6548; x_wconf 80' lang='lat' dir='ltr'>Aegypto</span> <span class='ocrx_word' id='word_1_416' title='bbox 1004 6481 1074 6534; x_wconf 89' lang='lat' dir='ltr'>iussu</span> <span class='ocrx_word' id='word_1_417' title='bbox 1098 6469 1200 6532; x_wconf 88' lang='lat' dir='ltr'>Domini</span> <span class='ocrx_word' id='word_1_418' title='bbox 1226 6483 1321 6544; x_wconf 91' lang='lat' dir='ltr'>paseha</span> <span class='ocrx_word' id='word_1_419' title='bbox 1342 6483 1405 6534; x_wconf 87' lang='lat' dir='ltr'>cale·</span> 
     </span>
     <span class='ocr_line' id='line_1_57' title="bbox 448 6567 1404 6638; baseline -0.002 -14"><span class='ocrx_word' id='word_1_420' title='bbox 448 6571 535 6624; x_wconf 90' lang='lat' dir='ltr'>hravit</span> <span class='ocrx_word' id='word_1_421' title='bbox 557 6567 706 6638; x_wconf 63' lang='lat' dir='ltr'>[hebenum</span> <span class='ocrx_word' id='word_1_422' title='bbox 725 6575 838 6638; x_wconf 89' lang='lat' dir='ltr'>paschae</span> <span class='ocrx_word' id='word_1_423' title='bbox 858 6571 992 6624; x_wconf 89' lang='lat' dir='ltr'>victimam</span> <span class='ocrx_word' id='word_1_424' title='bbox 1005 6569 1181 6638; x_wconf 89' lang='lat' dir='ltr'>immolabat].</span> <span class='ocrx_word' id='word_1_425' title='bbox 1193 6595 1231 6608; x_wconf 90' lang='lat'>—</span> <span class='ocrx_word' id='word_1_426' title='bbox 1243 6569 1359 6622; x_wconf 88' lang='lat' dir='ltr'>Subinde</span> <span class='ocrx_word' id='word_1_427' title='bbox 1371 6571 1404 6622; x_wconf 89' lang='lat' dir='ltr'>nl·</span> 
     </span>
     <span class='ocr_line' id='line_1_58' title="bbox 448 6657 1404 6736; baseline -0.001 -22"><span class='ocrx_word' id='word_1_428' title='bbox 448 6663 550 6726; x_wconf 77' lang='lat' dir='ltr'>legatur</span> <span class='ocrx_word' id='word_1_429' title='bbox 568 6661 647 6712; x_wconf 88' lang='lat' dir='ltr'>Exod.</span> <span class='ocrx_word' id='word_1_430' title='bbox 668 6661 715 6724; x_wconf 75' lang='lat' dir='ltr'>tt,</span> <span class='ocrx_word' id='word_1_431' title='bbox 737 6663 783 6714; x_wconf 74' lang='lat'>28:</span> <span class='ocrx_word' id='word_1_432' title='bbox 804 6663 831 6714; x_wconf 88' lang='lat' dir='ltr'>Et</span> <span class='ocrx_word' id='word_1_433' title='bbox 851 6663 949 6726; x_wconf 80' lang='lat' dir='ltr'>egressi</span> <span class='ocrx_word' id='word_1_434' title='bbox 962 6661 1006 6714; x_wconf 88' lang='lat' dir='ltr'>titii</span> <span class='ocrx_word' id='word_1_435' title='bbox 1019 6663 1096 6736; x_wconf 78' lang='lat' dir='ltr'>israel</span> <span class='ocrx_word' id='word_1_436' title='bbox 1118 6662 1241 6724; x_wconf 80' lang='lat' dir='ltr'>lecerunt,</span> <span class='ocrx_word' id='word_1_437' title='bbox 1253 6657 1319 6712; x_wconf 90' lang='lat' dir='ltr'>sieut</span> <span class='ocrx_word' id='word_1_438' title='bbox 1330 6675 1404 6726; x_wconf 89' lang='lat' dir='ltr'>prae·</span> 
     </span>
     <span class='ocr_line' id='line_1_59' title="bbox 447 6745 1403 6816; baseline -0.001 -14"><span class='ocrx_word' id='word_1_439' title='bbox 447 6755 553 6814; x_wconf 87' lang='lat' dir='ltr'>ceperat</span> <span class='ocrx_word' id='word_1_440' title='bbox 571 6747 697 6802; x_wconf 89' lang='lat' dir='ltr'>Dominus</span> <span class='ocrx_word' id='word_1_441' title='bbox 716 6751 798 6814; x_wconf 81' lang='lat' dir='ltr'>Moysi</span> <span class='ocrx_word' id='word_1_442' title='bbox 816 6757 840 6802; x_wconf 89' lang='lat' dir='ltr'>et</span> <span class='ocrx_word' id='word_1_443' title='bbox 860 6753 958 6816; x_wconf 81' lang='lat' dir='ltr'>Aaron,</span> <span class='ocrx_word' id='word_1_444' title='bbox 979 6751 1022 6802; x_wconf 88' lang='lat' dir='ltr'>cir.</span> <span class='ocrx_word' id='word_1_445' title='bbox 1043 6749 1107 6802; x_wconf 87' lang='lat' dir='ltr'>ibid.</span> <span class='ocrx_word' id='word_1_446' title='bbox 1125 6763 1150 6800; x_wconf 86' lang='lat' dir='ltr'>v.</span> <span class='ocrx_word' id='word_1_447' title='bbox 1169 6745 1212 6796; x_wconf 85' lang='grc'>66.</span> <span class='ocrx_word' id='word_1_448' title='bbox 1226 6745 1301 6810; x_wconf 86' lang='lat' dir='ltr'>(ibid.</span> <span class='ocrx_word' id='word_1_449' title='bbox 1315 6763 1342 6800; x_wconf 88' lang='lat' dir='ltr'>v.</span> <span class='ocrx_word' id='word_1_450' title='bbox 1357 6749 1403 6802; x_wconf 78' lang='lat' dir='ltr'>tt:</span> 
     </span>
     <span class='ocr_line' id='line_1_60' title="bbox 449 6835 1403 6902; baseline 0 -14"><span class='ocrx_word' id='word_1_451' title='bbox 449 6837 491 6890; x_wconf 85' lang='lat' dir='ltr'>Sic</span> <span class='ocrx_word' id='word_1_452' title='bbox 509 6841 596 6890; x_wconf 89' lang='lat' dir='ltr'>autem</span> <span class='ocrx_word' id='word_1_453' title='bbox 616 6837 759 6890; x_wconf 82' lang='lat' dir='ltr'>comedetis</span> <span class='ocrx_word' id='word_1_454' title='bbox 776 6839 877 6890; x_wconf 89' lang='lat' dir='ltr'>illum...</span> <span class='ocrx_word' id='word_1_455' title='bbox 893 6845 934 6890; x_wconf 91' lang='lat' dir='ltr'>est</span> <span class='ocrx_word' id='word_1_456' title='bbox 956 6839 1025 6888; x_wconf 91' lang='lat' dir='ltr'>enim</span> <span class='ocrx_word' id='word_1_457' title='bbox 1052 6839 1146 6902; x_wconf 82' lang='lat' dir='ltr'>phase,</span> <span class='ocrx_word' id='word_1_458' title='bbox 1167 6835 1193 6888; x_wconf 94' lang='lat' dir='ltr'>id</span> <span class='ocrx_word' id='word_1_459' title='bbox 1219 6841 1257 6888; x_wconf 90' lang='lat' dir='ltr'>est</span> <span class='ocrx_word' id='word_1_460' title='bbox 1283 6835 1403 6888; x_wconf 89' lang='lat' dir='ltr'>transitus</span> 
     </span>
     <span class='ocr_line' id='line_1_61' title="bbox 448 6921 1188 6992; baseline 0 -16"><span class='ocrx_word' id='word_1_461' title='bbox 448 6925 571 6992; x_wconf 88' lang='lat' dir='ltr'>Domini).</span> <span class='ocrx_word' id='word_1_462' title='bbox 584 6921 650 6976; x_wconf 89' lang='lat' dir='ltr'>ibid.</span> <span class='ocrx_word' id='word_1_463' title='bbox 674 6939 699 6976; x_wconf 82' lang='lat' dir='ltr'>v.</span> <span class='ocrx_word' id='word_1_464' title='bbox 716 6927 759 6976; x_wconf 87' lang='grc'>23.</span> <span class='ocrx_word' id='word_1_465' title='bbox 779 6931 806 6978; x_wconf 89' lang='grc' dir='ltr'>θῖ</span> <span class='ocrx_word' id='word_1_466' title='bbox 823 6927 866 6978; x_wconf 87' lang='grc'>29.</span> <span class='ocrx_word' id='word_1_467' title='bbox 884 6934 945 6979; x_wconf 90' lang='lat' dir='ltr'>suut</span> <span class='ocrx_word' id='word_1_468' title='bbox 962 6925 1016 6978; x_wconf 91' lang='lat' dir='ltr'>due</span> <span class='ocrx_word' id='word_1_469' title='bbox 1036 6939 1110 6992; x_wconf 86' lang='lat' dir='ltr'>seqq.</span> <span class='ocrx_word' id='word_1_470' title='bbox 1129 6923 1188 6976; x_wconf 88' lang='lat' dir='ltr'>loci.</span> 
     </span>
    </p>
   </div>
   <div class='ocr_carea' id='block_1_11' title="bbox 2375 615 2438 682">
    <p class='ocr_par' dir='ltr' id='par_1_28' title="bbox 2375 615 2438 682">
     <span class='ocr_line' id='line_1_62' title="bbox 2375 615 2438 682; baseline 0.032 -2"><span class='ocrx_word' id='word_1_471' title='bbox 2375 615 2438 682; x_wconf 76' lang='grc'>223</span> 
     </span>
    </p>
   </div>
   <div class='ocr_carea' id='block_1_12' title="bbox 1468 787 2566 4794">
    <p class='ocr_par' dir='ltr' id='par_1_29' title="bbox 1478 787 2438 1086">
     <span class='ocr_line' id='line_1_63' title="bbox 1481 787 2437 870; baseline 0.004 -20"><span class='ocrx_word' id='word_1_472' title='bbox 1481 787 1596 866; x_wconf 83' lang='lat' dir='ltr'>iurari,</span> <span class='ocrx_word' id='word_1_473' title='bbox 1628 787 1701 854; x_wconf 89' lang='lat' dir='ltr'>dicit</span> <span class='ocrx_word' id='word_1_474' title='bbox 1734 789 1883 856; x_wconf 89' lang='lat' dir='ltr'>Dominus</span> <span class='ocrx_word' id='word_1_475' title='bbox 1904 813 1938 870; x_wconf 78' lang='lat'>»3</span> <span class='ocrx_word' id='word_1_476' title='bbox 1971 791 2046 856; x_wconf 89' lang='lat' dir='ltr'>item</span> <span class='ocrx_word' id='word_1_477' title='bbox 2068 791 2107 856; x_wconf 92' lang='lat' dir='ltr'>ad</span> <span class='ocrx_word' id='word_1_478' title='bbox 2137 789 2292 856; x_wconf 86' lang='lat' dir='ltr'>Hebraeos</span> <span class='ocrx_word' id='word_1_479' title='bbox 2326 797 2437 856; x_wconf 90' lang='lat' dir='ltr'>sexto:</span> 
     </span>
     <span class='ocr_line' id='line_1_64' title="bbox 1486 891 2438 982; baseline 0.006 -30"><span class='ocrx_word' id='word_1_480' title='bbox 1486 891 1555 958; x_wconf 85' lang='lat' dir='ltr'>¹«Ut</span> <span class='ocrx_word' id='word_1_481' title='bbox 1576 909 1634 976; x_wconf 91' lang='lat' dir='ltr'>per</span> <span class='ocrx_word' id='word_1_482' title='bbox 1657 893 1737 958; x_wconf 91' lang='lat' dir='ltr'>duas</span> <span class='ocrx_word' id='word_1_483' title='bbox 1759 913 1811 960; x_wconf 91' lang='lat' dir='ltr'>res</span> <span class='ocrx_word' id='word_1_484' title='bbox 1833 893 2043 962; x_wconf 77' lang='lat' dir='ltr'>immobiles»</span> <span class='ocrx_word' id='word_1_485' title='bbox 2066 901 2148 976; x_wconf 84' lang='grc' dir='ltr'>θῖε.;</span> <span class='ocrx_word' id='word_1_486' title='bbox 2174 895 2438 982; x_wconf 85' lang='lat' dir='ltr'>aniinuequiores</span> 
     </span>
     <span class='ocr_line' id='line_1_65' title="bbox 1478 997 2436 1086; baseline 0.002 -26"><span class='ocrx_word' id='word_1_487' title='bbox 1478 1003 1596 1074; x_wconf 81' lang='lat' dir='ltr'>essent,</span> <span class='ocrx_word' id='word_1_488' title='bbox 1615 997 1733 1064; x_wconf 89' lang='lat' dir='ltr'>scilieet</span> <span class='ocrx_word' id='word_1_489' title='bbox 1747 997 1778 1062; x_wconf 93' lang='lat' dir='ltr'>in</span> <span class='ocrx_word' id='word_1_490' title='bbox 1797 1003 2006 1084; x_wconf 88' lang='lat' dir='ltr'>exspectando</span> <span class='ocrx_word' id='word_1_491' title='bbox 2026 1001 2238 1086; x_wconf 90' lang='lat' dir='ltr'>impletionem</span> <span class='ocrx_word' id='word_1_492' title='bbox 2257 997 2436 1066; x_wconf 90' lang='lat' dir='ltr'>iuramenti.</span> 
     </span>
    </p>

    <p class='ocr_par' dir='ltr' id='par_1_30' title="bbox 1468 1103 2566 4794">
     <span class='ocr_line' id='line_1_66' title="bbox 1509 1103 2556 1190; baseline -0.003 -23"><span class='ocrx_word' id='word_1_493' title='bbox 1509 1103 1510 1106; x_wconf 75' lang='grc'>’</span> <span class='ocrx_word' id='word_1_494' title='bbox 1568 1103 1669 1186; x_wconf 79' lang='lat' dir='ltr'>(Veis.</span> <span class='ocrx_word' id='word_1_495' title='bbox 1688 1105 1742 1186; x_wconf 92' lang='grc'><strong>7.).</strong></span> <span class='ocrx_word' id='word_1_496' title='bbox 1760 1103 1920 1190; x_wconf 77' lang='lat' dir='ltr'>Suseepta</span> <span class='ocrx_word' id='word_1_497' title='bbox 1934 1113 1980 1172; x_wconf 84' lang='lat' dir='ltr'>eat</span> <span class='ocrx_word' id='word_1_498' title='bbox 1995 1117 2106 1174; x_wconf 81' lang='lat' dir='ltr'>eatena</span> <span class='ocrx_word' id='word_1_499' title='bbox 2122 1115 2196 1186; x_wconf 87' lang='lat' dir='ltr'>etc,</span> <span class='ocrx_word' id='word_1_500' title='bbox 2214 1105 2331 1174; x_wconf 89' lang='lat' dir='ltr'>seilicet</span> <span class='ocrx_word' id='word_1_501' title='bbox 2348 1113 2437 1172; x_wconf 90' lang='lat' dir='ltr'>nocte</span> <span class='ocrx_word' id='word_1_502' title='bbox 2453 1121 2556 1166; x_wconf 60' lang='lat' dir='ltr'>ratitum.</span> 
     </span>
     <span class='ocr_line' id='line_1_67' title="bbox 1478 1206 2436 1300; baseline 0.008 -30"><span class='ocrx_word' id='word_1_503' title='bbox 1478 1206 1548 1286; x_wconf 90' lang='lat' dir='ltr'>illa,</span> <span class='ocrx_word' id='word_1_504' title='bbox 1573 1209 1621 1274; x_wconf 87' lang='lat' dir='ltr'>vel</span> <span class='ocrx_word' id='word_1_505' title='bbox 1643 1207 1818 1276; x_wconf 90' lang='lat' dir='ltr'>secandum</span> <span class='ocrx_word' id='word_1_506' title='bbox 1841 1209 1980 1276; x_wconf 89' lang='lat' dir='ltr'>Glossam</span> <span class='ocrx_word' id='word_1_507' title='bbox 1994 1213 2023 1276; x_wconf 77' lang='lat'>⁶:</span> <span class='ocrx_word' id='word_1_508' title='bbox 2054 1239 2069 1270; x_wconf 73' lang='lat' dir='ltr'>a</span> <span class='ocrx_word' id='word_1_509' title='bbox 2084 1215 2148 1280; x_wconf 88' lang='lat' dir='ltr'>Lex</span> <span class='ocrx_word' id='word_1_510' title='bbox 2174 1213 2270 1300; x_wconf 87' lang='lat' dir='ltr'>phase</span> <span class='ocrx_word' id='word_1_511' title='bbox 2293 1239 2322 1292; x_wconf 74' lang='grc' dir='ltr'>ε,</span> <span class='ocrx_word' id='word_1_512' title='bbox 2348 1217 2436 1278; x_wconf 88' lang='grc' dir='ltr'>εεεῖθ</span> 
     </span>
     <span class='ocr_line' id='line_1_68' title="bbox 1477 1311 2438 1406; baseline 0.004 -28"><span class='ocrx_word' id='word_1_513' title='bbox 1477 1311 1539 1390; x_wconf 91' lang='lat' dir='ltr'>illa,</span> <span class='ocrx_word' id='word_1_514' title='bbox 1564 1313 1651 1398; x_wconf 91' lang='lat' dir='ltr'>quasi</span> <span class='ocrx_word' id='word_1_515' title='bbox 1678 1333 1736 1400; x_wconf 94' lang='lat' dir='ltr'>pro</span> <span class='ocrx_word' id='word_1_516' title='bbox 1758 1333 1874 1400; x_wconf 80' lang='lat' dir='ltr'>magno.</span> <span class='ocrx_word' id='word_1_517' title='bbox 1892 1315 2060 1396; x_wconf 85' lang='lat' dir='ltr'>beneficio,</span> <span class='ocrx_word' id='word_1_518' title='bbox 2075 1337 2100 1384; x_wconf 92' lang='lat' dir='ltr'>a</span> <span class='ocrx_word' id='word_1_519' title='bbox 2111 1319 2233 1406; x_wconf 76' lang='lat' dir='ltr'>poberto</span> <span class='ocrx_word' id='word_1_520' title='bbox 2255 1327 2329 1396; x_wconf 82' lang='lat' dir='ltr'>tue,</span> <span class='ocrx_word' id='word_1_521' title='bbox 2356 1315 2438 1384; x_wconf 84' lang='lat' dir='ltr'>scili-</span> 
     </span>
     <span class='ocr_line' id='line_1_69' title="bbox 1476 1419 2436 1510; baseline 0.004 -26"><span class='ocrx_word' id='word_1_522' title='bbox 1476 1427 1524 1486; x_wconf 92' lang='lat' dir='ltr'>cet</span> <span class='ocrx_word' id='word_1_523' title='bbox 1550 1419 1730 1500; x_wconf 88' lang='lat' dir='ltr'>Israelitico,</span> <span class='ocrx_word' id='word_1_524' title='bbox 1754 1427 1791 1486; x_wconf 94' lang='lat' dir='ltr'>ut</span> <span class='ocrx_word' id='word_1_525' title='bbox 1820 1423 1906 1506; x_wconf 91' lang='lat' dir='ltr'>patet</span> <span class='ocrx_word' id='word_1_526' title='bbox 1931 1423 2026 1510; x_wconf 84' lang='lat' dir='ltr'>Exodi</span> <span class='ocrx_word' id='word_1_527' title='bbox 2059 1423 2258 1504; x_wconf 90' lang='lat' dir='ltr'>duodecimo,</span> <span class='ocrx_word' id='word_1_528' title='bbox 2276 1425 2337 1492; x_wconf 89' lang='lat' dir='ltr'>ahi</span> <span class='ocrx_word' id='word_1_529' title='bbox 2362 1423 2436 1492; x_wconf 88' lang='lat' dir='ltr'>dioi-</span> 
     </span>
     <span class='ocr_line' id='line_1_70' title="bbox 1476 1527 2463 1622; baseline 0.008 -32"><span class='ocrx_word' id='word_1_530' title='bbox 1476 1531 1544 1590; x_wconf 91' lang='lat' dir='ltr'>tur:</span> <span class='ocrx_word' id='word_1_531' title='bbox 1568 1527 1836 1612; x_wconf 67' lang='lat' dir='ltr'>«bacarumque»</span> <span class='ocrx_word' id='word_1_532' title='bbox 1851 1533 1934 1608; x_wconf 53' lang='lat' dir='ltr'>‘ete.;</span> <span class='ocrx_word' id='word_1_533' title='bbox 1949 1529 2080 1596; x_wconf 85' lang='lat' dir='ltr'>sanitas</span> <span class='ocrx_word' id='word_1_534' title='bbox 2096 1531 2229 1618; x_wconf 84' lang='lat' dir='ltr'>quidem</span> <span class='ocrx_word' id='word_1_535' title='bbox 2251 1533 2435 1612; x_wconf 80' lang='lat' dir='ltr'>iustorum,</span> <span class='ocrx_word' id='word_1_536' title='bbox 2460 1567 2463 1622; x_wconf 80' lang='lat'>2</span> 
     </span>
     <span class='ocr_line' id='line_1_71' title="bbox 1475 1631 2437 1724; baseline 0.012 -32"><span class='ocrx_word' id='word_1_537' title='bbox 1475 1649 1532 1716; x_wconf 86' lang='lat' dir='ltr'>per</span> <span class='ocrx_word' id='word_1_538' title='bbox 1556 1631 1639 1696; x_wconf 87' lang='lat' dir='ltr'>ittam</span> <span class='ocrx_word' id='word_1_539' title='bbox 1665 1633 1748 1700; x_wconf 91' lang='lat' dir='ltr'>enim</span> <span class='ocrx_word' id='word_1_540' title='bbox 1770 1633 1881 1700; x_wconf 70' lang='lat' dir='ltr'>‘salvati</span> <span class='ocrx_word' id='word_1_541' title='bbox 1905 1641 1980 1700; x_wconf 90' lang='lat' dir='ltr'>sant</span> <span class='ocrx_word' id='word_1_542' title='bbox 2004 1633 2159 1702; x_wconf 86' lang='lat' dir='ltr'>israelitae</span> <span class='ocrx_word' id='word_1_543' title='bbox 2182 1637 2221 1702; x_wconf 90' lang='lat' dir='ltr'>ah</span> <span class='ocrx_word' id='word_1_544' title='bbox 2245 1639 2358 1724; x_wconf 79' lang='lat' dir='ltr'>angelo</span> <span class='ocrx_word' id='word_1_545' title='bbox 2380 1653 2437 1708; x_wconf 53' lang='lat' dir='ltr'>axz</span> 
     </span>
     <span class='ocr_line' id='line_1_72' title="bbox 1475 1727 2437 1824; baseline 0.008 -20"><span class='ocrx_word' id='word_1_546' title='bbox 1475 1737 1696 1820; x_wconf 88' lang='lat' dir='ltr'>terminatore,</span> <span class='ocrx_word' id='word_1_547' title='bbox 1720 1747 1756 1806; x_wconf 91' lang='lat' dir='ltr'>ut</span> <span class='ocrx_word' id='word_1_548' title='bbox 1778 1747 1866 1824; x_wconf 90' lang='lat' dir='ltr'>patet</span> <span class='ocrx_word' id='word_1_549' title='bbox 1886 1727 1985 1806; x_wconf 90' lang='lat' dir='ltr'>Exodi</span> <span class='ocrx_word' id='word_1_550' title='bbox 2009 1739 2205 1822; x_wconf 67' lang='lat' dir='ltr'>duodecima</span> <span class='ocrx_word' id='word_1_551' title='bbox 2232 1745 2437 1812; x_wconf 85' lang='lat' dir='ltr'>iniustorum</span> 
     </span>
     <span class='ocr_line' id='line_1_73' title="bbox 1475 1845 2436 1936; baseline 0.006 -24"><span class='ocrx_word' id='word_1_552' title='bbox 1475 1851 1602 1924; x_wconf 78' lang='lat' dir='ltr'>autent,</span> <span class='ocrx_word' id='word_1_553' title='bbox 1621 1845 1738 1912; x_wconf 86' lang='lat' dir='ltr'>scilieet</span> <span class='ocrx_word' id='word_1_554' title='bbox 1754 1847 1990 1932; x_wconf 78' lang='lat' dir='ltr'>Aegyptiorum,</span> <span class='ocrx_word' id='word_1_555' title='bbox 2006 1849 2253 1930; x_wconf 76' lang='lat' dir='ltr'>exterminatio,</span> <span class='ocrx_word' id='word_1_556' title='bbox 2269 1851 2365 1918; x_wconf 89' lang='lat' dir='ltr'>idest</span> <span class='ocrx_word' id='word_1_557' title='bbox 2380 1871 2436 1936; x_wconf 90' lang='lat' dir='ltr'>per</span> 
     </span>
     <span class='ocr_line' id='line_1_74' title="bbox 1473 1951 2224 2038; baseline 0.004 -20"><span class='ocrx_word' id='word_1_558' title='bbox 1473 1951 1626 2038; x_wconf 78' lang='lat' dir='ltr'>Angelum</span> <span class='ocrx_word' id='word_1_559' title='bbox 1648 1951 1928 2018; x_wconf 89' lang='lat' dir='ltr'>exterminatorem</span> <span class='ocrx_word' id='word_1_560' title='bbox 1949 1951 2076 2032; x_wconf 90' lang='lat' dir='ltr'>occisio,</span> <span class='ocrx_word' id='word_1_561' title='bbox 2100 1953 2224 2020; x_wconf 89' lang='lat' dir='ltr'>ibidem.</span> 
     </span>
     <span class='ocr_line' id='line_1_75' title="bbox 1482 2055 2437 2140; baseline 0.005 -19"><span class='ocrx_word' id='word_1_562' title='bbox 1482 2077 1502 2096; x_wconf 74' lang='lat'><strong>⁶</strong></span> <span class='ocrx_word' id='word_1_563' title='bbox 1565 2057 1665 2140; x_wconf 72' lang='lat' dir='ltr'>itan.</span> <span class='ocrx_word' id='word_1_564' title='bbox 1692 2055 1859 2138; x_wconf 68' lang='lat' dir='ltr'>uastant</span> <span class='ocrx_word' id='word_1_565' title='bbox 1880 2059 1966 2124; x_wconf 82' lang='lat' dir='ltr'>acina</span> <span class='ocrx_word' id='word_1_566' title='bbox 1992 2059 2118 2124; x_wconf 83' lang='lat' dir='ltr'>laesisti</span> <span class='ocrx_word' id='word_1_567' title='bbox 2138 2059 2353 2126; x_wconf 81' lang='lat' dir='ltr'>aduersarios</span> <span class='ocrx_word' id='word_1_568' title='bbox 2378 2081 2437 2126; x_wconf 87' lang='lat' dir='ltr'>no-</span> 
     </span>
     <span class='ocr_line' id='line_1_76' title="bbox 1472 2163 2461 2248; baseline 0.002 -18"><span class='ocrx_word' id='word_1_569' title='bbox 1472 2163 1596 2242; x_wconf 64' lang='lat' dir='ltr'>strosi,</span> <span class='ocrx_word' id='word_1_570' title='bbox 1623 2163 1740 2230; x_wconf 88' lang='lat' dir='ltr'>scilicet</span> <span class='ocrx_word' id='word_1_571' title='bbox 1770 2163 1811 2230; x_wconf 92' lang='lat' dir='ltr'>ob</span> <span class='ocrx_word' id='word_1_572' title='bbox 1833 2181 1944 2230; x_wconf 88' lang='lat' dir='ltr'>eorum</span> <span class='ocrx_word' id='word_1_573' title='bbox 1976 2173 2102 2248; x_wconf 89' lang='lat' dir='ltr'>peecata</span> <span class='ocrx_word' id='word_1_574' title='bbox 2125 2163 2315 2246; x_wconf 75' lang='lat' dir='ltr'>occidendo,</span> <span class='ocrx_word' id='word_1_575' title='bbox 2335 2167 2383 2232; x_wconf 84' lang='lat' dir='ltr'>sic</span> <span class='ocrx_word' id='word_1_576' title='bbox 2408 2177 2461 2232; x_wconf 88' lang='lat' dir='ltr'>et-</span> 
     </span>
     <span class='ocr_line' id='line_1_77' title="bbox 1473 2268 2435 2356; baseline 0.002 -20"><span class='ocrx_word' id='word_1_577' title='bbox 1473 2289 1534 2336; x_wconf 82' lang='lat' dir='ltr'>nea</span> <span class='ocrx_word' id='word_1_578' title='bbox 1549 2287 1754 2356; x_wconf 78' lang='lat' dir='ltr'>proaiocans,</span> <span class='ocrx_word' id='word_1_579' title='bbox 1777 2269 1905 2354; x_wconf 89' lang='lat' dir='ltr'>supple:</span> <span class='ocrx_word' id='word_1_580' title='bbox 1928 2269 1965 2336; x_wconf 89' lang='lat' dir='ltr'>ad</span> <span class='ocrx_word' id='word_1_581' title='bbox 1982 2268 2125 2352; x_wconf 91' lang='lat' dir='ltr'>meliora,</span> <span class='ocrx_word' id='word_1_582' title='bbox 2145 2271 2263 2338; x_wconf 89' lang='lat' dir='ltr'>scilieet</span> <span class='ocrx_word' id='word_1_583' title='bbox 2277 2271 2317 2338; x_wconf 89' lang='lat' dir='ltr'>ad</span> <span class='ocrx_word' id='word_1_584' title='bbox 2339 2273 2435 2340; x_wconf 86' lang='lat' dir='ltr'>fidem</span> 
     </span>
     <span class='ocr_line' id='line_1_78' title="bbox 1472 2373 2435 2464; baseline 0.006 -24"><span class='ocrx_word' id='word_1_585' title='bbox 1472 2383 1505 2440; x_wconf 93' lang='lat' dir='ltr'>et</span> <span class='ocrx_word' id='word_1_586' title='bbox 1527 2375 1616 2462; x_wconf 81' lang='lat' dir='ltr'>Legis</span> <span class='ocrx_word' id='word_1_587' title='bbox 1646 2373 1895 2458; x_wconf 84' lang='lat' dir='ltr'>susceptionem3</span> <span class='ocrx_word' id='word_1_588' title='bbox 1930 2377 2161 2442; x_wconf 88' lang='lat' dir='ltr'>Deuteronomii</span> <span class='ocrx_word' id='word_1_589' title='bbox 2196 2377 2354 2464; x_wconf 80' lang='lat' dir='ltr'>trigesimo</span> <span class='ocrx_word' id='word_1_590' title='bbox 2375 2395 2435 2448; x_wconf 62' lang='lat' dir='ltr'>,se-</span> 
     </span>
     <span class='ocr_line' id='line_1_79' title="bbox 1472 2479 2433 2566; baseline 0.002 -18"><span class='ocrx_word' id='word_1_591' title='bbox 1472 2481 1590 2548; x_wconf 86' lang='lat' dir='ltr'>eundo:</span> <span class='ocrx_word' id='word_1_592' title='bbox 1620 2507 1636 2552; x_wconf 75' lang='grc' dir='ltr'>ε</span> <span class='ocrx_word' id='word_1_593' title='bbox 1652 2481 1738 2548; x_wconf 89' lang='lat' dir='ltr'>Sicut</span> <span class='ocrx_word' id='word_1_594' title='bbox 1761 2479 1867 2566; x_wconf 91' lang='lat' dir='ltr'>aquila</span> <span class='ocrx_word' id='word_1_595' title='bbox 1889 2497 2063 2564; x_wconf 72' lang='lat' dir='ltr'>provocans</span> <span class='ocrx_word' id='word_1_596' title='bbox 2078 2481 2118 2548; x_wconf 94' lang='lat' dir='ltr'>ad</span> <span class='ocrx_word' id='word_1_597' title='bbox 2134 2483 2301 2548; x_wconf 83' lang='lat' dir='ltr'>volandum</span> <span class='ocrx_word' id='word_1_598' title='bbox 2318 2509 2331 2542; x_wconf 74' lang='lat' dir='ltr'>i</span> <span class='ocrx_word' id='word_1_599' title='bbox 2360 2491 2433 2564; x_wconf 87' lang='lat' dir='ltr'>etc,</span> 
     </span>
     <span class='ocr_line' id='line_1_80' title="bbox 1471 2585 2433 2674; baseline 0.001 -20"><span class='ocrx_word' id='word_1_600' title='bbox 1471 2585 1713 2674; x_wconf 73' lang='lat' dir='ltr'>mapnideasti,</span> <span class='ocrx_word' id='word_1_601' title='bbox 1738 2587 1854 2654; x_wconf 86' lang='lat' dir='ltr'>seilicet</span> <span class='ocrx_word' id='word_1_602' title='bbox 1874 2587 1912 2652; x_wconf 92' lang='lat' dir='ltr'>ab</span> <span class='ocrx_word' id='word_1_603' title='bbox 1937 2586 1989 2652; x_wconf 91' lang='lat' dir='ltr'>illo</span> <span class='ocrx_word' id='word_1_604' title='bbox 2005 2587 2193 2656; x_wconf 90' lang='lat' dir='ltr'>exterminio</span> <span class='ocrx_word' id='word_1_605' title='bbox 2216 2589 2380 2674; x_wconf 81' lang='lat' dir='ltr'>magnifice</span> <span class='ocrx_word' id='word_1_606' title='bbox 2395 2589 2433 2656; x_wconf 89' lang='lat' dir='ltr'>li-</span> 
     </span>
     <span class='ocr_line' id='line_1_81' title="bbox 1472 2695 2412 2764; baseline 0.003 -4"><span class='ocrx_word' id='word_1_607' title='bbox 1472 2695 1623 2762; x_wconf 91' lang='lat' dir='ltr'>berando.</span> <span class='ocrx_word' id='word_1_608' title='bbox 2298 2761 2300 2764; x_wconf 84' lang='grc'><strong>,</strong></span> <span class='ocrx_word' id='word_1_609' title='bbox 2411 2703 2412 2706; x_wconf 76' lang='grc'>’</span> 
     </span>
     <span class='ocr_line' id='line_1_82' title="bbox 1562 2799 2566 2884; baseline 0.006 -17"><span class='ocrx_word' id='word_1_610' title='bbox 1562 2801 1662 2884; x_wconf 72' lang='lat' dir='ltr'>(Vero.</span> <span class='ocrx_word' id='word_1_611' title='bbox 1682 2801 1743 2882; x_wconf 77' lang='grc'><strong>6.).</strong></span> <span class='ocrx_word' id='word_1_612' title='bbox 1768 2799 1932 2866; x_wconf 84' lang='lat' dir='ltr'>Absconse</span> <span class='ocrx_word' id='word_1_613' title='bbox 1953 2801 2059 2878; x_wconf 87' lang='lat' dir='ltr'>enine,</span> <span class='ocrx_word' id='word_1_614' title='bbox 2081 2799 2198 2866; x_wconf 88' lang='lat' dir='ltr'>scilieet</span> <span class='ocrx_word' id='word_1_615' title='bbox 2221 2809 2350 2884; x_wconf 92' lang='lat' dir='ltr'>propter</span> <span class='ocrx_word' id='word_1_616' title='bbox 2367 2819 2432 2868; x_wconf 93' lang='lat' dir='ltr'>me·</span> <span class='ocrx_word' id='word_1_617' title='bbox 2453 2817 2566 2872; x_wconf 74' lang='lat' dir='ltr'>quanam.</span> 
     </span>
     <span class='ocr_line' id='line_1_83' title="bbox 1472 2907 2433 2994; baseline 0 -20"><span class='ocrx_word' id='word_1_618' title='bbox 1472 2913 1539 2974; x_wconf 91' lang='lat' dir='ltr'>tum</span> <span class='ocrx_word' id='word_1_619' title='bbox 1572 2907 1812 2992; x_wconf 74' lang='lat' dir='ltr'>aegyptiorum,</span> <span class='ocrx_word' id='word_1_620' title='bbox 1841 2907 2016 2974; x_wconf 89' lang='lat' dir='ltr'>secandum</span> <span class='ocrx_word' id='word_1_621' title='bbox 2045 2907 2184 2974; x_wconf 86' lang='lat' dir='ltr'>Glossam</span> <span class='ocrx_word' id='word_1_622' title='bbox 2202 2907 2232 2986; x_wconf 82' lang='grc'>8;</span> <span class='ocrx_word' id='word_1_623' title='bbox 2258 2907 2433 2994; x_wconf 72' lang='lat' dir='ltr'>sacrifiea-</span> 
     </span>
     <span class='ocr_line' id='line_1_84' title="bbox 1472 3012 2432 3098; baseline 0.005 -20"><span class='ocrx_word' id='word_1_624' title='bbox 1472 3013 1578 3092; x_wconf 88' lang='lat' dir='ltr'>bent,</span> <span class='ocrx_word' id='word_1_625' title='bbox 1593 3012 1841 3096; x_wconf 82' lang='lat' dir='ltr'>sciticatpascha</span> <span class='ocrx_word' id='word_1_626' title='bbox 1865 3013 2063 3092; x_wconf 91' lang='lat' dir='ltr'>immolando,</span> <span class='ocrx_word' id='word_1_627' title='bbox 2086 3021 2123 3080; x_wconf 91' lang='lat' dir='ltr'>ut</span> <span class='ocrx_word' id='word_1_628' title='bbox 2138 3021 2221 3098; x_wconf 86' lang='lat' dir='ltr'>patet</span> <span class='ocrx_word' id='word_1_629' title='bbox 2240 3015 2335 3082; x_wconf 91' lang='lat' dir='ltr'>Exodi</span> <span class='ocrx_word' id='word_1_630' title='bbox 2352 3015 2432 3082; x_wconf 91' lang='lat' dir='ltr'>duo-</span> 
     </span>
     <span class='ocr_line' id='line_1_85' title="bbox 1471 3113 2433 3204; baseline 0.003 -18"><span class='ocrx_word' id='word_1_631' title='bbox 1471 3121 1599 3186; x_wconf 89' lang='lat' dir='ltr'>decimo.</span> <span class='ocrx_word' id='word_1_632' title='bbox 1629 3119 1713 3184; x_wconf 80' lang='lat' dir='ltr'>lasti</span> <span class='ocrx_word' id='word_1_633' title='bbox 1730 3113 1845 3204; x_wconf 84' lang='lat' dir='ltr'>pueri,</span> <span class='ocrx_word' id='word_1_634' title='bbox 1872 3119 1988 3186; x_wconf 90' lang='lat' dir='ltr'>scilieet</span> <span class='ocrx_word' id='word_1_635' title='bbox 2012 3119 2085 3198; x_wconf 87' lang='lat' dir='ltr'>lilii,</span> <span class='ocrx_word' id='word_1_636' title='bbox 2110 3121 2288 3200; x_wconf 83' lang='lat' dir='ltr'>benorum,</span> <span class='ocrx_word' id='word_1_637' title='bbox 2315 3121 2433 3188; x_wconf 89' lang='lat' dir='ltr'>seilicet</span> 
     </span>
     <span class='ocr_line' id='line_1_86' title="bbox 1471 3225 2433 3312; baseline 0.002 -20"><span class='ocrx_word' id='word_1_638' title='bbox 1471 3225 1702 3304; x_wconf 87' lang='lat' dir='ltr'>lsraelitarum‚</span> <span class='ocrx_word' id='word_1_639' title='bbox 1725 3241 1796 3292; x_wconf 82' lang='lat' dir='ltr'>crim</span> <span class='ocrx_word' id='word_1_640' title='bbox 1823 3225 1897 3310; x_wconf 91' lang='lat' dir='ltr'>ipsis</span> <span class='ocrx_word' id='word_1_641' title='bbox 1919 3225 2064 3310; x_wconf 89' lang='lat' dir='ltr'>patribus</span> <span class='ocrx_word' id='word_1_642' title='bbox 2087 3225 2169 3304; x_wconf 87' lang='grc' dir='ltr'>εεῖε,</span> <span class='ocrx_word' id='word_1_643' title='bbox 2195 3235 2323 3312; x_wconf 87' lang='lat' dir='ltr'>propter</span> <span class='ocrx_word' id='word_1_644' title='bbox 2347 3229 2433 3312; x_wconf 92' lang='lat' dir='ltr'>quod</span> 
     </span>
     <span class='ocr_line' id='line_1_87' title="bbox 1471 3331 2432 3418; baseline 0.002 -20"><span class='ocrx_word' id='word_1_645' title='bbox 1471 3337 1659 3400; x_wconf 90' lang='lat' dir='ltr'>meruerunt</span> <span class='ocrx_word' id='word_1_646' title='bbox 1684 3331 1827 3410; x_wconf 90' lang='lat' dir='ltr'>liberari,</span> <span class='ocrx_word' id='word_1_647' title='bbox 1851 3331 2071 3416; x_wconf 76' lang='lat' dir='ltr'>Aegyptiorum</span> <span class='ocrx_word' id='word_1_648' title='bbox 2096 3333 2312 3418; x_wconf 69' lang='lat' dir='ltr'>primogenitis</span> <span class='ocrx_word' id='word_1_649' title='bbox 2333 3333 2432 3402; x_wconf 92' lang='lat' dir='ltr'>iuter-</span> 
     </span>
     <span class='ocr_line' id='line_1_88' title="bbox 1470 3437 2431 3524; baseline 0.006 -20"><span class='ocrx_word' id='word_1_650' title='bbox 1470 3439 1568 3506; x_wconf 85' lang='lat' dir='ltr'>fectis.</span> <span class='ocrx_word' id='word_1_651' title='bbox 1595 3439 1634 3502; x_wconf 84' lang='lat' dir='ltr'>Et</span> <span class='ocrx_word' id='word_1_652' title='bbox 1657 3437 1804 3502; x_wconf 81' lang='lat' dir='ltr'>tristitiae</span> <span class='ocrx_word' id='word_1_653' title='bbox 1829 3439 1943 3524; x_wconf 77' lang='lat' dir='ltr'>tepens,</span> <span class='ocrx_word' id='word_1_654' title='bbox 1967 3439 2083 3506; x_wconf 89' lang='lat' dir='ltr'>scilieet</span> <span class='ocrx_word' id='word_1_655' title='bbox 2098 3439 2218 3518; x_wconf 90' lang='lat' dir='ltr'>datam,</span> <span class='ocrx_word' id='word_1_656' title='bbox 2245 3441 2376 3522; x_wconf 87' lang='lat' dir='ltr'>ibidem,</span> <span class='ocrx_word' id='word_1_657' title='bbox 2392 3445 2431 3510; x_wconf 91' lang='lat' dir='ltr'>de</span> 
     </span>
     <span class='ocr_line' id='line_1_89' title="bbox 1469 3543 2431 3633; baseline 0.007 -23"><span class='ocrx_word' id='word_1_658' title='bbox 1469 3543 1680 3612; x_wconf 89' lang='lat' dir='ltr'>immolatione</span> <span class='ocrx_word' id='word_1_659' title='bbox 1705 3545 1815 3628; x_wconf 85' lang='lat' dir='ltr'>phase,</span> <span class='ocrx_word' id='word_1_660' title='bbox 1840 3563 1920 3628; x_wconf 89' lang='lat' dir='ltr'>quae</span> <span class='ocrx_word' id='word_1_661' title='bbox 1945 3547 2033 3612; x_wconf 83' lang='lat' dir='ltr'>iaetu</span> <span class='ocrx_word' id='word_1_662' title='bbox 2066 3553 2149 3624; x_wconf 88' lang='lat' dir='ltr'>erat,</span> <span class='ocrx_word' id='word_1_663' title='bbox 2179 3547 2253 3633; x_wconf 91' lang='lat' dir='ltr'>quia</span> <span class='ocrx_word' id='word_1_664' title='bbox 2282 3547 2431 3616; x_wconf 84' lang='lat' dir='ltr'>iustifica-</span> 
     </span>
     <span class='ocr_line' id='line_1_90' title="bbox 1471 3649 2429 3736; baseline 0.004 -22"><span class='ocrx_word' id='word_1_665' title='bbox 1471 3649 1586 3716; x_wconf 91' lang='lat' dir='ltr'>tionem</span> <span class='ocrx_word' id='word_1_666' title='bbox 1618 3667 1674 3734; x_wconf 94' lang='lat' dir='ltr'>per</span> <span class='ocrx_word' id='word_1_667' title='bbox 1706 3657 1838 3716; x_wconf 93' lang='lat' dir='ltr'>mortem</span> <span class='ocrx_word' id='word_1_668' title='bbox 1865 3649 1977 3716; x_wconf 87' lang='lat' dir='ltr'>Christi</span> <span class='ocrx_word' id='word_1_669' title='bbox 2012 3649 2180 3716; x_wconf 86' lang='lat' dir='ltr'>faciendam</span> <span class='ocrx_word' id='word_1_670' title='bbox 2214 3651 2429 3736; x_wconf 80' lang='lat' dir='ltr'>significahat3</span> 
     </span>
     <span class='ocr_line' id='line_1_91' title="bbox 1469 3755 2431 3840; baseline 0.004 -20"><span class='ocrx_word' id='word_1_671' title='bbox 1469 3755 1542 3820; x_wconf 92' lang='lat' dir='ltr'>item</span> <span class='ocrx_word' id='word_1_672' title='bbox 1569 3755 1618 3820; x_wconf 84' lang='lat' dir='ltr'>leae</span> <span class='ocrx_word' id='word_1_673' title='bbox 1643 3755 1815 3832; x_wconf 81' lang='lat' dir='ltr'>dicebatur,</span> <span class='ocrx_word' id='word_1_674' title='bbox 1839 3757 1912 3838; x_wconf 90' lang='lat' dir='ltr'>quia</span> <span class='ocrx_word' id='word_1_675' title='bbox 1937 3755 2049 3840; x_wconf 82' lang='lat' dir='ltr'>ligabat</span> <span class='ocrx_word' id='word_1_676' title='bbox 2074 3755 2176 3822; x_wconf 91' lang='lat' dir='ltr'>adsui</span> <span class='ocrx_word' id='word_1_677' title='bbox 2201 3757 2431 3824; x_wconf 86' lang='lat' dir='ltr'>observantiam</span> 
     </span>
     <span class='ocr_line' id='line_1_92' title="bbox 1469 3863 2430 3952; baseline 0 -24"><span class='ocrx_word' id='word_1_678' title='bbox 1469 3883 1528 3948; x_wconf 92' lang='lat' dir='ltr'>pro</span> <span class='ocrx_word' id='word_1_679' title='bbox 1551 3869 1692 3946; x_wconf 89' lang='lat' dir='ltr'>tempore</span> <span class='ocrx_word' id='word_1_680' title='bbox 1708 3879 1775 3938; x_wconf 88' lang='lat' dir='ltr'>suo.</span> <span class='ocrx_word' id='word_1_681' title='bbox 1792 3863 1833 3926; x_wconf 87' lang='lat' dir='ltr'>ln</span> <span class='ocrx_word' id='word_1_682' title='bbox 1848 3863 2027 3952; x_wconf 87' lang='lat' dir='ltr'>eoncordia</span> <span class='ocrx_word' id='word_1_683' title='bbox 2050 3863 2300 3946; x_wconf 81' lang='lat' dir='ltr'>disposuerunt,</span> <span class='ocrx_word' id='word_1_684' title='bbox 2321 3863 2430 3944; x_wconf 87' lang='lat' dir='ltr'>idest,</span> 
     </span>
     <span class='ocr_line' id='line_1_93' title="bbox 1469 3967 2430 4054; baseline 0 -18"><span class='ocrx_word' id='word_1_685' title='bbox 1469 3967 1664 4036; x_wconf 91' lang='lat' dir='ltr'>concorditer</span> <span class='ocrx_word' id='word_1_686' title='bbox 1696 3973 1903 4050; x_wconf 90' lang='lat' dir='ltr'>susceperunt</span> <span class='ocrx_word' id='word_1_687' title='bbox 1925 3973 1957 4034; x_wconf 90' lang='lat' dir='ltr'>et</span> <span class='ocrx_word' id='word_1_688' title='bbox 1982 3967 2113 4054; x_wconf 88' lang='lat' dir='ltr'>implere</span> <span class='ocrx_word' id='word_1_689' title='bbox 2145 3977 2377 4054; x_wconf 86' lang='lat' dir='ltr'>proposuerunt</span> <span class='ocrx_word' id='word_1_690' title='bbox 2399 3979 2430 4036; x_wconf 91' lang='lat' dir='ltr'>et</span> 
     </span>
     <span class='ocr_line' id='line_1_94' title="bbox 1469 4073 2430 4168; baseline 0.002 -28"><span class='ocrx_word' id='word_1_691' title='bbox 1469 4075 1695 4168; x_wconf 82' lang='lat' dir='ltr'>iruplererunt3</span> <span class='ocrx_word' id='word_1_692' title='bbox 1714 4075 1795 4140; x_wconf 90' lang='lat' dir='ltr'>unde</span> <span class='ocrx_word' id='word_1_693' title='bbox 1820 4073 1849 4138; x_wconf 87' lang='lat' dir='ltr'>in</span> <span class='ocrx_word' id='word_1_694' title='bbox 1868 4075 1986 4140; x_wconf 84' lang='lat' dir='ltr'>Psalmo</span> <span class='ocrx_word' id='word_1_695' title='bbox 2000 4075 2027 4140; x_wconf 77' lang='lat'>⁹:</span> <span class='ocrx_word' id='word_1_696' title='bbox 2049 4099 2065 4132; x_wconf 75' lang='grc' dir='ltr'>ε</span> <span class='ocrx_word' id='word_1_697' title='bbox 2078 4075 2268 4162; x_wconf 80' lang='lat' dir='ltr'>Congregate</span> <span class='ocrx_word' id='word_1_698' title='bbox 2289 4075 2334 4142; x_wconf 90' lang='lat' dir='ltr'>illi</span> <span class='ocrx_word' id='word_1_699' title='bbox 2354 4077 2430 4142; x_wconf 87' lang='lat' dir='ltr'>San-</span> 
     </span>
     <span class='ocr_line' id='line_1_95' title="bbox 1469 4167 2430 4266; baseline 0.002 -20"><span class='ocrx_word' id='word_1_700' title='bbox 1469 4167 1536 4248; x_wconf 91' lang='lat' dir='ltr'>ctos</span> <span class='ocrx_word' id='word_1_701' title='bbox 1557 4181 1645 4260; x_wconf 91' lang='lat' dir='ltr'>eius,</span> <span class='ocrx_word' id='word_1_702' title='bbox 1668 4181 1723 4264; x_wconf 89' lang='lat' dir='ltr'>qui</span> <span class='ocrx_word' id='word_1_703' title='bbox 1746 4179 1893 4246; x_wconf 89' lang='lat' dir='ltr'>ordinant</span> <span class='ocrx_word' id='word_1_704' title='bbox 1922 4187 2143 4246; x_wconf 88' lang='lat' dir='ltr'>testamentum</span> <span class='ocrx_word' id='word_1_705' title='bbox 2166 4181 2235 4246; x_wconf 92' lang='lat' dir='ltr'>eius</span> <span class='ocrx_word' id='word_1_706' title='bbox 2260 4201 2354 4266; x_wconf 93' lang='lat' dir='ltr'>super</span> <span class='ocrx_word' id='word_1_707' title='bbox 2383 4201 2430 4248; x_wconf 89' lang='lat' dir='ltr'>sa-</span> 
     </span>
     <span class='ocr_line' id='line_1_96' title="bbox 1469 4285 2431 4372; baseline 0.001 -18"><span class='ocrx_word' id='word_1_708' title='bbox 1469 4285 1632 4354; x_wconf 79' lang='lat' dir='ltr'>crificia».</span> <span class='ocrx_word' id='word_1_709' title='bbox 1659 4285 1829 4366; x_wconf 85' lang='lat' dir='ltr'>Similiter,</span> <span class='ocrx_word' id='word_1_710' title='bbox 1856 4287 1964 4354; x_wconf 91' lang='lat' dir='ltr'>idest</span> <span class='ocrx_word' id='word_1_711' title='bbox 1993 4287 2229 4372; x_wconf 87' lang='lat' dir='ltr'>aequanimiter,</span> <span class='ocrx_word' id='word_1_712' title='bbox 2256 4287 2379 4354; x_wconf 85' lang='lat' dir='ltr'>bena¹⁰</span> <span class='ocrx_word' id='word_1_713' title='bbox 2401 4297 2431 4354; x_wconf 90' lang='grc' dir='ltr'>θῖ</span> 
     </span>
     <span class='ocr_line' id='line_1_97' title="bbox 1469 4393 2427 4480; baseline 0 -20"><span class='ocrx_word' id='word_1_714' title='bbox 1469 4393 1580 4474; x_wconf 84' lang='lat' dir='ltr'>mata,</span> <span class='ocrx_word' id='word_1_715' title='bbox 1603 4393 1635 4460; x_wconf 92' lang='lat' dir='ltr'>id</span> <span class='ocrx_word' id='word_1_716' title='bbox 1652 4401 1698 4460; x_wconf 90' lang='lat' dir='ltr'>est</span> <span class='ocrx_word' id='word_1_717' title='bbox 1714 4411 1863 4478; x_wconf 89' lang='lat' dir='ltr'>prospera</span> <span class='ocrx_word' id='word_1_718' title='bbox 1884 4397 1914 4460; x_wconf 92' lang='lat' dir='ltr'>et</span> <span class='ocrx_word' id='word_1_719' title='bbox 1937 4393 2083 4474; x_wconf 85' lang='lat' dir='ltr'>adversa,</span> <span class='ocrx_word' id='word_1_720' title='bbox 2105 4401 2292 4480; x_wconf 81' lang='lat' dir='ltr'>recepturos</span> <span class='ocrx_word' id='word_1_721' title='bbox 2310 4395 2427 4474; x_wconf 83' lang='lat' dir='ltr'>iustos,</span> 
     </span>
     <span class='ocr_line' id='line_1_98' title="bbox 1468 4497 2429 4584; baseline 0.001 -20"><span class='ocrx_word' id='word_1_722' title='bbox 1468 4499 1587 4564; x_wconf 89' lang='lat' dir='ltr'>scilicet</span> <span class='ocrx_word' id='word_1_723' title='bbox 1610 4517 1643 4564; x_wconf 92' lang='lat' dir='ltr'>se</span> <span class='ocrx_word' id='word_1_724' title='bbox 1667 4497 1768 4582; x_wconf 88' lang='lat' dir='ltr'>ipsos;</span> <span class='ocrx_word' id='word_1_725' title='bbox 1793 4505 1920 4582; x_wconf 88' lang='lat' dir='ltr'>repete:</span> <span class='ocrx_word' id='word_1_726' title='bbox 1946 4497 2186 4582; x_wconf 88' lang='lat' dir='ltr'>disposuerunt,</span> <span class='ocrx_word' id='word_1_727' title='bbox 2210 4515 2429 4584; x_wconf 88' lang='lat' dir='ltr'>quaecamque</span> 
     </span>
     <span class='ocr_line' id='line_1_99' title="bbox 1469 4597 2535 4688; baseline -0.003 -18"><span class='ocrx_word' id='word_1_728' title='bbox 1469 4605 1552 4672; x_wconf 91' lang='lat' dir='ltr'>Deus</span> <span class='ocrx_word' id='word_1_729' title='bbox 1576 4597 1669 4670; x_wconf 84' lang='lat' dir='ltr'>vellet</span> <span class='ocrx_word' id='word_1_730' title='bbox 1691 4603 1826 4682; x_wconf 82' lang='lat' dir='ltr'>inferre3</span> <span class='ocrx_word' id='word_1_731' title='bbox 1850 4603 1903 4670; x_wconf 91' lang='lat' dir='ltr'>lob</span> <span class='ocrx_word' id='word_1_732' title='bbox 1925 4603 2080 4670; x_wconf 90' lang='lat' dir='ltr'>secundo:</span> <span class='ocrx_word' id='word_1_733' title='bbox 2108 4627 2124 4660; x_wconf 73' lang='lat' dir='ltr'>&lt;t</span> <span class='ocrx_word' id='word_1_734' title='bbox 2142 4603 2168 4668; x_wconf 86' lang='lat' dir='ltr'>Si</span> <span class='ocrx_word' id='word_1_735' title='bbox 2187 4603 2269 4670; x_wconf 91' lang='lat' dir='ltr'>bona</span> <span class='ocrx_word' id='word_1_736' title='bbox 2290 4603 2428 4688; x_wconf 87' lang='lat' dir='ltr'>suscepi·</span> <span class='ocrx_word' id='word_1_737' title='bbox 2534 4679 2535 4682; x_wconf 8' lang='grc' dir='ltr'><strong>Ἴ</strong></span> 
     </span>
     <span class='ocr_line' id='line_1_100' title="bbox 1470 4711 2428 4794; baseline -0.002 -16"><span class='ocrx_word' id='word_1_738' title='bbox 1470 4729 1541 4780; x_wconf 88' lang='lat' dir='ltr'>mus</span> <span class='ocrx_word' id='word_1_739' title='bbox 1563 4711 1602 4778; x_wconf 88' lang='lat' dir='ltr'>de</span> <span class='ocrx_word' id='word_1_740' title='bbox 1626 4729 1723 4776; x_wconf 81' lang='lat' dir='ltr'>triana</span> <span class='ocrx_word' id='word_1_741' title='bbox 1739 4711 1877 4788; x_wconf 92' lang='lat' dir='ltr'>Domini,</span> <span class='ocrx_word' id='word_1_742' title='bbox 1902 4729 2000 4794; x_wconf 85' lang='lat' dir='ltr'>quare</span> <span class='ocrx_word' id='word_1_743' title='bbox 2024 4717 2127 4778; x_wconf 90' lang='lat' dir='ltr'>autem</span> <span class='ocrx_word' id='word_1_744' title='bbox 2148 4712 2226 4778; x_wconf 90' lang='lat' dir='ltr'>mala</span> <span class='ocrx_word' id='word_1_745' title='bbox 2249 4731 2310 4778; x_wconf 93' lang='lat' dir='ltr'>non</span> <span class='ocrx_word' id='word_1_746' title='bbox 2335 4711 2428 4778; x_wconf 88' lang='lat' dir='ltr'>susti-</span> 
     </span>
    </p>
   </div>
   <div class='ocr_carea' id='block_1_13' title="bbox 1469 4807 2429 5212">
    <p class='ocr_par' dir='ltr' id='par_1_31' title="bbox 1469 4807 2429 5212">
     <span class='ocr_line' id='line_1_101' title="bbox 1469 4807 2428 4902; baseline 0.002 -22"><span class='ocrx_word' id='word_1_747' title='bbox 1469 4807 1600 4882; x_wconf 86' lang='lat' dir='ltr'>neamus</span> <span class='ocrx_word' id='word_1_748' title='bbox 1611 4843 1626 4874; x_wconf 87' lang='lat'>»</span> <span class='ocrx_word' id='word_1_749' title='bbox 1642 4823 1654 4882; x_wconf 83' lang='lat' dir='ltr'>t</span> <span class='ocrx_word' id='word_1_750' title='bbox 1670 4817 1744 4884; x_wconf 92' lang='lat' dir='ltr'>ltem</span> <span class='ocrx_word' id='word_1_751' title='bbox 1772 4819 1870 4882; x_wconf 86' lang='lat' dir='ltr'>Lucae</span> <span class='ocrx_word' id='word_1_752' title='bbox 1886 4815 2006 4882; x_wconf 92' lang='lat' dir='ltr'>decimo</span> <span class='ocrx_word' id='word_1_753' title='bbox 2023 4823 2130 4882; x_wconf 90' lang='lat' dir='ltr'>sexto:</span> <span class='ocrx_word' id='word_1_754' title='bbox 2153 4843 2168 4876; x_wconf 75' lang='grc' dir='ltr'>ε</span> <span class='ocrx_word' id='word_1_755' title='bbox 2180 4817 2333 4902; x_wconf 87' lang='lat' dir='ltr'>Recepisti</span> <span class='ocrx_word' id='word_1_756' title='bbox 2347 4815 2428 4882; x_wconf 92' lang='lat' dir='ltr'>bona</span> 
     </span>
     <span class='ocr_line' id='line_1_102' title="bbox 1469 4921 2429 5002; baseline 0 -16"><span class='ocrx_word' id='word_1_757' title='bbox 1469 4921 1500 4986; x_wconf 93' lang='lat' dir='ltr'>in</span> <span class='ocrx_word' id='word_1_758' title='bbox 1523 4921 1586 4986; x_wconf 88' lang='lat' dir='ltr'>vita</span> <span class='ocrx_word' id='word_1_759' title='bbox 1601 4928 1676 5002; x_wconf 87' lang='lat' dir='ltr'>tua,</span> <span class='ocrx_word' id='word_1_760' title='bbox 1689 4929 1720 4988; x_wconf 91' lang='lat' dir='ltr'>et</span> <span class='ocrx_word' id='word_1_761' title='bbox 1736 4921 1871 4988; x_wconf 85' lang='lat' dir='ltr'>Lazarus</span> <span class='ocrx_word' id='word_1_762' title='bbox 1896 4921 2037 4988; x_wconf 91' lang='lat' dir='ltr'>similiter</span> <span class='ocrx_word' id='word_1_763' title='bbox 2052 4921 2175 4988; x_wconf 82' lang='lat' dir='ltr'>mala».</span> <span class='ocrx_word' id='word_1_764' title='bbox 2198 4921 2335 4988; x_wconf 79' lang='lat' dir='ltr'>Patriae</span> <span class='ocrx_word' id='word_1_765' title='bbox 2355 4921 2429 4986; x_wconf 87' lang='lat' dir='ltr'>tau-</span> 
     </span>
     <span class='ocr_line' id='line_1_103' title="bbox 1469 5027 2427 5112; baseline 0 -20"><span class='ocrx_word' id='word_1_766' title='bbox 1469 5029 1542 5106; x_wconf 81' lang='lat' dir='ltr'>des,</span> <span class='ocrx_word' id='word_1_767' title='bbox 1565 5027 1598 5094; x_wconf 93' lang='lat' dir='ltr'>id</span> <span class='ocrx_word' id='word_1_768' title='bbox 1628 5033 1716 5094; x_wconf 91' lang='lat' dir='ltr'>esta</span> <span class='ocrx_word' id='word_1_769' title='bbox 1746 5027 1890 5112; x_wconf 92' lang='lat' dir='ltr'>patribus</span> <span class='ocrx_word' id='word_1_770' title='bbox 1914 5027 2072 5094; x_wconf 89' lang='lat' dir='ltr'>institutas</span> <span class='ocrx_word' id='word_1_771' title='bbox 2097 5035 2128 5094; x_wconf 94' lang='lat' dir='ltr'>et</span> <span class='ocrx_word' id='word_1_772' title='bbox 2159 5029 2346 5106; x_wconf 88' lang='lat' dir='ltr'>celebratas,</span> <span class='ocrx_word' id='word_1_773' title='bbox 2376 5029 2427 5092; x_wconf 88' lang='lat' dir='ltr'>de-</span> 
     </span>
     <span class='ocr_line' id='line_1_104' title="bbox 1469 5131 2427 5212; baseline 0 -14"><span class='ocrx_word' id='word_1_774' title='bbox 1469 5141 1659 5212; x_wconf 80' lang='lat' dir='ltr'>cantantea,</span> <span class='ocrx_word' id='word_1_775' title='bbox 1683 5131 1716 5198; x_wconf 90' lang='lat' dir='ltr'>id</span> <span class='ocrx_word' id='word_1_776' title='bbox 1745 5139 1793 5200; x_wconf 89' lang='lat' dir='ltr'>est</span> <span class='ocrx_word' id='word_1_777' title='bbox 1822 5133 1932 5200; x_wconf 79' lang='lat' dir='ltr'>caica</span> <span class='ocrx_word' id='word_1_778' title='bbox 1965 5138 2142 5212; x_wconf 84' lang='lat' dir='ltr'>cantantes,</span> <span class='ocrx_word' id='word_1_779' title='bbox 2173 5133 2275 5200; x_wconf 91' lang='lat' dir='ltr'>Deum</span> <span class='ocrx_word' id='word_1_780' title='bbox 2312 5131 2427 5200; x_wconf 88' lang='lat' dir='ltr'>scilieet</span> 
     </span>
    </p>
   </div>
   <div class='ocr_carea' id='block_1_14' title="bbox 1467 5503 2437 6994">
    <p class='ocr_par' dir='ltr' id='par_1_32' title="bbox 1470 5503 2427 5662">
     <span class='ocr_line' id='line_1_105' title="bbox 1540 5503 2427 5574; baseline 0.002 -16"><span class='ocrx_word' id='word_1_781' title='bbox 1540 5503 1549 5534; x_wconf 68' lang='lat'>²</span> <span class='ocrx_word' id='word_1_782' title='bbox 1569 5507 1680 5572; x_wconf 79' lang='lat' dir='ltr'>Vulgata</span> <span class='ocrx_word' id='word_1_783' title='bbox 1700 5507 1933 5572; x_wconf 59' lang='lat' dir='ltr'>andsitandans</span> <span class='ocrx_word' id='word_1_784' title='bbox 1955 5507 2121 5574; x_wconf 90' lang='lat' dir='ltr'>quodetiam</span> <span class='ocrx_word' id='word_1_785' title='bbox 2144 5509 2215 5560; x_wconf 88' lang='lat' dir='ltr'>card.</span> <span class='ocrx_word' id='word_1_786' title='bbox 2237 5509 2314 5574; x_wconf 84' lang='lat' dir='ltr'>lingo</span> <span class='ocrx_word' id='word_1_787' title='bbox 2339 5513 2362 5560; x_wconf 93' lang='lat' dir='ltr'>et</span> <span class='ocrx_word' id='word_1_788' title='bbox 2381 5509 2427 5572; x_wconf 82' lang='lat' dir='ltr'>Ly·</span> 
     </span>
     <span class='ocr_line' id='line_1_106' title="bbox 1470 5583 2117 5662; baseline 0.003 -16"><span class='ocrx_word' id='word_1_789' title='bbox 1470 5609 1549 5648; x_wconf 80' lang='lat' dir='ltr'>ratius</span> <span class='ocrx_word' id='word_1_790' title='bbox 1567 5593 1697 5648; x_wconf 81' lang='lat' dir='ltr'>exhibent.</span> <span class='ocrx_word' id='word_1_791' title='bbox 1719 5623 1749 5632; x_wconf 88' lang='lat'><em>-</em></span> <span class='ocrx_word' id='word_1_792' title='bbox 1772 5595 1893 5662; x_wconf 87' lang='lat' dir='ltr'>Sequitur</span> <span class='ocrx_word' id='word_1_793' title='bbox 1913 5595 1986 5648; x_wconf 85' lang='lat' dir='ltr'>Dent.</span> <span class='ocrx_word' id='word_1_794' title='bbox 2005 5597 2052 5662; x_wconf 84' lang='grc'>32,</span> <span class='ocrx_word' id='word_1_795' title='bbox 2075 5583 2117 5648; x_wconf 73' lang='lat' dir='ltr'>tt.</span> 
     </span>
    </p>

    <p class='ocr_par' dir='ltr' id='par_1_33' title="bbox 1469 5679 2427 6208">
     <span class='ocr_line' id='line_1_107' title="bbox 1541 5679 2427 5752; baseline 0.005 -18"><span class='ocrx_word' id='word_1_796' title='bbox 1541 5679 1551 5712; x_wconf 80' lang='lat'>⁸</span> <span class='ocrx_word' id='word_1_797' title='bbox 1571 5683 1673 5738; x_wconf 86' lang='lat' dir='ltr'>Scilicet</span> <span class='ocrx_word' id='word_1_798' title='bbox 1683 5683 1855 5738; x_wconf 83' lang='lat' dir='ltr'>ordinatiane</span> <span class='ocrx_word' id='word_1_799' title='bbox 1868 5699 1899 5736; x_wconf 91' lang='lat' dir='ltr'>ex</span> <span class='ocrx_word' id='word_1_800' title='bbox 1912 5683 2034 5738; x_wconf 85' lang='lat' dir='ltr'>Rabauo:</span> <span class='ocrx_word' id='word_1_801' title='bbox 2048 5687 2148 5740; x_wconf 87' lang='lat' dir='ltr'>Exinde</span> <span class='ocrx_word' id='word_1_802' title='bbox 2160 5685 2229 5752; x_wconf 85' lang='lat' dir='ltr'>dicit,</span> <span class='ocrx_word' id='word_1_803' title='bbox 2242 5699 2289 5738; x_wconf 89' lang='lat' dir='ltr'>eos</span> <span class='ocrx_word' id='word_1_804' title='bbox 2300 5683 2427 5740; x_wconf 79' lang='lat' dir='ltr'>abstante</span> 
     </span>
     <span class='ocr_line' id='line_1_108' title="bbox 1470 5773 2426 5846; baseline 0.002 -22"><span class='ocrx_word' id='word_1_805' title='bbox 1470 5773 1644 5840; x_wconf 82' lang='lat' dir='ltr'>sacriticasse,</span> <span class='ocrx_word' id='word_1_806' title='bbox 1664 5773 1725 5840; x_wconf 92' lang='lat' dir='ltr'>quia</span> <span class='ocrx_word' id='word_1_807' title='bbox 1745 5781 1815 5826; x_wconf 90' lang='lat' dir='ltr'>metu</span> <span class='ocrx_word' id='word_1_808' title='bbox 1837 5775 1951 5846; x_wconf 83' lang='lat' dir='ltr'>hostium</span> <span class='ocrx_word' id='word_1_809' title='bbox 1971 5775 1996 5826; x_wconf 90' lang='lat' dir='ltr'>id</span> <span class='ocrx_word' id='word_1_810' title='bbox 2016 5777 2115 5828; x_wconf 87' lang='lat' dir='ltr'>occulte</span> <span class='ocrx_word' id='word_1_811' title='bbox 2135 5773 2277 5840; x_wconf 85' lang='lat' dir='ltr'>iaciebant,</span> <span class='ocrx_word' id='word_1_812' title='bbox 2296 5773 2342 5826; x_wconf 90' lang='lat' dir='ltr'>nbi</span> <span class='ocrx_word' id='word_1_813' title='bbox 2354 5779 2378 5826; x_wconf 92' lang='lat' dir='ltr'>et</span> <span class='ocrx_word' id='word_1_814' title='bbox 2392 5775 2426 5826; x_wconf 91' lang='lat' dir='ltr'>le·</span> 
     </span>
     <span class='ocr_line' id='line_1_109' title="bbox 1470 5861 2427 5932; baseline -0.002 -18"><span class='ocrx_word' id='word_1_815' title='bbox 1470 5875 1531 5926; x_wconf 82' lang='lat' dir='ltr'>gem</span> <span class='ocrx_word' id='word_1_816' title='bbox 1550 5863 1677 5926; x_wconf 86' lang='lat' dir='ltr'>paschae,</span> <span class='ocrx_word' id='word_1_817' title='bbox 1696 5875 1766 5930; x_wconf 89' lang='lat' dir='ltr'>quae</span> <span class='ocrx_word' id='word_1_818' title='bbox 1790 5863 1914 5926; x_wconf 88' lang='lat' dir='ltr'>deinceps</span> <span class='ocrx_word' id='word_1_819' title='bbox 1937 5863 2065 5916; x_wconf 86' lang='lat' dir='ltr'>servanda</span> <span class='ocrx_word' id='word_1_820' title='bbox 2086 5869 2154 5932; x_wconf 85' lang='lat' dir='ltr'>erat,</span> <span class='ocrx_word' id='word_1_821' title='bbox 2172 5875 2221 5926; x_wconf 90' lang='lat' dir='ltr'>per</span> <span class='ocrx_word' id='word_1_822' title='bbox 2238 5863 2344 5926; x_wconf 84' lang='lat' dir='ltr'>hloysen</span> <span class='ocrx_word' id='word_1_823' title='bbox 2363 5861 2427 5914; x_wconf 91' lang='lat' dir='ltr'>didi·</span> 
     </span>
     <span class='ocr_line' id='line_1_110' title="bbox 1470 5951 2424 6018; baseline 0 -16"><span class='ocrx_word' id='word_1_824' title='bbox 1470 5959 1561 6004; x_wconf 88' lang='lat' dir='ltr'>eernnt</span> <span class='ocrx_word' id='word_1_825' title='bbox 1578 5957 1626 6004; x_wconf 85' lang='lat' dir='ltr'>ete.</span> <span class='ocrx_word' id='word_1_826' title='bbox 1646 5977 1681 5990; x_wconf 89' lang='lat'><em>-</em></span> <span class='ocrx_word' id='word_1_827' title='bbox 1702 5951 1782 6004; x_wconf 86' lang='lat' dir='ltr'>Exod.</span> <span class='ocrx_word' id='word_1_828' title='bbox 1802 5953 1848 6018; x_wconf 86' lang='grc' dir='ltr'>ῖ2,</span> <span class='ocrx_word' id='word_1_829' title='bbox 1868 5953 1894 6002; x_wconf 87' lang='grc'>3.</span> <span class='ocrx_word' id='word_1_830' title='bbox 1917 5965 1989 6018; x_wconf 89' lang='lat' dir='ltr'>seqq.</span> <span class='ocrx_word' id='word_1_831' title='bbox 2016 5951 2094 6004; x_wconf 87' lang='lat' dir='ltr'>datur</span> <span class='ocrx_word' id='word_1_832' title='bbox 2117 5951 2181 6004; x_wconf 90' lang='lat' dir='ltr'>ritus</span> <span class='ocrx_word' id='word_1_833' title='bbox 2207 5955 2232 6004; x_wconf 93' lang='lat' dir='ltr'>et</span> <span class='ocrx_word' id='word_1_834' title='bbox 2255 5957 2424 6016; x_wconf 88' lang='lat' dir='ltr'>praeceptum</span> 
     </span>
     <span class='ocr_line' id='line_1_111' title="bbox 1469 6037 2425 6106; baseline -0.003 -16"><span class='ocrx_word' id='word_1_835' title='bbox 1469 6039 1531 6104; x_wconf 79' lang='lat' dir='ltr'>agni</span> <span class='ocrx_word' id='word_1_836' title='bbox 1551 6039 1680 6104; x_wconf 87' lang='lat' dir='ltr'>paschalis</span> <span class='ocrx_word' id='word_1_837' title='bbox 1698 6039 1851 6092; x_wconf 90' lang='lat' dir='ltr'>immolandi</span> <span class='ocrx_word' id='word_1_838' title='bbox 1869 6045 1896 6092; x_wconf 90' lang='lat' dir='ltr'>et</span> <span class='ocrx_word' id='word_1_839' title='bbox 1914 6039 2087 6102; x_wconf 80' lang='lat' dir='ltr'>comedendi,</span> <span class='ocrx_word' id='word_1_840' title='bbox 2105 6039 2139 6092; x_wconf 93' lang='lat' dir='ltr'>de</span> <span class='ocrx_word' id='word_1_841' title='bbox 2157 6055 2211 6106; x_wconf 93' lang='lat' dir='ltr'>quo</span> <span class='ocrx_word' id='word_1_842' title='bbox 2223 6053 2296 6106; x_wconf 88' lang='lat' dir='ltr'>seqq.</span> <span class='ocrx_word' id='word_1_843' title='bbox 2310 6039 2363 6090; x_wconf 93' lang='lat' dir='ltr'>duo</span> <span class='ocrx_word' id='word_1_844' title='bbox 2376 6037 2425 6090; x_wconf 88' lang='lat' dir='ltr'>loci</span> 
     </span>
     <span class='ocr_line' id='line_1_112' title="bbox 1469 6127 1949 6208; baseline -0.004 -28"><span class='ocrx_word' id='word_1_845' title='bbox 1469 6127 1570 6194; x_wconf 80' lang='lat' dir='ltr'>allegati</span> <span class='ocrx_word' id='word_1_846' title='bbox 1590 6133 1664 6194; x_wconf 88' lang='lat' dir='ltr'>sunt;</span> <span class='ocrx_word' id='word_1_847' title='bbox 1682 6129 1729 6180; x_wconf 87' lang='lat' dir='ltr'>etr.</span> <span class='ocrx_word' id='word_1_848' title='bbox 1746 6141 1825 6192; x_wconf 90' lang='lat' dir='ltr'>supra</span> <span class='ocrx_word' id='word_1_849' title='bbox 1846 6133 1906 6208; x_wconf 84' lang='lat' dir='ltr'>npta</span> <span class='ocrx_word' id='word_1_850' title='bbox 1925 6127 1949 6178; x_wconf 90' lang='grc'>6.</span> 
     </span>
    </p>

    <p class='ocr_par' dir='ltr' id='par_1_34' title="bbox 1467 6211 2437 6994">
     <span class='ocr_line' id='line_1_113' title="bbox 1541 6211 2426 6282; baseline 0 -14"><span class='ocrx_word' id='word_1_851' title='bbox 1541 6211 1665 6268; x_wconf 79' lang='lat' dir='ltr'>⁹Psalm.</span> <span class='ocrx_word' id='word_1_852' title='bbox 1684 6215 1734 6280; x_wconf 80' lang='lat' dir='ltr'>iti,</span> <span class='ocrx_word' id='word_1_853' title='bbox 1751 6217 1778 6270; x_wconf 84' lang='lat'>5.</span> <span class='ocrx_word' id='word_1_854' title='bbox 1798 6245 1830 6252; x_wconf 89' lang='lat'>-</span> <span class='ocrx_word' id='word_1_855' title='bbox 1851 6217 1884 6268; x_wconf 89' lang='lat' dir='ltr'>Ex</span> <span class='ocrx_word' id='word_1_856' title='bbox 1905 6215 1925 6268; x_wconf 83' lang='lat' dir='ltr'><strong>A</strong></span> <span class='ocrx_word' id='word_1_857' title='bbox 1943 6215 2127 6280; x_wconf 84' lang='lat' dir='ltr'>supplevimus</span> <span class='ocrx_word' id='word_1_858' title='bbox 2147 6217 2172 6268; x_wconf 92' lang='lat' dir='ltr'>et</span> <span class='ocrx_word' id='word_1_859' title='bbox 2194 6213 2304 6282; x_wconf 83' lang='lat' dir='ltr'>implere</span> <span class='ocrx_word' id='word_1_860' title='bbox 2324 6227 2426 6282; x_wconf 86' lang='lat' dir='ltr'>propo·</span> 
     </span>
     <span class='ocr_line' id='line_1_114' title="bbox 1468 6301 2318 6370; baseline -0.007 -11"><span class='ocrx_word' id='word_1_861' title='bbox 1468 6307 1591 6360; x_wconf 84' lang='lat' dir='ltr'>suerunt.</span> <span class='ocrx_word' id='word_1_862' title='bbox 1610 6307 1629 6358; x_wconf 89' lang='lat' dir='ltr'>B</span> <span class='ocrx_word' id='word_1_863' title='bbox 1649 6307 1729 6370; x_wconf 87' lang='lat' dir='ltr'>paulo</span> <span class='ocrx_word' id='word_1_864' title='bbox 1747 6305 1868 6370; x_wconf 86' lang='lat' dir='ltr'>superius</span> <span class='ocrx_word' id='word_1_865' title='bbox 1886 6309 1946 6370; x_wconf 90' lang='lat' dir='ltr'>post</span> <span class='ocrx_word' id='word_1_866' title='bbox 1965 6301 2102 6358; x_wconf 82' lang='lat' dir='ltr'>dicebatur</span> <span class='ocrx_word' id='word_1_867' title='bbox 2120 6303 2193 6358; x_wconf 88' lang='lat' dir='ltr'>addit</span> <span class='ocrx_word' id='word_1_868' title='bbox 2211 6305 2236 6358; x_wconf 85' lang='lat' dir='ltr'>et</span> <span class='ocrx_word' id='word_1_869' title='bbox 2251 6303 2318 6364; x_wconf 83' lang='lat' dir='ltr'>erat</span> 
     </span>
     <span class='ocr_line' id='line_1_115' title="bbox 1479 6391 2427 6462; baseline -0.004 -14"><span class='ocrx_word' id='word_1_870' title='bbox 1479 6435 1484 6448; x_wconf 92' lang='lat'>.</span> <span class='ocrx_word' id='word_1_871' title='bbox 1541 6391 1562 6424; x_wconf 84' lang='lat'>¹⁰</span> <span class='ocrx_word' id='word_1_872' title='bbox 1580 6397 1616 6448; x_wconf 90' lang='lat' dir='ltr'>lta</span> <span class='ocrx_word' id='word_1_873' title='bbox 1635 6395 1712 6446; x_wconf 90' lang='lat' dir='ltr'>etiam</span> <span class='ocrx_word' id='word_1_874' title='bbox 1738 6393 1874 6462; x_wconf 77' lang='lat' dir='ltr'>liabenuS,</span> <span class='ocrx_word' id='word_1_875' title='bbox 1893 6393 1967 6448; x_wconf 88' lang='lat' dir='ltr'>rard.</span> <span class='ocrx_word' id='word_1_876' title='bbox 1984 6395 2060 6460; x_wconf 83' lang='lat' dir='ltr'>Engo</span> <span class='ocrx_word' id='word_1_877' title='bbox 2079 6401 2105 6446; x_wconf 92' lang='lat' dir='ltr'>et</span> <span class='ocrx_word' id='word_1_878' title='bbox 2120 6393 2251 6458; x_wconf 86' lang='lat' dir='ltr'>Lyranns;</span> <span class='ocrx_word' id='word_1_879' title='bbox 2274 6391 2382 6454; x_wconf 80' lang='lat' dir='ltr'>Vulgata</span> <span class='ocrx_word' id='word_1_880' title='bbox 2402 6393 2427 6444; x_wconf 90' lang='lat' dir='ltr'>et</span> 
     </span>
     <span class='ocr_line' id='line_1_116' title="bbox 1469 6475 2437 6550; baseline -0.008 -12"><span class='ocrx_word' id='word_1_881' title='bbox 1469 6481 1552 6550; x_wconf 88' lang='lat' dir='ltr'>bena,</span> <span class='ocrx_word' id='word_1_882' title='bbox 1576 6497 1645 6550; x_wconf 89' lang='lat' dir='ltr'>quae</span> <span class='ocrx_word' id='word_1_883' title='bbox 1670 6481 1746 6532; x_wconf 89' lang='lat' dir='ltr'>otiam</span> <span class='ocrx_word' id='word_1_884' title='bbox 1773 6481 1879 6536; x_wconf 87' lang='lat' dir='ltr'>interius</span> <span class='ocrx_word' id='word_1_885' title='bbox 1907 6495 1954 6548; x_wconf 89' lang='lat' dir='ltr'>pro</span> <span class='ocrx_word' id='word_1_886' title='bbox 1975 6481 2097 6550; x_wconf 81' lang='lat' dir='ltr'>patriae,</span> <span class='ocrx_word' id='word_1_887' title='bbox 2121 6479 2192 6544; x_wconf 88' lang='lat' dir='ltr'>quod</span> <span class='ocrx_word' id='word_1_888' title='bbox 2220 6475 2322 6530; x_wconf 89' lang='lat' dir='ltr'>exhibet</span> <span class='ocrx_word' id='word_1_889' title='bbox 2348 6477 2437 6530; x_wconf 87' lang='lat' dir='ltr'>etiam</span> 
     </span>
     <span class='ocr_line' id='line_1_117' title="bbox 1468 6565 2424 6638; baseline -0.006 -12"><span class='ocrx_word' id='word_1_890' title='bbox 1468 6573 1539 6626; x_wconf 88' lang='lat' dir='ltr'>card.</span> <span class='ocrx_word' id='word_1_891' title='bbox 1559 6575 1634 6636; x_wconf 83' lang='lat' dir='ltr'>Hngo</span> <span class='ocrx_word' id='word_1_892' title='bbox 1654 6571 1680 6622; x_wconf 91' lang='lat' dir='ltr'>in</span> <span class='ocrx_word' id='word_1_893' title='bbox 1698 6577 1767 6622; x_wconf 91' lang='lat' dir='ltr'>textu</span> <span class='ocrx_word' id='word_1_894' title='bbox 1789 6577 1814 6622; x_wconf 91' lang='lat' dir='ltr'>et</span> <span class='ocrx_word' id='word_1_895' title='bbox 1831 6573 1949 6638; x_wconf 77' lang='lat' dir='ltr'>Lyranus</span> <span class='ocrx_word' id='word_1_896' title='bbox 1967 6571 1993 6622; x_wconf 90' lang='lat' dir='ltr'>iu</span> <span class='ocrx_word' id='word_1_897' title='bbox 2006 6569 2139 6634; x_wconf 79' lang='lat' dir='ltr'>margine,</span> <span class='ocrx_word' id='word_1_898' title='bbox 2153 6565 2286 6622; x_wconf 89' lang='lat' dir='ltr'>substituit</span> <span class='ocrx_word' id='word_1_899' title='bbox 2293 6571 2424 6634; x_wconf 61' lang='lat' dir='ltr'>petram·</span> 
     </span>
     <span class='ocr_line' id='line_1_118' title="bbox 1467 6655 2425 6724; baseline -0.002 -12"><span class='ocrx_word' id='word_1_900' title='bbox 1467 6661 1592 6714; x_wconf 87' lang='lat' dir='ltr'>Rabanus</span> <span class='ocrx_word' id='word_1_901' title='bbox 1610 6673 1675 6712; x_wconf 90' lang='lat' dir='ltr'>vero</span> <span class='ocrx_word' id='word_1_902' title='bbox 1693 6665 1719 6712; x_wconf 90' lang='lat' dir='ltr'>et</span> <span class='ocrx_word' id='word_1_903' title='bbox 1737 6661 1856 6724; x_wconf 85' lang='lat' dir='ltr'>Lyrauns</span> <span class='ocrx_word' id='word_1_904' title='bbox 1874 6661 1899 6712; x_wconf 92' lang='lat' dir='ltr'>in</span> <span class='ocrx_word' id='word_1_905' title='bbox 1921 6665 1989 6712; x_wconf 86' lang='lat' dir='ltr'>textu</span> <span class='ocrx_word' id='word_1_906' title='bbox 2008 6657 2091 6724; x_wconf 80' lang='lat' dir='ltr'>(eard.</span> <span class='ocrx_word' id='word_1_907' title='bbox 2110 6657 2185 6718; x_wconf 82' lang='lat' dir='ltr'>Hugo</span> <span class='ocrx_word' id='word_1_908' title='bbox 2198 6655 2226 6708; x_wconf 93' lang='lat' dir='ltr'>in</span> <span class='ocrx_word' id='word_1_909' title='bbox 2238 6655 2367 6724; x_wconf 81' lang='lat' dir='ltr'>margine)</span> <span class='ocrx_word' id='word_1_910' title='bbox 2378 6669 2425 6724; x_wconf 89' lang='lat' dir='ltr'>pe·</span> 
     </span>
     <span class='ocr_line' id='line_1_119' title="bbox 1468 6743 2423 6814; baseline -0.004 -12"><span class='ocrx_word' id='word_1_911' title='bbox 1468 6747 1505 6802; x_wconf 88' lang='lat' dir='ltr'>tri</span> <span class='ocrx_word' id='word_1_912' title='bbox 1522 6749 1663 6814; x_wconf 60' lang='lat' dir='ltr'>oninium·</span> <span class='ocrx_word' id='word_1_913' title='bbox 1682 6753 1707 6798; x_wconf 88' lang='lat' dir='ltr'>et</span> <span class='ocrx_word' id='word_1_914' title='bbox 1726 6749 1833 6802; x_wconf 81' lang='lat' dir='ltr'>deinum</span> <span class='ocrx_word' id='word_1_915' title='bbox 1854 6745 1914 6800; x_wconf 80' lang='lat' dir='ltr'>root</span> <span class='ocrx_word' id='word_1_916' title='bbox 1932 6745 2103 6800; x_wconf 78' lang='grc' dir='ltr'>ιῖθθθεῖεεῖθε</span> <span class='ocrx_word' id='word_1_917' title='bbox 2115 6743 2208 6796; x_wconf 84' lang='lat' dir='ltr'>eadem</span> <span class='ocrx_word' id='word_1_918' title='bbox 2222 6743 2342 6808; x_wconf 81' lang='lat' dir='ltr'>praefigit</span> <span class='ocrx_word' id='word_1_919' title='bbox 2354 6743 2423 6812; x_wconf 75' lang='lat' dir='ltr'>nne,</span> 
     </span>
     <span class='ocr_line' id='line_1_120' title="bbox 1467 6831 2424 6906; baseline -0.004 -16"><span class='ocrx_word' id='word_1_920' title='bbox 1467 6839 1541 6906; x_wconf 88' lang='lat' dir='ltr'>qnod</span> <span class='ocrx_word' id='word_1_921' title='bbox 1559 6837 1631 6888; x_wconf 85' lang='lat' dir='ltr'>card.</span> <span class='ocrx_word' id='word_1_922' title='bbox 1649 6837 1728 6902; x_wconf 83' lang='lat' dir='ltr'>Hugo</span> <span class='ocrx_word' id='word_1_923' title='bbox 1746 6843 1771 6890; x_wconf 90' lang='lat' dir='ltr'>et</span> <span class='ocrx_word' id='word_1_924' title='bbox 1790 6841 1908 6902; x_wconf 79' lang='lat' dir='ltr'>Lyranns</span> <span class='ocrx_word' id='word_1_925' title='bbox 1926 6835 2002 6886; x_wconf 89' lang='lat' dir='ltr'>etiam</span> <span class='ocrx_word' id='word_1_926' title='bbox 2022 6831 2154 6886; x_wconf 86' lang='lat' dir='ltr'>omittunt.</span> <span class='ocrx_word' id='word_1_927' title='bbox 2172 6859 2207 6872; x_wconf 94' lang='lat'><em>-</em></span> <span class='ocrx_word' id='word_1_928' title='bbox 2226 6831 2343 6888; x_wconf 89' lang='lat' dir='ltr'>Subinde</span> <span class='ocrx_word' id='word_1_929' title='bbox 2366 6835 2424 6886; x_wconf 89' lang='lat' dir='ltr'>alle·</span> 
     </span>
     <span class='ocr_line' id='line_1_121' title="bbox 1468 6921 1996 6994; baseline -0.004 -18"><span class='ocrx_word' id='word_1_930' title='bbox 1468 6931 1564 6994; x_wconf 80' lang='lat' dir='ltr'>gantur</span> <span class='ocrx_word' id='word_1_931' title='bbox 1582 6921 1627 6976; x_wconf 91' lang='lat' dir='ltr'>lob</span> <span class='ocrx_word' id='word_1_932' title='bbox 1647 6925 1678 6992; x_wconf 82' lang='grc'>2,</span> <span class='ocrx_word' id='word_1_933' title='bbox 1697 6925 1741 6976; x_wconf 90' lang='lat' dir='ltr'>to.</span> <span class='ocrx_word' id='word_1_934' title='bbox 1758 6931 1785 6976; x_wconf 89' lang='lat' dir='ltr'>et</span> <span class='ocrx_word' id='word_1_935' title='bbox 1803 6927 1866 6976; x_wconf 89' lang='lat' dir='ltr'>Luc.</span> <span class='ocrx_word' id='word_1_936' title='bbox 1886 6925 1934 6986; x_wconf 81' lang='lat' dir='ltr'>lb,</span> <span class='ocrx_word' id='word_1_937' title='bbox 1952 6923 1996 6974; x_wconf 79' lang='grc'>25.</span> 
     </span>
    </p>
   </div>
   <div class='ocr_carea' id='block_1_15' title="bbox 0 0 2954 8265">
    <p class='ocr_par' dir='ltr' id='par_1_35' title="bbox 0 0 2954 8265">
     <span class='ocr_line' id='line_1_122' title="bbox 0 0 2954 8265; baseline 0 0"><span class='ocrx_word' id='word_1_938' title='bbox 0 0 2954 8265; x_wconf 95' lang='lat' dir='ltr'> </span> 
     </span>
    </p>
   </div>
  </div>
 </body>
</html>
