5908 8266
1170 551 1362 616 contutans.
1387 551 1425 618 ΙΝ
1447 551 1664 620 striduntur
1688 553 1719 618 d.
1746 553 1816 620 vlit.

491 721 624 804 dabit»;
647 725 721 792 item
747 725 951 794 Ecclesiastici
974 725 1094 794 decimo
1119 725 1250 812 quinto:
1279 753 1295 786 u
1312 727 1451 812 Implevit
1482 731 1484 734 ’

494 847 569 896 eum
587 830 741 900 Dominus
764 833 879 918 spiritu
900 831 1101 918 sapientiae»
1130 839 1206 910 ειε.;
1231 831 1306 898 item
1322 831 1452 898 ibidem:

499 961 516 994 «
531 935 759 1004 iucunditatem
783 945 816 1004 et
836 937 1110 1004 exsultationem»
1140 943 1199 1004 etc.
1474 937 1476 942 ’

560 1163 646 1218 Tertio
665 1163 731 1216 idam
752 1163 897 1218 ostenditur
916 1179 949 1218 ex
967 1163 1054 1218 studio
1073 1161 1210 1234 quaerendi
1229 1163 1386 1234 sapientiam

893 1249 1045 1322 tripliciter.
1136 1271 1137 1274 ¹

582 1469 671 1532 Haec
695 1467 843 1552 cogitans
875 1471 933 1534 etc.
965 1467 1018 1534 llic
1051 1451 1143 1534 tertio
1174 1465 1323 1546 ostendit,
1352 1485 1451 1552 qnan-

492 1579 560 1642 tum
583 1573 733 1640 amaverit
765 1571 968 1658 sapientiam,
994 1579 1023 1640 et
1057 1574 1116 1640 hoc
1139 1589 1181 1640 ex
1214 1573 1325 1640 studio
1352 1593 1451 1662 quoe·

380 1691 470 1736 Divisio·
491 1679 588 1746 rendi
621 1697 704 1746 eam.
741 1679 777 1746 Ει
800 1679 885 1748 circa
917 1681 977 1748 hoc
1012 1679 1115 1766 primo
1148 1679 1283 1746 ostendit
1316 1679 1451 1766 4444944-

492 1785 575 1852 tiam
598 1787 795 1874 quaerenda
818 1787 967 1868 secundo,
992 1785 1209 1872 aptitudinem
1232 1785 1449 1870 suscipiendi:

491 1893 585 1958 Puer
608 1899 717 1958 autem
734 1913 844 1974 eram;
865 1895 972 1972 tertio,
991 1891 1152 1978 fiduciam
1177 1891 1392 1978 impetrandi:
1411 1895 1450 1958 la

488 2005 527 2066 ut
548 1999 640 2066 sciui.

591 2229 676 2284 Primo
698 2229 843 2284 ostenditur
861 2217 1002 2298 diligentia
1021 2227 1176 2300 sapientiam
1190 2225 1344 2300 'quaerendi

580 2427 611 2492 lo
640 2425 744 2510 prima
770 2427 858 2510 ponit
878 2433 943 2492 tres
969 2443 1080 2493 causas
1104 2431 1267 2492 moventes
1294 2423 1332 2492 ad
1353 2441 1449 2510 quae-

323 2543 466 2642 msqbnngqq
491 2531 626 2600 rendum
665 2531 847 2600 scientiam:
888 2533 988 2618 primo
1026 2533 1172 2600 effectum
1211 2531 1380 2618 sapientiae
1416 2531 1449 2598 in

469 2627 611 2714 'coram
647 2639 783 2706 secundo
818 2639 962 2708 ellectum
994 2639 1025 2706 in
1061 2657 1171 2726 quere:
1206 2639 1245 2704 Ει
1275 2639 1312 2706 in
1336 2639 1449 2726 ‘operi-

489 2745 571 2822 bus;
587 2745 695 2812 'tertio
718 2747 863 2814 ellectum
888 2747 918 2812 in
945 2745 1122 2812 locutione:
1147 2747 1189 2812 Et
1211 2745 1248 2812 in
1269 2745 1449 2812 certamine

488 2851 640 2942 loquelae.
749 2875 763 2886 ·’
939 2855 940 2858 ’

580 2959 680 3042 (Vens.
709 2961 783 3040 474.
813 2959 920 3038 llaec,
946 2959 1064 3026 scilicet
1085 2957 1269 3046 praemissa,
1294 2959 1449 3044 capitum

321 3079 471 3140 virescant·
488 3067 583 3152 apud
603 3085 669 3146 me,
696 3066 878 3154 frequenter
900 3067 939 3134 de
962 3067 1013 3134 his
1034 3065 1227 3146 meditando,
1252 3073 1279 3132 et
1312 3083 1448 3132 comme-

359 3135 443 3176 mmm

327 3187 417 3232 artem
433 3199 467 3232 a·
487 3191 628 3238 morans
644 3173 679 3238 in
692 3175 788 3240 corde
804 3193 891 3254 meo,
911 3173 1028 3240 scilicet
1048 3173 1224 3256 sequentia,
1247 3191 1296 3250 ea,
1314 3189 1353 3238 ne
1370 3169 1447 3238 obli-

334 3241 466 3296 mmmem
514 3279 519 3290 ,

333 3295 405 3338 lorea.
490 3297 639 3358 vescerer,
655 3281 693 3346 ad
711 3281 891 3348 memoriam
904 3279 1095 3360 reducenda
1114 3279 1229 3346 animal
1246 3277 1344 3356 enlm,
1362 3279 1447 3364 quod

495 3385 665 3452 «ruminat
697 3389 726 3452 et
749 3387 840 3452 findit
864 3388 1020 3470 ‘ungulam
1038 3411 1071 3466 »,
1097 3385 1215 3452 scilicet
1245 3383 1447 3452 memorando

486 3497 520 3556 et
548 3487 771 3570 discernende,
795 3491 950 3558 mnndum
976 3495 1040 3570 est,
1073 3491 1200 3558 levitici
1229 3489 1445 3568 undecim01;

485 3599 588 3662 Lucae
619 3593 777 3662 seeundo:
814 3623 829 3654 «
849 3597 947 3662 llaria
976 3597 1181 3662 conservabat
1211 3595 1316 3662 omnia
1349 3595 1447 3662 verba

485 3701 591 3768 haec»
620 3707 677 3768 etc.
709 3701 874 3782 Quoniam
904 3701 1103 3768 immortalis
1133 3709 1177 3768 est
1195 3701 1216 3782 ²,
1246 3701 1362 3768 scilicet
1388 3717 1446 3784 per

485 3815 650 3890 naturam,
673 3809 723 3876 vel
746 3827 802 3896 per
820 3811 963 3878 ellectum
980 3809 1236 3886 immortalitatis,
1262 3827 1356 3892 qnam
1373 3825 1446 3874 oon-

485 3915 561 3994 lert3
586 3915 668 3980 nude
693 3933 789 3998 snpra
814 3915 939 3982 eodem:
968 3941 984 3972 «
1001 3915 1124 3980 Habebo
1140 3931 1197 3998 per
1220 3915 1301 3980 lianc
1318 3913 1446 3978 immor-

487 4021 639 4086 talitatem
654 4045 684 4084 c.
710 4021 750 4084 ln
781 4019 974 4106 cogitatione
998 4019 1195 4106 sapientiae,
1219 4019 1251 4084 id
1280 4025 1329 4086 est
1354 4017 1446 4084 inlel-

486 4127 585 4206 lectu;
602 4125 723 4192 Glossa:
746 4153 762 4184 «
778 4125 935 4212 Quidquid
951 4127 988 4194 de
1013 4133 1127 4192 natura
1142 4127 1210 4192 eius
1234 4121 1444 4210 cognoscitur,

490 4239 591 4298 totum
614 4231 792 4298 immortale
809 4241 839 4300 et
861 4251 984 4318 semper
1001 4233 1105 4300 vivere
1130 4231 1288 4298 iuvenitur
1306 4257 1340 4312 »3
1364 4231 1446 4298 inira

487 4339 608 4406 decimo
637 4339 763 4424 quinto:
791 4365 807 4398 <t
826 4339 909 4406 Scire
940 4337 1090 4406 iustitiam
1121 4346 1152 4406 et
1175 4337 1326 4406 virtutem
1356 4343 1445 4404 tuam

484 4445 574 4512 radix
599 4451 647 4512 est
668 4445 957 4512 immortalitatis».

573 4553 672 4634 (Vers.
696 4553 769 4630 l8.).
789 4555 828 4618 la
842 4553 879 4618 in
896 4553 1044 4620 amicitia
1062 4553 1167 4630 illitus,
1187 4551 1302 4618 scilicet
1318 4551 1443 4638 qnando

485 4665 621 4736 acuatur,
647 4659 810 4726 delectatio
836 4659 936 4736 bona,
955 4659 1071 4724 scilieet
1094 4659 1125 4724 iu
1142 4659 1272 4736 allectu3
1296 4653 1383 4724 bona
1397 4655 1443 4724 di-

482 4767 526 4832 oit
548 4771 658 4836 contra
672 4759 906 4832 delectationem
932 4765 1064 4852 peccati,
1082 4783 1161 4850 qnae
1186 4767 1267 4832 mala
1282 4773 1343 4844 est,
1368 4765 1443 4850 qnia

438 4949 439 4952 Ἴ
486 4871 574 4938 ducit
596 4871 636 4938 ad
659 4877 824 4938 aeternum
847 4871 1036 4952 cruciatum,
1067 4871 1237 4940 secundnm
1262 4871 1337 4938 illud
1366 4871 1442 4936 Gre-

554 5231 563 5264 ¹
583 5237 657 5288 Vers.
678 5235 713 5286 3:
731 5233 831 5308 Omrie,
850 5235 923 5300 quod
943 5233 1021 5288 lrabel
1039 5237 1152 5290 divisam
1175 5237 1300 5300 ungulam
1321 5241 1345 5288 et
1363 5237 1442 5288 ruini-

481 5331 527 5378 nat
545 5325 571 5378 ln
591 5321 745 5390 pecoribus,
765 5323 907 5378 comedetis
926 5323 936 5384 l
945 5323 1132 5386 Septuaginta:
1151 5325 1234 5376 Omne
1254 5337 1348 5388 pectis,
1369 5323 1442 5390 qnod

483 5417 609 5480 ungulam
637 5411 729 5466 dividit
754 5419 780 5466 el
806 5413 913 5464 fissuras
941 5411 1016 5464 lindit
1040 5411 1152 5464 duarum
1176 5413 1334 5474 nugularum
1359 5417 1386 5462 et
1402 5423 1441 5462 re·

477 5505 552 5558 ducit
570 5501 771 5558 ruminationem
796 5501 822 5554 ln
846 5501 1001 5566 pecoribus,
1022 5503 1086 5552 boec
1107 5499 1323 5566 manducabitis).
1340 5527 1375 5540 -·
1395 5501 1442 5552 Se·

480 5595 570 5660 quitur
590 5597 651 5646 Lero.
669 5593 699 5658 2,
719 5591 762 5644 dl.

448 5703 449 5706 ¹
550 5677 651 5732 2Ηειιε
668 5679 806 5732 lectionem
834 5679 900 5732 sicut
917 5685 943 5730 et
962 5681 1038 5744 paulo
1067 5677 1175 5730 interius
1204 5679 1316 5744 positum
1337 5675 1381 5746 (iit
1400 5691 1440 5732 uo·

479 5769 606 5838 gituiioue
628 5769 786 5840 sapientiae)
806 5769 927 5822 exlribeut
951 5769 1022 5822 (card.
1041 5771 1117 5832 llugo
1144 5783 1158 5820 a
1178 5771 1204 5822 S.
1223 5767 1307 5822 illiaro
1328 5769 1439 5836 (parlim

481 5859 505 5908 ln
526 5863 608 5920 textn,
622 5859 717 5922 partim
737 5859 764 5912 ln
782 5855 911 5924 energiae)
932 5865 957 5910 et
975 5859 1108 5924 ipramis3
1123 5859 1235 5924 Vulgata
1256 5867 1343 5912 aretem
1362 5859 1437 5924 legit:

481 5945 616 6010 Quoniam
636 5945 830 6002 immortalitas
853 5951 893 6002 eol
916 5945 946 6000 iu
970 5947 1128 6014 cognatione
1145 5945 1299 6014 supientiae.
1319 5975 1353 5988 —
1374 5947 1440 6002 Sub-

477 6035 541 6088 inde
570 6025 715 6098 allegantnr
743 6029 811 6102 sip.
825 6041 853 6104 8,
869 6039 922 6100 'lt;
943 6037 1031 6090 Glosea
1056 6035 1239 6090 interlinearis
1259 6035 1298 6104 (er
1319 6035 1436 6104 bubalio)

478 6123 696 6186 otauniae.

549 6205 560 6236 ³
581 6209 650 6260 libr.
668 6211 734 6262 XlV.
755 6215 841 6266 lloral.
865 6229 888 6266 c.
917 6215 941 6266 8.
967 6229 991 6266 u.
1021 6215 1070 6280 lll;
1094 6215 1151 6266 XV.
1176 6227 1200 6266 c.
1226 6213 1269 6266 l3.
1292 6227 1320 6266 n.
1346 6215 1388 6266 45.
1411 6219 1437 6266 ει

478 6303 505 6354 ll.
530 6299 624 6352 Homil.
645 6299 669 6350 in
689 6301 789 6366 Evang.
818 6305 906 6356 benail.
926 6303 968 6356 40.
992 6319 1020 6356 u.
1039 6305 1083 6356 32.
1100 6305 1193 6356 eadem
1222 6303 1359 6368 sententia,
1381 6305 1437 6356 licet

478 6391 534 6442 aliis
558 6387 661 6452 verbis,
680 6389 843 6452 exprimitur.
867 6389 1011 6456 Clir'ysost„
1035 6395 1118 6444 Serm.
1145 6391 1167 6440 4.
1194 6389 1226 6440 de
1250 6389 1338 6452 iluna,
1357 6407 1383 6444 n.
1403 6395 1436 6444 2:

479 6479 579 6530 Vitium
605 6475 674 6526 enim
701 6481 912 6528 momentaneam
939 6479 1019 6530 habet
1036 6481 1214 6542 voluptatem,
1232 6477 1351 6530 dolorem
1373 6495 1437 6532 vero

476 6571 646 6632 perpetuum.
659 6589 693 6602 ·-
708 6563 796 6616 Glossa
818 6565 922 6618 interius
943 6569 1050 6630 allegata
1071 6573 1109 6618 est
1127 6563 1281 6630 ordinaria,
1301 6573 1389 6620 sirmia
1406 6585 1437 6622 ex

479 6653 588 6706 Rabona
607 6651 653 6720 (ad
670 6665 696 6704 V.
718 6653 787 6720 lb),
800 6653 846 6718 qui
859 6653 976 6720 sequitur
995 6655 1112 6718 Gregor.,
1133 6655 1159 6706 ll.
1178 6653 1272 6706 llomil.
1292 6655 1317 6706 in
1337 6659 1436 6724 Evang.

478 6743 566 6796 lromil.
581 6743 623 6794 36.
635 6755 663 6792 n.
677 6741 702 6792 l.
715 6737 766 6794 Cir.
779 6743 898 6806 August,
911 6743 927 6790 l.
941 6743 975 6794 de
986 6743 1074 6792 Docte.
1089 6741 1242 6804 christiana,
1255 6757 1278 6794 c.
1292 6743 1335 6796 38.
1347 6759 1374 6798 n.
1394 6747 1435 6800 42.

548 6827 560 6860 ⁴
580 6833 654 6884 Vere.
673 6829 699 6882 5.
716 6857 753 6868 -
772 6833 921 6896 Sequuntur
951 6831 1011 6894 Sap.
1031 6829 1078 6892 lll,
1098 6829 1140 6882 40.
1165 6833 1191 6882 el
1215 6829 1239 6894 7,
1268 6833 1276 6882 l
1285 6833 1308 6884 l.
1333 6833 1436 6904 dicere,

476 6923 503 6974 ll.
524 6923 631 6974 eretor.
650 6935 672 6972 o.
686 6917 737 6972 at:
751 6919 828 6986 Quod
848 6923 892 6972 urit
909 6923 1007 6982 lotum,
1021 6923 1065 6970 aut
1083 6917 1167 6986 aliqua
1187 6933 1218 6972 ex
1235 6927 1309 6986 parte
1329 6931 1437 6992 propter

2414 563 2474 626 tta

1516 727 1594 812 gorii
1609 729 1632 794 ³.
1654 755 1671 788 «
1687 731 1935 798 llomentaneum
1958 737 2006 800 est
2028 731 2114 818 quod
2135 731 2286 812 delectat,
2309 739 2474 800 aeternnm

1516 835 1601 920 quod
1618 837 1738 902 cruciat
1750 863 1784 916 »3
1803 839 1876 904 item
1892 839 2013 906 Glossa:
2039 839 2248 924 «Corporales
2263 838 2390 906 deliciae
2407 857 2476 906 cor-

1516 959 1576 1024 pus
1589 947 1737 1026 gravant,
1750 941 1929 1026 spirituales
1939 961 2014 1010 vero
2028 953 2166 1012 mentem
2180 946 2319 1012 relevant
2324 969 2331 1026 ;
2346 951 2376 1012 et
2388 949 2475 1010 tanto

1515 1047 1616 1130 magis
1638 1047 1835 1128 esuriuntur,
1857 1055 1974 1134 quanto
1997 1051 2096 1136 magis
2117 1051 2332 1118 comeduntur.
2359 1053 2390 1118 ln
2416 1049 2476 1118 illis

1515 1153 1674 1238 appetitus
1688 1153 1804 1238 placet,
1820 1157 2014 1240 experientia
2029 1157 2187 1242 displicet;
2204 1157 2382 1244 spirituales
2399 1175 2475 1226 vero

1516 1257 1644 1352 deliciae
1667 1265 1782 1344 augent
1805 1259 2012 1342 desiderium,
2036 1269 2068 1330 el
2089 1281 2152 1348 quo
2175 1265 2272 1352 magis
2294 1271 2475 1344 sumuntur,

1515 1381 1554 1430 eo
1569 1365 1692 1432 avidius
1706 1373 1854 1434 amantur
1866 1395 1896 1432 v.
1916 1371 1956 1436 at
1967 1369 2003 1436 in
2018 1369 2173 1454 operibus
2190 1391 2355 1438 manuum
2368 1373 2474 1452 illius,
2493 1387 2639 1452 ineptum·

1514 1469 1545 1536 ld
1563 1475 1611 1536 est
1626 1469 1657 1534 in
1674 1469 1822 1556 operibns
1845 1471 1950 1552 bonis,
1967 1491 2049 1556 quae
2064 1473 2145 1540 dunt
2168 1493 2352 1560 parmenus
2375 1475 2474 1556 illius,
2518 1443 2587 1486 “bum

1514 1573 1546 1640 id
1563 1583 1609 1642 est
1626 1575 1743 1644 virtute
1758 1583 1789 1644 et
1805 1577 1942 1662 potentia
1953 1577 2037 1658 elus;
2055 1579 2175 1646 loannis
2189 1579 2311 1648 decimo
2322 1583 2433 1666 quinto
2444 1583 2473 1646 4:

1521 1709 1537 1740 v
1555 1681 1626 1748 Sine
1646 1701 1698 1748 me
1721 1683 1801 1748 nihil
1822 1683 1951 1768 potestis
1974 1683 2076 1750 facere
2093 1707 2127 1764 »3
2153 1683 2306 1752 honestas
2326 1687 2397 1754 sine
2421 1687 2473 1752 de·
2498 1729 2499 1732 =

1513 1785 1665 1874 sectione,
1697 1787 1729 1854 id
1760 1797 1808 1856 est
1836 1789 1976 1874 perlecta
2006 1789 2174 1868 honestas;
2197 1789 2301 1858 virtus
2329 1791 2414 1860 enim
2443 1799 2475 1860 et

1514 1913 1593 1984 opus
1619 1895 1746 1962 virtutis
1766 1901 1840 1962 sunt
1864 1895 1901 1960 de
1926 1913 2040 1982 genere
2062 1895 2205 1976 bonesti;
2231 1895 2312 1964 inira
2333 1897 2473 1966 deoioto:

1429 2057 1430 2060 ,
1518 2001 1728 2068 «Honestavit
1745 2001 1831 2066 illum
1858 2001 1887 2066 in
1905 2001 2065 2068 laboribus
2076 2027 2109 2080 »;
2125 2001 2198 2068 item
2215 2021 2312 2088 supra
2327 2003 2472 2088 septimo:

1520 2133 1535 2164 ε(
1559 2105 1797 2174 Innumerabilis
1820 2107 1966 2174 honestas
1991 2123 2047 2194 per
2069 2125 2183 2174 manus
2204 2107 2290 2174 illins
2312 2135 2342 2174 ».
2368 2111 2408 2174 Et
2438 2109 2474 2174 in
2494 2121 2556 2194 ritu,
2570 2131 2592 2174 a
2607 2133 2635 2174 u.

1514 2213 1694 2280 auruum
1716 2213 1860 2300 coquam
1882 2212 1992 2294 tlt-tus,
2015 2213 2133 2280 setrico
2165 2219 2315 2300 quaeest
2341 2215 2380 2282 aa
2406 2211 2473 2280 mu·
2512 2189 2607 2228 Μ·

1514 2319 1589 2384 dum
1610 2317 1842 2406 disputationis
1868 2311 1979 2406 inqua
2002 2325 2049 2386 est
2064 2319 2220 2404 quoddam
2243 2327 2400 2388 certamen
2418 2337 2472 2404 op-

1512 2425 1656 2510 ponentis
1681 2429 1710 2492 et
1734 2427 1963 2510 respondentia
1989 2425 2170 2510 sapientia,
2193 2425 2224 2492 id
2255 2435 2303 2494 est
2324 2427 2470 2504 scientia,
2528 2471 2529 2474 ,

1512 2531 1638 2616 supple:
1654 2531 1845 2616 acquiritur3
1873 2531 2074 2600 Ecclesiastiol
2091 2531 2203 2598 ultimo
2216 2531 2244 2596 ⁵:
2272 2557 2289 2590 (ε
2302 2531 2472 2600 Colluctata

1511 2645 1560 2704 est
1581 2639 1687 2704 anima
1708 2655 1776 2704 mea
1808 2655 1879 2704 cnm
1902 2639 1955 2704 illa
1971 2665 2001 2704 a.
2028 2639 2068 2704 m
2095 2637 2337 2724 praeclaritas,
2363 2621 2409 2704 td'
2426 2645 2472 2704 est

1511 2743 1623 2814 clarae,
1637 2741 1764 2810 virtutis
1787 2743 1954 2824 evidentia,
1980 2743 2014 2810 iu
2031 2741 2325 2810 communicatione
2348 2763 2471 2810 sermo-

1511 2851 1592 2914 num
1617 2849 1740 2934 ipsius,
1757 2849 1810 2934 qui
1826 2847 1945 2916 ‘seilicet
1964 2847 2238 2914 communicantur
2260 2867 2316 2934 per
2340 2848 2469 2914 modum

1511 2955 1659 3048 simplicis
1695 2955 2124 3036 collationis3·*Ecclesiastioi
2160 2955 2310 3040 vigesimo
2336 2961 2468 3042 quarto:

1516 3087 1530 3122 v
1548 3063 1609 3148 Qui
1627 3063 1782 3130 elucidant
1808 3081 1856 3130 me
1873 3063 1965 3128 vitam
1991 3069 2147 3130 aeternam
2169 3063 2328 3130 habebunt
2343 3089 2378 3142 »3
2395 3063 2469 3130 item

1511 3169 1646 3236 Danielis
1669 3169 1869 3238 duodecimo:
1889 3195 1905 3228 <t
1924 3171 1982 3254 Qni
2005 3169 2043 3236 ad
2061 3169 2209 3236 iustitiam
2236 3169 2385 3236 erudiunt
2399 3171 2471 3254 plu·

1511 3275 1623 3356 rimas,
1646 3275 1737 3362 qnasi
1761 3275 1867 3344 stellae
1883 3275 1914 3340 in
1932 3281 2098 3362 perpetuas
2122 3275 2371 3344 aeternitates».
2397 3275 2470 3342 Cir-

1511 3383 1663 3460 euilram,·
1688 3383 1795 3450 Glossa
1812 3383 1837 3446 6:
1871 3383 2070 3466 «Diligenter
2093 3389 2125 3448 et
2154 3381 2292 3448 studiose
2309 3407 2342 3462 »3
2369 3381 2469 3446 Canti-

1511 3509 1622 3556 corum
1639 3489 1746 3554 tertio:
1768 3515 1783 3548 «
1796 3491 1928 3574 Surgam
1945 3497 1974 3554 et
1991 3487 2130 3554 circuibo
2153 3487 2353 3568 civitatem»;
2372 3507 2469 3576 queac-

1510 3615 1602 3672 rcns,
1630 3593 1710 3662 sicut
1738 3595 1863 3674 mulier,
1894 3593 1933 3662 de
1962 3613 2025 3680 qua
2058 3597 2156 3660 bircae
2188 3593 2307 3662 decimo
2337 3593 2467 3680 quinto:

1516 3703 1635 3786 «Quae
1658 3701 1820 3766 lucernam
1843 3701 1984 3766 accendit
2006 3707 2037 3766 ει
2061 3699 2177 3770 everrit
2203 3699 2349 3780 domum,
2374 3719 2472 3784 quaer

1511 3825 1584 3872 rens
1607 3807 1782 3890 diligenter,
1808 3807 1904 3872 donec
1922 3805 2059 3872 inveniat
2074 3831 2105 3870 v.
2136 3805 2177 3870 Ut
2198 3803 2289 3872 illam
2313 3803 2397 3872 mila
2417 3825 2469 3872 ac-

1511 3929 1692 3992 sumerem,
1720 3911 1837 3978 scilieet
1862 3911 1900 4000 in·
1917 3929 2080 3996 sponsam;
2104 3911 2188 3976 unde
2210 3927 2308 3994 snpra
2323 3911 2466 3976 eodomtz
2531 3967 2534 3980 .

1515 4043 1529 4076 «
1547 4019 1690 4102 Quaesivi
1715 4035 1782 4084 eam
1808 4019 1885 4084 mibi
1909 4037 2055 4104 sponsam
2078 4035 2241 4084 assumere
2255 4043 2285 4082 u.

1598 4125 1632 4190 ln
1655 4123 1816 4208 praedicto
1838 4129 1932 4190 textu
1955 4128 2127 4208 tanguntur
2143 4129 2211 4190 octo
2236 4125 2324 4190 utilia
2346 4123 2469 4210 praedi·
2487 4151 2538 4194 otu
2553 4149 2614 4208 uteru

1509 4229 1605 4296 calori
1631 4229 1680 4296 vel
1703 4229 1823 4298 doctori
1847 4229 1932 4296 circa
1955 4229 2138 4316 sapientiam
2167 4229 2384 4298 addiscendam
2402 4231 2468 4298 sive
2504 4205 2593 4246 ἀπίω·

1508 4337 1590 4404 circa
1615 4337 1782 4420 sapientiae
1799 4337 2051 4422 acquisitionem:
2075 4337 2226 4424 capitatio
2243 4337 2280 4404 de
2297 4355 2332 4404 ea
2348 4355 2403 4422 per
2420 4337 2466 4404 in-

1508 4445 1761 4528 vestigationem,
1784 4443 2052 4510 commemoratio
2081 4463 2139 4528 per
2170 4445 2465 4528 frequentationem,

1507 4551 1673 4616 delectatio
1705 4569 1763 4634 per
1785 4569 1943 4630 amorem,
1970 4549 2119 4636 operatio
2148 4567 2205 4634 per
2237 4551 2464 4634 impletionem,

1507 4659 1705 4724 coricertatio
1742 4675 1797 4742 per
1829 4655 2091 4742 disputationem,
2125 4657 2379 4724 communicatio
2408 4675 2465 4742 per

1506 4763 1716 4844 collationem,
1742 4763 1894 4830 circuitio
1917 4781 1974 4848 per
1999 4763 2288 4848 interrogationem,
2306 4763 2464 4830 cussumtio

1505 4887 1562 4954 per
1589 4871 1882 4954 incorporationem.

1506 5249 1533 5288 se
1546 5235 1644 5300 petitur
1656 5233 1798 5288 ltortectum
1817 5235 2013 5286 nominamus...
2026 5235 2070 5286 Est
2081 5233 2161 5298 igitur
2176 5233 2201 5282 ln
2213 5247 2246 5284 eo
2259 5247 2356 5298 genere
2372 5249 2463 5286 ornnes

1506 5337 1547 5374 res
1567 5337 1619 5372 nna
1639 5323 1663 5374 vl
1685 5327 1764 5388 atque
1782 5325 1835 5374 uno
1854 5321 1961 5374 nomine
1984 5321 2102 5386 amplexa
2123 5319 2225 5388 uirium·
2244 5337 2306 5374 narn
2324 5321 2406 5376 virtus
2426 5327 2463 5376 est

1508 5411 1587 5462 animi
1607 5411 1725 5476 babitus,
1745 5415 1852 5462 natiuae
1873 5411 1965 5474 modo,
1986 5411 2078 5462 rationi
2097 5417 2295 5464 consentaneae.

1576 5497 1682 5570 ⁶Vers.
1699 5501 1746 5566 25,
1766 5499 1812 5552 nbi
1830 5513 1880 5564 pro
1901 5513 1964 5552 cum
1984 5499 2031 5552 illa
2052 5501 2163 5564 Vulgata
2183 5499 2211 5552 iu
2229 5499 2333 5554 illu.-·
2346 5505 2463 5570 Seqnun·
2487 5507 2488 5510 ’

1505 5591 1545 5640 tur
1571 5587 1647 5640 Eccli.
1666 5587 1714 5652 24,
1735 5589 1777 5640 34.
1797 5593 1823 5640 ει
1843 5587 1906 5640 Dan.
1930 5589 1975 5654 42,
1997 5591 2025 5652 3,
2051 5585 2095 5643 ubi
2123 5603 2169 5654 pro
2192 5587 2327 5656 plurimos
2350 5591 2461 5656 Vulgata

1505 5675 1665 5732 nautea-
1686 5677 1791 5730 interius
1814 5691 1842 5730 ov
1862 5677 2039 5742 aporiamus
2060 5675 2208 5732 collationis
2226 5693 2273 5744 pro
2294 5679 2461 5734 collectionis.

1575 5763 1706 5832 6Nempe
1730 5765 1912 5822 interdicemus
1937 5767 2082 5820 servendum
2108 5767 2254 5822 Baliarium.
2270 5771 2386 5822 —.Duo
2411 5769 2460 5822 loci

1504 5871 1579 5924 seqq.
1598 5861 1656 5910 sunt
1676 5855 1750 5912 Cant.
1769 5859 1799 5920 3,
1820 5861 1843 5908 2.
1863 5859 1968 5910 ellare.
1990 5857 2036 5920 45,
2059 5859 2082 5910 8.

1575 5943 1682 6000 'Vera
1707 5949 1731 5998 2.
1752 5975 1785 5986 -
1806 5947 1884 6002 Card.
1907 5947 2003 6010 Hngo:
2027 5947 2106 6014 Ecce,
2133 5943 2249 6014 'utrinque
2274 5949 2347 6012 ponit
2375 5947 2460 6008 Plrllo,

1502 6051 1572 6104 qnae
1598 6041 1702 6102 oportet
1729 6049 1836 6088 omnem
1865 6035 2073 6100 praedicatorem
2091 6037 2133 6088 vel
2152 6037 2286 6088 doctorem
2307 6035 2402 6088 habere
2428 6035 2465 6102 ad

1506 6129 1569 6190 boe,
1587 6129 1616 6176 ut
1635 6125 1786 6190 praedicare
1806 6125 1846 6176 vol
1865 6127 1960 6178 docere
1988 6127 2071 6190 possit
2096 6125 2269 6190 sapientiamz
2287 6125 2403 6176 l'rimnm
2423 6127 2460 6176 est

1506 6213 1628 6278 cogitatio
1652 6213 1809 6278 sapientiae,
1833 6215 1905 6278 quod
1932 6215 2046 6278 tangitur
2070 6215 2130 6266 liic:
2147 6215 2217 6266 llaec
2244 6211 2363 6278 cogitans
2386 6209 2460 6278 aperti

1501 6317 1553 6356 nte.
1575 6301 1722 6354 Secrindmn
1744 6307 1782 6354 est
1800 6317 1875 6354 amor
1892 6303 2046 6368 sapientiae,
2066 6303 2136 6368 quod
2155 6301 2269 6364 tangitur
2287 6299 2337 6350 ibi:
2352 6301 2382 6352 lu
2394 6299 2458 6352 ouu-

1502 6389 1564 6446 citia
1588 6389 1662 6444 illius
1689 6389 1825 6444 delectatio
1844 6389 1921 6446 dono.
1943 6393 2060 6444 Tertium
2084 6397 2124 6444 est
2147 6405 2228 6454 opus,
2248 6389 2320 6456 qnod
2343 6389 2458 6452 tangitur

1502 6483 1535 6534 ibi
1548 6499 1554 6532 ε
1569 6483 1599 6534 ln
1616 6477 1740 6548 operibus
1760 6491 1893 6530 rnarruum
1910 6477 1984 6530 illitis
1999 6479 2123 6532 luouestuo
2141 6477 2198 6530 sirie
2216 6475 2367 6546 desectione.
2379 6479 2457 6542 Quar-

1501 6577 1557 6624 tum
1577 6575 1614 6622 est
1634 6569 1765 6632 suediam,
1781 6567 1852 6632 quod
1874 6569 1986 6632 tangitur
2006 6565 2154 6620 in12uttu
2175 6563 2320 6618 nutamine
2339 6563 2458 6634 loquelae

1502 6657 1575 6712 illius
1597 6653 1737 6724 cupiere-iia.
1759 6655 1884 6720 Quintum
1908 6661 1948 6706 est
1970 6655 2088 6706 doctrma
2114 6655 2170 6706 sive
2194 6653 2367 6722 praedicatio,
2385 6657 2458 6722 equod

1502 6749 1615 6812 tangltnr
1642 6743 1695 6796 lbi:
1714 6743 1749 6796 Et
1769 6741 1951 6812 praeclaritas
1979 6743 2008 6796 iu
2034 6739 2274 6796 courmuuicatioue
2300 6757 2457 6800 sarracenum

1501 6851 1593 6908 ipsius.
