5908 8266
1100 541 1292 608 columem.
1319 541 1354 606 lN
1379 541 1647 608 ucctastlsvtrt
1668 541 1702 610 C.
1724 543 1761 608 X.
2375 547 2418 612 85

440 719 601 798 diseretio,
624 721 699 805 quia
730 721 896 788 indiscrete
918 715 1070 794 ineboot;
1100 715 1184 784 unde
1214 715 1304 784 dicit:
1331 715 1398 782 lni-

440 829 526 894 riona
554 827 732 894 uerborum
763 827 834 894 eius
855 823 1007 890 stultitia.
1038 823 1074 888 Et
1103 821 1182 888 ratio
1214 821 1310 888 huius
1334 825 1397 898 εει,

440 933 600 1020 quianon
634 933 826 1008 considerat;
860 927 945 994 unde
972 927 1214 994 proverbiorum
1248 925 1398 1010 vigesimo

440 1059 540 1108 nono:
569 1067 586 1100 a
605 1039 715 1106 Vidisti
745 1035 904 1102 homiaem
933 1031 1074 1100 velocem
1103 1031 1143 1106 ad
1177 1028 1397 1114 loquendumt

440 1147 577 1212 Stultitia
599 1141 698 1228 magis
721 1139 873 1226 speranda
897 1145 944 1204 est
967 1157 1061 1222 quam
1085 1135 1168 1204 illius
1193 1135 1395 1220 correptio».

440 1253 607 1318 indiscrete
631 1249 724 1318 etiam
748 1253 975 1324 consummem
998 1243 1083 1312 unde
1103 1241 1196 1310 dicit:
1228 1243 1268 1306 Et
1286 1241 1398 1306 nonis-

329 1419 330 1424 ,
438 1357 562 1424 ειεειεε
587 1355 657 1422 oris
678 1353 771 1420 iltius
791 1371 889 1420 error
906 1351 1092 1438 pessimus,
1115 1349 1191 1436 quia
1213 1347 1345 1414 stultitia
1363 1347 1397 1414 in

440 1447 500 1528 tine
526 1459 668 1546 perducit
691 1459 729 1526 ad
747 1459 932 1526 sententiam
949 1475 1129 1536 erroneam,
1155 1453 1395 1522 Proverbiorum

439 1565 558 1634 ‹zlecimo
591 1569 705 1650 quarto
721 1565 750 1630 ²:
781 1591 796 1622 v
812 1561 1026 1648 Imprudentia
1055 1559 1225 1628 stultorum
1257 1565 1343 1626 errat
1358 1581 1395 1636 »3

440 1671 528 1756 qnia,
560 1671 641 1738 sicut
671 1671 789 1738 dictum
821 1675 868 1738 est
899 1687 996 1754 supra
1024 1665 1161 1734 secundo
1201 1691 1217 1724 v
1230 1663 1316 1738 ,oculi
1346 1681 1395 1732 sa·

438 1777 551 1862 pientis
573 1777 606 1842 in
629 1777 728 1862 eapite
752 1777 837 1854 ειεε,
860 1775 977 1842 ειειιεε
993 1773 1026 1840 in
1049 1769 1188 1840 tenebris
1209 1769 1395 1836 ambulat».

440 1883 631 1950 —Ulterius
647 1883 676 1950 in
702 1881 834 1950 stultitia
845 1885 1053 1966 perseveram
1070 1879 1139 1944 ideo
1160 1875 1283 1944 subdit:
1309 1875 1396 1944 Stul-

440 1997 493 2056 tus
516 1987 616 2054 norbo
632 1987 845 2072 nottpttaar,
869 1987 912 2050 ita
926 1981 1163 2069 multiplicando
1179 1981 1276 2048 verba
1299 1981 1396 2048 stulta

439 2095 586 2180 pertinax
608 2093 744 2160 efficitur
768 2093 797 2158 in
815 2089 947 2168 malitia,
970 2087 1179 2173 contraquod
1203 2087 1232 2152 in
1259 2087 1395 2154 Psalmo:

446 2229 460 2260 v
475 2203 541 2270 Non
565 2201 702 2284 declines
726 2217 780 2266 cor
812 2215 917 2264 meum
941 2197 972 2260 in
996 2195 1093 2262 verba
1122 2193 1287 2260 malitiae»
1319 2197 1395 2274 etc.;

439 2316 470 2375 et
491 2309 551 2374 hoo
568 2307 677 2374 inutile
702 2311 731 2372 et
755 2319 887 2380 vanam,
910 2299 993 2368 unde
1016 2299 1132 2368 dicitur
1154 2299 1397 2366 proverbiorum

437 2415 558 2482 docimo
582 2431 680 2480 nono:
710 2409 801 2494 «Qui
825 2413 931 2474 autem
948 2407 1044 2476 verba
1068 2411 1216 2484 sectatur,
1241 2405 1320 2470 nihil
1343 2407 1397 2472 ha-

438 2521 572 2598 bebit»;
596 2525 627 2584 et
644 2515 885 2584 Proverbioram
908 2513 1176 2598 decimoquarto:
1199 2511 1282 2578 «Ubi
1300 2511 1397 2578 verba

439 2629 514 2692 sunt
535 2623 691 2710 plurima,
714 2619 757 2686 ibi
779 2619 962 2704 frequenter
986 2623 1153 2704 egestas».
1218 2623 1219 2626 ’

527 2731 627 2816 (Vers.
664 2727 737 2812 lta),
774 2729 914 2812 lpnorot
953 2723 1045 2792 domo
1081 2731 1139 2792 etc.
1175 2725 1228 2792 llio
1260 2724 1396 2792 secundo

272 2847 303 2892 ⁰0
320 2847 419 2894 secunao.
438 2837 573 2908 ostendit
588 2837 620 2902 in
638 2835 732 2902 stulto
749 2833 903 2902 deiectum
920 2831 1196 2900 considerationis
1213 2833 1395 2918 procidam

439 2947 528 3034 quia,
551 2963 624 3012 oum
647 2943 770 3028 ignoret
791 2939 978 3026 praeterita,
1003 2959 1067 3004 non
1088 2943 1192 3024 potest
1213 2937 1396 3022 praevidere

439 3055 555 3118 lutura.
583 3049 652 3116 ideo
674 3049 765 3116 dicit:
781 3049 921 3132 innaret
945 3043 1054 3126 bomo,
1076 3043 1156 3136 quid
1172 3051 1248 3112 ante
1268 3063 1303 3110 se
1324 3043 1396 3130 sne-

439 3157 495 3238 rr't,
512 3165 660 3242 tanquam
677 3155 792 3222 stultus
809 3159 841 3220 et
858 3151 1236 3232 inconsideratus31aoobi
1253 3151 1355 3236 primo
1368 3151 1395 3216 ²:

445 3291 460 3322 «
474 3261 688 3330 consideravit
710 3277 744 3328 se
760 3265 789 3328 et
813 3259 889 3328 abiit
903 3265 935 3326 et
958 3259 1061 3326 statim
1077 3257 1194 3324 oblitus
1216 3261 1277 3336 est,
1295 3257 1395 3342 qualis

438 3371 533 3438 inerit
547 3395 579 3432 ε.
604 3369 646 3432 Et
674 3367 756 3454 qnid
776 3373 849 3452 post
876 3385 952 3432 eum
980 3363 1140 3452 (bierunt
1173 3369 1236 3442 est,
1262 3363 1335 3450 puis
1367 3363 1397 3430 ei

434 3473 554 3562 poterit
578 3471 751 3540 indicere?
774 3471 864 3556 quasi
881 3471 978 3538 dicat:
1004 3473 1126 3552 nollus3
1150 3487 1248 3556 supra
1269 3475 1394 3536 octavo:

445 3581 537 3666 «Qui
570 3581 693 3664 ignorat
721 3577 891 3662 praeterita
925 3577 1032 3644 futura
1065 3577 1151 3644 nullo
1183 3581 1284 3660 potest
1316 3577 1395 3644 scire

439 3687 548 3754 nuntio
565 3713 596 3766 u,
620 3691 651 3752 et
674 3685 733 3750 hoc
758 3681 885 3768 quidem
905 3689 954 3748 est
975 3681 1066 3748 valde
1087 3681 1287 3760 damnosum
1312 3681 1395 3748 ande

438 3789 672 3862 Deuteronomii
699 3787 858 3874 trigesimo
882 3787 1034 3854 secundo:
1066 3787 1219 3854 «Utinam
1251 3793 1395 3872 saperent

439 3907 468 3968 et
491 3897 701 3982 intelligerent
722 3913 760 3962 ac
782 3893 951 3962 novissima
972 3885 1174 3978 providerent
1187 3919 1215 3958 s.

527 4005 630 4090 (Vers.
667 4003 741 4082 lh).
767 3999 876 4066 Labor
908 3997 1087 4066 stultorum
1122 3997 1180 4064 e'tc.
1216 3997 1269 4064 llic
1304 3997 1395 4064 tertio

438 4109 586 4190 ostendit,
602 4111 636 4174 in
648 4108 747 4174 stulto
767 4123 834 4174 esse
849 4105 1006 4174 deiectum
1021 4103 1221 4190 operationis
1244 4100 1395 4189 praeton-

438 4239 511 4298 soe,
534 4217 609 4302 quia
633 4215 663 4282 in
687 4215 793 4280 labore
817 4229 875 4280 suo
898 4213 1033 4278 multum
1058 4209 1206 4296 affligitur
1231 4217 1262 4276 ει
1281 4227 1395 4294 parurn

439 4323 572 4410 prolicit.
602 4321 672 4388 ldeo
696 4319 786 4386 dicit:
821 4319 930 4384 Labor
956 4317 1136 4384 stultorum
1167 4315 1293 4402 affliget
1323 4335 1393 4396 cos,

439 4429 597 4516 quianon
627 4427 769 4494 laborant
797 4423 829 4490 iu
852 4423 962 4504 bonis;
988 4423 1136 4490 ieremias
1157 4441 1242 4488 nono
1257 4421 1292 4486 ³:
1321 4447 1336 4480 <t
1358 4423 1395 4488 Ut

439 4535 544 4620 inique
582 4537 731 4618 agerent,
771 4531 995 4596 laboraverunt
1020 4553 1061 4608 ε,
1099 4527 1184 4594 unde
1221 4527 1395 4612 Sapientiae

439 4641 566 4728 quinto:
595 4665 611 4696 <c
627 4637 743 4704 lassati
766 4653 877 4702 sumus
898 4635 931 4700 in
961 4635 1012 4702 via
1033 4633 1206 4720 iniqnitatis
1238 4639 1268 4700 ει
1292 4633 1395 4718 perdi-

439 4747 531 4814 tionis
561 4749 591 4812 et
622 4741 852 4810 ambulavimus
883 4741 950 4808 vias
981 4739 1143 4818 diiiicilos;
1176 4739 1259 4806 viam
1289 4747 1394 4808 antem

439 4851 561 4918 Domini
590 4849 858 4936 ignoravimus».
891 4849 927 4914 Et
957 4847 1055 4912 huius
1087 4845 1242 4912 rationem
1272 4847 1392 4914 reddit:

441 4959 507 5042 Qui
534 4955 756 5042 nescientia
785 4955 900 5020 urbem
928 4973 1083 5040 pergere,
1109 4953 1139 5020 id
1163 4958 1227 5032 est,
1252 4953 1394 5022 nesciunt

439 5063 521 5128 viam
545 5067 662 5128 rectam
695 5059 733 5126 ad
764 5059 902 5126 eundum
935 5059 965 5126 in
995 5059 1107 5126 urbem
1138 5059 1240 5138 illam,
1269 5059 1310 5126 de
1331 5077 1395 5144 qua

439 5167 532 5234 lsaiae
567 5163 714 5248 vigesimo
749 5169 857 5230 sexto:
891 5161 1010 5230 «Urbs
1044 5161 1237 5230 fortitudinis
1269 5167 1395 5230 nostrae

440 5273 511 5338 Sion
534 5269 690 5348 Salvator,
705 5275 840 5352 ponetur
861 5269 891 5332 in
916 5285 952 5332 ea
967 5287 1080 5334 murus
1104 5275 1135 5334 et
1157 5267 1394 5334 antemurale».

439 5383 471 5448 ln
495 5383 575 5446 hauc
598 5377 711 5444 urbem
735 5373 879 5440 nesciunt
905 5357 993 5440 stulti
1016 5389 1169 5458 pergere;
1193 5371 1275 5438 unde
1301 5391 1396 5458 snpra

439 5495 545 5556 sexto:
576 5482 688 5570 «Quid
710 5481 806 5548 habet
827 5479 962 5566 amplius
977 5479 1074 5546 stulto
1097 5477 1244 5562 sapiens?
1266 5483 1298 5542 ει
1320 5477 1395 5562 qnid

438 5609 576 5678 pauper,
600 5587 660 5656 nisi
684 5593 719 5654 at
743 5591 852 5672 pergat
875 5585 963 5662 illue,
989 5583 1043 5650 ubi
1067 5587 1115 5650 est
1136 5581 1255 5648 vitant

533 5693 761 5782 Spirituntiter
795 5691 846 5758 hie
884 5707 942 5776 per
977 5689 1156 5774 sapientem
1194 5687 1396 5774 intelligimus

290 5771 417 5884 abdidit.
442 5803 617 5884 Christum,
640 5821 697 5888 per
719 5799 925 5886 insipientem
940 5797 1170 5866 antichristum.
1200 5793 1305 5862 Verbo
1327 5795 1396 5862 oris

514 6243 522 6276 ²
543 6247 619 6298 Vers.
629 6247 660 6298 8:
673 6247 849 6312 imprudentia
863 6249 1001 6300 stultorum
1015 6247 1073 6316 [est]
1088 6259 1186 6298 erveus
1196 6273 1234 6284 -
1246 6247 1395 6314 Sequuntur

444 6337 525 6390 Eccle.
544 6337 574 6398 7,
594 6335 642 6398 ιι,
662 6337 702 6388 Ρε.
722 6335 787 6400 ιιι,
808 6337 836 6400 ιι,
850 6337 927 6388 Prov.
941 6337 988 6400 te,
1001 6337 1025 6390 7.
1048 6337 1185 6406 (Vulgataz
1205 6333 1259 6400 Qtri
1276 6335 1395 6400 tontum)

443 6435 467 6482 et
487 6425 533 6488 tl,
554 6425 596 6478 23.

512 6509 523 6542 ²
543 6513 618 6566 Vere.
637 6509 681 6562 al.
698 6537 735 6550 —
753 6511 902 6580 Sequuntur
922 6517 1004 6568 Eccle.
1025 6517 1056 6580 8,
1074 6511 1105 6578 7,
1130 6509 1176 6562 irbi
1201 6511 1312 6576 Vulgata
1337 6513 1396 6566 voci

442 6603 537 6672 sutura
556 6599 678 6664 praetigtt
695 6601 737 6666 ει,
755 6601 829 6652 Βεει.
850 6603 897 6664 32,
918 6603 960 6654 99.

512 6685 620 6742 8ιιεεε.
642 6685 668 6740 5.
693 6713 728 6726 -
753 6687 903 6754 Seqnuvvtur
929 6691 990 6752 Sap.
1015 6687 1046 6754 5,
1070 6687 1101 6750 7,
1121 6685 1178 6738 ιεει.
1197 6687 1246 6750 76,
1266 6689 1290 6740 ι.
1310 6693 1335 6742 ει
1354 6691 1396 6742 Εε-

443 6781 492 6832 Cle·
512 6779 637 6918 ἱὶῬξειεε
648 6861 681 6916 ld
690 6905 696 6930 ‚
706 6863 731 6916 3.
743 6891 776 6900 —
786 6861 902 6916 Subinde
912 6863 1056 6926 allegantur
1066 6863 1128 6914 Luc.
1138 6863 1164 6924 2,
1176 6859 1206 6914 tv
1214 6883 1222 6926 ,
1233 6863 1303 6916 Ιεεε.
1312 6865 1344 6928 7,
1356 6865 1397 6916 lii.

1461 715 1619 802 sapientis
1640 717 1773 804 pretio,
1797 719 1872 804 quia
1903 719 2000 784 verba
2021 715 2136 784 Christi
2159 717 2313 802 gratiosa;
2336 721 2420 786 Psal-

1461 823 1577 889 mus4:
1605 847 1622 882 a
1637 823 1757 890 Diffusa
1782 831 1830 890 εει
1851 823 1953 910 gratia
1981 825 2015 890 in
2037 823 2127 890 labiis
2149 823 2229 902 tuis,
2254 829 2418 908 propterea

1461 925 1622 994 benedixit
1645 933 1674 994 te
1699 929 1782 994 Dens
1814 931 1843 996 in
1868 935 2053 1010 aeternum3
2078 933 2109 996 et
2139 931 2240 994 burae
2263 929 2417 996 seeundo:

1466 1031 1669 1116 «Stupebant
1693 1051 1818 1114 omnes,
1841 1033 1896 1120 qui
1920 1051 1994 1102 eum
2016 1033 2198 1116 audiebant,
2222 1051 2319 1120 super
2342 1053 2419 1120 pru-

1460 1135 1565 1202 dentia
1586 1142 1617 1204 et
1649 1137 1806 1222 responsis
1835 1139 1904 1206 eius
1919 1165 1958 1220 »;
1983 1147 2014 1206 et
2040 1141 2091 1206 alii
2125 1141 2268 1210 dicebant
2297 1141 2418 1208 loannis

1460 1241 1612 1326 septimo:
1649 1243 1857 1330 «Nunquam
1895 1243 1940 1310 sic
1969 1245 2066 1312 horno
2093 1249 2217 1316 locutus
2242 1255 2287 1318 est
2315 1275 2344 1312 ».
2376 1285 2417 1296 —

1460 1347 1593 1414 Econtra
1608 1347 1768 1434 insipiens
1782 1355 1830 1414 est
1840 1347 2061 1430 antichristus
2077 1351 2191 1438 dequo
2205 1353 2238 1420 in
2255 1355 2374 1422 Psahno
2386 1353 2418 1420 ⁵:

1466 1451 1584 1519 «Dixit
1605 1451 1757 1538 insipiens
1778 1453 1810 1520 in
1833 1453 1927 1522 corde
1951 1471 2025 1520 suo:
2050 1457 2117 1522 Non
2140 1465 2188 1524 est
2208 1459 2336 1528 Deus».
2355 1461 2418 1526 La-

1460 1555 1517 1622 bio
1538 1557 1610 1624 ειεε
1630 1557 1899 1644 praecipitabunt
1915 1577 2007 1638 earn,
2030 1559 2250 1648 quiapropter
2273 1581 2348 1630 suae
2364 1565 2418 1630 da·

1460 1663 1579 1732 ctrinae
1601 1663 1752 1732 malitiam
1775 1665 1975 1750 demergetur
2000 1665 2030 1732 in
2056 1667 2264 1750 profundum,
2289 1669 2340 1736 lob
2365 1671 2418 1738 de-

1460 1769 1539 1836 cimo
1572 1777 1702 1838 octavo:
1739 1797 1756 1830 <r
1776 1771 1989 1838 arctabuntur
2017 1789 2144 1856 gressus
2176 1773 2302 1842 virtutis
2330 1777 2417 1856 cius,

1460 1879 1491 1942 ει
1514 1873 1730 1960 praecipitabit
1754 1895 1826 1942 eum
1848 1875 2013 1942 eonsilium
2036 1895 2131 1942 sunm
2147 1903 2179 1942 ».
2203 1878 2307 1947 Verba
2333 1865 2416 1946 enim

1460 1981 1527 2050 eins
1563 1987 1656 2048 erunt
1692 1983 1788 2050 verba
1822 1983 2034 2068 blasphemiae
2069 1989 2100 2050 et
2131 1985 2313 2070 superbiae;
2349 1987 2418 2054 ideo
2484 2057 2490 2062 ,

1460 2085 1557 2152 stulta
1586 2091 1619 2152 et
1640 2103 1780 2154 erronea.
1807 2089 1892 2154 Unde
1922 2087 2037 2154 dicitnr
2068 2089 2202 2156 Danielis
2234 2089 2415 2158 undecimo:

1464 2217 1480 2250 (ι
1499 2193 1653 2260 hdversus
1676 2195 1777 2260 Deum
1800 2195 1933 2262 deorum
1952 2195 2099 2280 loquetur
2116 2195 2295 2288 magnifica,
2318 2201 2350 2262 et
2372 2197 2418 2262 di-

1460 2297 1591 2384 rigetur,
1616 2299 1713 2368 donoc
1742 2299 1936 2386 compleatur
1964 2289 2127 2368 iracundia
2142 2327 2178 2382 a,
2209 2307 2241 2368 et
2264 2301 2418 2368 secandae

1460 2405 1499 2472 ad
1516 2405 1806 2474 Thessalonicenses
1822 2407 1971 2474 secundo:
1996 2433 2011 2466 «
2022 2407 2220 2476 Revelabitur
2238 2409 2331 2476 borno
2345 2427 2419 2494 pec·

1460 2513 1537 2590 cati,
1563 2511 1646 2578 filins
1670 2513 1871 2598 perditionis
1894 2511 1948 2596 qui
1972 2513 2157 2582 adversatur
2174 2519 2204 2582 et
2227 2515 2418 2582 exaltabitur

1460 2635 1557 2704 super
1579 2635 1686 2698 omne,
1709 2619 1795 2704 quod
1817 2619 1933 2686 dicitur
1955 2619 2040 2686 Deus
2057 2647 2072 2680 >2
2102 2627 2158 2688 etc.
2189 2659 2230 2670 —
2258 2621 2317 2688 Ιειε
2342 2621 2418 2688 ιεει-

1459 2725 1548 2810 piens
1570 2745 1633 2792 non
1655 2731 1779 2792 tantum
1804 2725 1992 2794 indiscretus
2020 2727 2082 2794 erit
2103 2727 2136 2794 in
2164 2727 2331 2812 loquendo,
2365 2729 2417 2794 sed

1459 2829 1554 2896 etiam
1577 2829 1818 2918 irnprooidens,
1848 2831 1923 2919 quia
1953 2851 2014 2898 non
2039 2833 2247 2900 considerabit
2273 2833 2416 2912 ruinam,
2469 2923 2470 2926 Ἴ

1459 2953 1540 3020 quae
1565 2941 1711 3004 secutura
1727 2945 1773 3004 est
1790 2957 1878 3018 eum,
1901 2939 2074 3004 secundnm
2099 2939 2272 3024 quoddicit
2291 2941 2418 3024 aposto-
2508 2979 2510 2984 ·

1459 3041 1510 3108 lus
1540 3043 1695 3112 secundae
1717 3045 1758 3112 ad
1783 3045 2073 3112 Thessalonicenses
2095 3045 2267 3112 seruator:
2291 3047 2417 3136 «Quem

1458 3147 1611 3214 Dominus
1634 3149 1718 3216 lesus
1750 3149 1915 3220 interliciat
1949 3149 2062 3236 spiritu
2093 3151 2157 3218 oris
2186 3151 2235 3220 sui
2257 3179 2288 3218 s.
2320 3153 2417 3220 Istum

1459 3253 1655 3336 insipientem
1680 3255 1766 3322 stulti
1799 3263 1970 3342 sequentur
1996 3261 2025 3322 et
2050 3255 2245 3340 affligentur:
2270 3257 2337 3340 Qui
2363 3277 2417 3322 εε-

1458 3357 1569 3426 εειεει
1590 3361 1627 3426 in
1648 3361 1765 3428 orbern
1784 3381 1937 3448 perpere,
1959 3381 2016 3448 per
2041 3381 2147 3430 veram
2172 3365 2262 3430 tidem
2288 3373 2319 3434 et
2340 3365 2417 3432 dile-

1459 3465 1608 3548 ctionem;
1626 3469 1779 3536 secundae
1792 3469 1829 3536 ad
1847 3469 2136 3560 Thessalonicenses
2151 3471 2303 3538 secundo:
2324 3471 2419 3538 «llil-

1458 3577 1504 3638 tet
1525 3571 1586 3638 illis
1610 3573 1693 3640 Deus
1720 3575 1932 3658 operationem
1956 3561 2093 3654 erroris,
2121 3577 2177 3660 qui
2202 3577 2325 3642 veritati
2354 3595 2417 3644 non

1458 3677 1675 3758 erediderunt,
1699 3679 1754 3746 sed
1781 3685 2007 3748 consenserunt
2030 3681 2187 3766 iniquitati
2200 3707 2241 3760 »3
2264 3701 2303 3748 eo
2331 3685 2418 3768 quod

1459 3781 1621 3850 caritatem
1644 3783 1785 3852 veritatis
1816 3805 1878 3850 non
1910 3793 2115 3870 receperunt;
2145 3787 2214 3854 ideo
2244 3787 2417 3856 nescientes
2533 3783 2553 3788 '‘

1457 3887 1671 3972 decipientur3
1695 3889 1779 3956 unde
1803 3889 1832 3956 in
1850 3891 1989 3956 Psalmo:
2017 3893 2229 3958 «Nescierunt
2251 3911 2354 3980 neque
2369 3895 2416 3960 in-

1459 3993 1668 4072 tellexerunt,
1693 3995 1761 4060 ideo
1784 3995 1815 4060 in
1839 3995 1978 4062 tenebris
2000 3997 2162 4064 ambulant
2177 4025 2206 4064 n.

1535 4273 1637 4348 Tertio,
1657 4275 1740 4348 quood
1757 4275 1883 4332 defectum
1901 4275 2052 4350 regiminis,
2071 4279 2172 4348 quando
2189 4279 2339 4350 praeficitur

1707 4363 1843 4434 praelatus
1863 4363 1968 4420 inutilis
1988 4365 2013 4420 ει
2034 4365 2166 4422 remissus.

1555 4631 1601 4696 Vn.
1640 4631 1698 4698 trba
1715 4639 1809 4700 terro
1822 4639 1881 4700 eto.
1904 4633 1996 4700 Dedit
2015 4633 2187 4702 remedium
2212 4639 2320 4702 contra
2336 4635 2417 4704 inor·
2434 4649 2524 4696 uivtoo.

1456 4735 1661 4818 dinationem‚
1678 4757 1758 4822 quae
1775 4737 1920 4824 provenit
1942 4757 1985 4804 ex
1999 4741 2138 4824 praelato
2162 4741 2244 4806 malo
2258 4747 2291 4808 et
2306 4743 2415 4822 stulto;

1457 4842 1509 4910 hio
1532 4843 1625 4910 tertio
1639 4843 1692 4910 dat
1715 4843 1889 4912 remedium
1906 4850 2013 4912 contra
2037 4845 2310 4926 inordinationem,
2335 4865 2417 4932 quae

1457 4949 1602 5034 provenit
1635 4967 1678 5016 ex
1708 4951 1848 5036 praelato
1877 4949 1991 5018 inutili
2026 4957 2056 5016 et
2093 4951 2239 5018 renaisso.
2275 4951 2417 5020 Ostendit

1455 5053 1569 5140 igitur,
1604 5055 1695 5122 talem
1721 5057 1848 5140 pigrum
1871 5061 1901 5122 et
1935 5059 2091 5123 carnalem
2116 5077 2178 5124 nou
2213 5077 2280 5126 esse
2303 5059 2416 5144 praeii-

1457 5161 1604 5228 ciendum
1627 5179 1685 5228 nee
1699 5161 1794 5230 etiam
1817 5161 2046 5230 sustinendum.
2071 5163 2108 5230 Et
2126 5165 2222 5252 hahet
2243 5167 2320 5232 haee
2342 5185 2416 5250 pars
2433 5181 2578 5228 aerenum.

1457 5265 1554 5332 duas:
1577 5267 1651 5352 quia
1676 5269 1778 5350 primo
1801 5267 1974 5336 detestatur
2000 5287 2092 5348 eum,
2116 5269 2282 5338 ostendens
2312 5269 2416 5356 ipsum

1454 5371 1662 5456 praelatione
1685 5373 1880 5458 indignum;
1897 5374 2034 5440 secundo
2049 5373 2139 5454 dicit,
2162 5395 2223 5440 non
2240 5395 2308 5444 esse
2324 5377 2352 5444 ei
2368 5397 2417 5446 oe-

1459 5475 1543 5542 culte
1565 5475 1823 5556 detrabendum,
1849 5477 1914 5544 ibi:
1937 5479 1980 5544 ln
2000 5479 2193 5568 cogitatione
2218 5491 2278 5548 too
2301 5489 2359 5550 etc.

1549 5583 1690 5650 Ostendit
1712 5603 1805 5670 ergo,
1829 5587 1988 5652 carnalem
2009 5593 2042 5652 et
2056 5587 2181 5674 pigrum
2204 5605 2273 5656 esse
2296 5591 2415 5674 praela·
2429 5605 2461 5652 ne
2477 5607 2495 5650 v.
2508 5611 2578 5664 parte.

1459 5689 1543 5758 tione
1565 5689 1746 5776 indignum,
1769 5689 1872 5776 primo
1894 5697 2023 5778 propter
2052 5693 2333 5762 deordinutioncm
2354 5717 2417 5784 gu-

1460 5797 1527 5876 ιεε,
1550 5797 1686 5866 secundo
1702 5803 1830 5884 propter
1855 5797 2067 5866 infirmitatem
2084 5800 2133 5868 vel
2157 5801 2349 5870 otiositatem
2363 5803 2416 5890 pi-

1530 6239 1656 6298 5Ρεειιε.
1676 6247 1725 6312 113,
1745 6247 1767 6298 l.
1787 6277 1821 6286 -
1841 6251 1991 6314 Sequuntur
2015 6247 2060 6302 Iob
2087 6251 2134 6310 lS,
2160 6247 2190 6310 7,
2211 6249 2276 6300 Dora.
2296 6246 2304 6297 l
2317 6246 2343 6314 l,
2363 6249 2415 6312 36,

1459 6337 1488 6388 ll.
1505 6337 1599 6388 Thess.
1617 6337 1647 6396 2,
1668 6335 1692 6386 3.
1712 6341 1737 6386 ει
1762 6335 1787 6388 ι.
1813 6337 1948 6404 (Vulgataz
1974 6337 2112 6388 Revelatns
2135 6335 2238 6388 luerit...
2261 6337 2415 6388 adrersatnr

1459 6429 1486 6476 et
1502 6423 1629 6476 extollitur
1649 6437 1728 6486 super
1746 6423 1815 6490 eto).

1531 6507 1635 6562 6ιἐεε.
1655 6511 1687 6574 8,
1707 6509 1772 6564 ibid.
1790 6529 1815 6564 r.
1837 6515 1878 6566 ld.
1897 6519 1923 6566 et
1947 6513 1990 6564 lt.
2021 6513 2090 6580 (post
2116 6509 2220 6564 erroris
2247 6511 2275 6562 in
2304 6511 2414 6576 Vulgata

1459 6601 1536 6664 plura
1553 6597 1695 6664 adduntur)
1726 6605 1764 6652 est
1782 6615 1839 6668 seq.
1856 6601 1941 6666 ιεεεε,
1961 6601 2051 6652 tertius
2076 6605 2115 6652 est
2138 6601 2180 6652 Ρε.
2198 6599 2247 6662 81,
2267 6601 2292 6652 5.
2309 6627 2346 6640 -
2363 6599 2415 6654 Clr.

1460 6689 1494 6742 de
1512 6691 1665 6752 praenotata
1682 6689 1843 6754 expositione
1861 6691 1950 6742 Glossa
1970 6685 2151 6742 interlinearis
2170 6685 2196 6738 in
2214 6689 2296 6740 Ecele.
2310 6689 2357 6754 lb,
2375 6689 2414 6742 12.

1460 6791 1535 6844 seqq.
1553 6775 1624 6840 apud
1643 6777 1785 6842 Lprannm.
