5908 8266
581 581 645 648 500

580 763 709 842 propter
732 755 951 842 indigentiam,
975 761 1129 842 quantum
1154 755 1191 820 ad
1216 755 1431 838 complendam
1455 749 1536 820 Scri-

581 872 719 950 pturam.
889 857 890 860 ’

667 969 720 1034 47.
752 969 854 1052 (Vers
884 971 962 1048 49).
992 969 1056 1034 Vas
1088 987 1165 1054 erpo
1196 975 1270 1034 4444
1295 967 1452 1052 positum.
1483 965 1537 1034 llic

579 1073 706 1160 ponitur
740 1073 816 1158 ipsa
850 1073 1110 1152 consummatio,
1146 1091 1210 1158 qua
1242 1079 1432 1158 potaverunt
1464 1089 1537 1138 eum

578 1187 679 1258 aceto,
704 1179 937 1268 quodquidam
962 1179 999 1246 ad
1031 1195 1160 1244 alanum
1184 1179 1357 1258 habebant;
1383 1179 1467 1244 unde
1489 1177 1536 1244 din

578 1285 637 1352 cit:
662 1287 726 1352 Vas
749 1303 827 1370 erpo
850 1293 923 1350 erat
942 1285 1090 1370 positam
1114 1291 1204 1352 aceto
1223 1285 1381 1370 piendam
1405 1283 1455 1350 4144
1474 1303 1536 1350 44-

579 1399 640 1456 tern
656 1391 830 1476 spongiam
844 1389 978 1474 pienum
997 1397 1103 1466 aceto,
1122 1385 1263 1476 hyssopo
1286 1391 1536 1472 circumponen-

579 1503 639 1572 tes,
663 1491 693 1560 id
718 1501 765 1562 est
787 1499 937 1580 ponentes
966 1493 1126 1578 spongiam
1150 1493 1235 1560 circa
1266 1495 1437 1578 hyssopum
1461 1493 1536 1576 liga-

578 1605 657 1680 tam,
692 1597 878 1664 obtulerant
912 1599 966 1664 ori
998 1599 1089 1678 eins,
1124 1615 1180 1682 per
1215 1599 1419 1676 arundinem,
1457 1597 1537 1664 sicut

578 1705 693 1788 dicitur
716 1703 860 1772 Matthaei
884 1697 1034 1790 'vigesimo
1057 1703 1190 1788 septimo
1205 1707 1229 1770 1:
1260 1703 1429 1772 «Currens
1454 1721 1537 1770 unns

578 1829 621 1888 en¹
644 1811 687 1880 eis
704 1817 861 1896 acceptam
886 1811 1046 1896 spongiam
1064 1811 1206 1896 implevit
1228 1817 1317 1878 aceto
1340 1817 1371 1878 et
1388 1811 1537 1896 imposuit

578 1915 724 1984 arundini
746 1921 779 1984 et
800 1915 894 2010 dabat
915 1917 944 1982 ei
967 1917 1077 1984 bibere
1091 1943 1122 1982 ».

665 2025 719 2090 48.
743 2023 844 2106 (Vera
869 2015 947 2108 39).
974 2023 1057 2090 Cant
1073 2045 1150 2112 erpo
1166 2025 1341 2112 accepisset
1355 2027 1450 2092 Iesus
1466 2045 1537 2090 ace-

578 2137 657 2196 tum.
681 2129 734 2196 Hic
751 2129 879 2214 ponitur
901 2129 1197 2198 444444444444444
1212 2131 1368 2208 44444444·
1392 2131 1475 2198 ande
1490 2131 1536 2198 di-

504 2303 505 2306 ,
577 2237 633 2302 cit:
653 2235 735 2304 Cura
758 2255 834 2320 erpo
850 2237 1027 2322 accepisset
1048 2238 1305 2318 1444444444,
1328 2237 1428 2304 diuit:
1456 2237 1536 2304 Con-

577 2351 782 2410 44444444444
805 2349 869 2422 444,
895 2345 1012 2422 scilicet
1034 2345 1119 2430 qnod
1148 2345 1394 2430 scriptum‘erat
1416 2345 1456 2412 de
1488 2363 1536 2412 me

576 2453 648 2520 ante
668 2453 799 2538 spiritus
815 2451 1023 2518 emissionem.
1047 2453 1092 2518 De
1116 2453 1175 2518 hac
1192 2453 1460 2520 consummatione
1476 2453 1536 2518 bu-

577 2577 630 2626 444
645 2559 765 2626 decimo
787 2559 938 2624 octaroiz
960 2557 1300 2642 «Consummabuntur
1316 2557 1435 2636 omnia,
1456 2575 1536 2642 quae

576 2655 693 2750 Scripta
716 2669 789 2732 sunt
812 2663 850 2730 de
866 2663 941 2730 Filio
964 2663 1099 2730 hominis
1115 2687 1152 2742 »;
1169 2663 1209 2728 ad
1231 2663 1387 2730 Hebraeos
1409 2663 1545 2746 quinto:

581 2797 596 2828 «
611 2769 868 2846 consummatus
892 2769 993 2834 iactus
1009 2773 1056 2834 est
1079 2765 1225 2832 omnibus
1247 2765 1535 2852 obtemperantibus

576 2875 634 2942 sibi
656 2891 752 2942 causa
775 2873 885 2938 salutis
907 2879 1053 2938 aeternae
1070 2897 1099 2936 4.
1196 2909 1200 2918 ·

666 2981 707 3044 st
728 2975 885 3044 inclinato
901 2977 1008 3062 capite
1022 2981 1081 3044 etc.
1100 2975 1202 3045 Posita
1220 2977 1535 3044 consummationem

420 3083 969 3170 444444484414444444444444414,
995 3081 1046 3148 hio
1070 3083 1157 3168 ponit
1177 3069 1474 3150 consummationem
1501 3083 1536 3148 in

575 3189 682 3278 (aeta-
706 3197 735 3256 et
759 3191 836 3254 baec
852 3187 1080 3254 consummatio
1101 3187 1162 3254 luit
1185 3189 1217 3254 in
1241 3189 1535 3274 mortc,quiaf1nis

540 3361 541 3364 ,
575 3297 755 3382 passionum
779 3293 991 3380 praesentium
1015 3311 1101 3360 mors
1124 3301 1194 3374 est;
1217 3293 1302 3362 unde
1324 3295 1534 3362 [1141441444-

504 3425 505 3428 ’
572 3409 650 3470 4444
673 3403 796 3488 cupite,
815 3399 956 3466 tradidit
969 3399 1139 3486 spiritam.
1156 3401 1350 3486 Augustinus
1363 3401 1392 3486 34
1411 3427 1428 3460 «
1452 3403 1534 3468 Tru·

572 3509 657 3574 didit
678 3507 848 3594 spiritura,
874 3513 1023 3592 tanquam
1048 3507 1099 3572 ille
1116 3507 1171 3590 qni
1185 3513 1377 3592 potestatem
1396 3503 1535 3572 studebat

569 3615 714 3704 paneadi
737 3615 888 3680 44444444
910 3633 1011 3680 saara
1026 3621 1058 3680 et
1072 3611 1193 3680 iterant
1214 3615 1371 3680 sumendi
1388 3633 1488 3706 eant,·
1503 3619 1534 3680 ct

574 3723 633 3790 hoc
647 3721 806 3788 inclinato
822 3719 938 3806 capite.
958 3719 1035 3804 Quis
1059 3719 1101 3786 ita
1124 3719 1254 3800 dormit,
1277 3719 1403 3804 quando
1427 3721 1533 3790 volue-

572 3829 629 3910 rit,
641 3827 722 3896 sicat
737 3827 896 3906 Christus,
913 3827 1038 3912 quaudo
1052 3825 1164 3906 soluit,
1181 3833 1326 3892 mortuus
1337 3831 1386 3894 cst
1397 3851 1413 3884 4
1424 3833 1437 3890 4
1448 3827 1533 3892 Unde

573 3935 718 4020 spiritum
743 3931 874 4012 obtulit,
897 3931 980 4000 sicut
1001 3931 1118 3998 dicitur
1139 3931 1180 3998 ad
1202 3933 1359 4000 Hebraeos
1381 3931 1531 4018 quintoi:

578 4067 592 4100 t<
609 4043 688 4108 Cum
704 4039 850 4124 lacrymis
874 4045 904 4106 et
920 4039 1057 4106 clamore
1080 4037 1182 4106 valido
1197 4039 1332 4106 41444444
1346 4067 1364 4098 a
1385 4039 1532 4126 spiritum

572 4163 677 4214 suum.
702 4147 738 4214 st
761 4145 837 4212 haec
853 4145 913 4210 fuit
937 4145 1163 4212 consummatio
1179 4145 1428 4228 praedictorum,
1451 4145 1533 4212 sicut

572 4253 688 4320 dicitur
718 4251 759 4320 ad
779 4241 937 4318 Hebraeos
966 4249 1106 4318 decimo:
1135 4275 1151 4308 4
1175 4251 1242 4316 1144
1271 4251 1429 4318 oblatione
1459 4269 1532 4338 con-

572 4357 741 4426 summarit
763 4355 795 4420 in
819 4355 1047 4440 sempiternum
1070 4355 1334 4436 4444114444444;
1358 4363 1390 4422 et
1413 4355 1451 4422 ad
1475 4355 1531 4422 He-

572 4461 854 4544 44444444444414;
885 4461 1065 4540 «Docebat,
1082 4477 1155 4526 eum
1180 4461 1234 4544 qui
1250 4461 1368 4526 multos
1381 4461 1462 4526 filios
1479 4461 1545 4526 aa.

572 4571 709 4636 duxerat
732 4567 934 4652 ingloriam,
957 4585 1014 4652 per
1038 4567 1212 4652 passionem
1237 4585 1503 4634 consummare».

660 4677 712 4744 49.
745 4673 866 4742 Iudaei
897 4673 1017 4752 acroi,
1033 4709 1036 4714 ‚
1051 4673 1209 4762 quoniam
1236 4693 1419 4760 parasceue
1447 4681 1530 4740 erat.

437 4783 626 4860 4444441414
647 4783 775 4868 ponitur
800 4781 1027 4848 consummatio
1052 4781 1081 4846 in
1103 4781 1273 4866 passionis
1296 4777 1426 4868 4444444,
1449 4799 1532 4866 quae

447 4867 544 4918 ‘W'
572 4889 699 4976 qnidem
713 4871 773 4956 fuit
797 4889 827 4954 in
844 4889 1006 4972 apertione
1021 4887 1128 4954 lateris
1151 4887 1281 4968 Christi,
1298 4907 1339 4956 ex
1357 4907 1420 4974 qno
1435 4887 1531 4954 fluxit

429 1097 557 1142 Secundum.

643 5289 652 5320 ¹
675 5291 748 5344 Vers.
767 5289 811 5342 48.
828 5319 865 5332 -·-
882 5287 1002 5354 August,
1022 5289 1049 5342 in
1066 5291 1136 5342 1444.
1149 5291 1250 5354 Erang.
1262 5295 1294 5342 tr.
1310 5293 1369 5344 449.
1381 5307 1407 5346 n.
1422 5291 1446 5344 4.
1459 5309 1528 5360 seq:

570 5381 720 5446 Hyssopum
740 5385 839 5442 antem,
853 5379 894 5432 cui
907 5381 1153 5444 circumposuerunt
1172 5381 1308 5444 spongiam
1322 5387 1395 5434 aceto
1415 5367 1529 5448 plenam,

572 5467 698 5534 qrroniam
716 5465 798 5522 herba
825 5471 866 5520 est
891 5467 998 5520 humilis
1025 5473 1050 5520 et
1076 5471 1170 5532 pectus
1193 5473 1305 5534 purgat,
1332 5469 1416 5534 ipsius
1434 5467 1529 5522 Christi

572 5557 744 5610 bumilitatem
771 5561 946 5622 congruenter
972 5555 1143 5630 accipimus..
1167 5559 1218 5610 Nec
1246 5565 1365 5630 moreat,
1392 5561 1528 5626 quomodo

470 5637 474 5644 “
571 5645 681 5710 spongia
700 5647 741 5698 ori
758 5645 815 5698 eius
842 5645 956 5710 potuerit
983 5645 1132 5712 admoveri,
1154 5645 1197 5714 qui
1218 5645 1341 5700 inbruce
1359 5651 1442 5702 iuerat
1461 5649 1529 5702 exal-

571 5737 640 5786 tatus
659 5747 674 5784 a
692 5737 769 5786 terra.
791 5733 861 5786 Sicut
878 5733 949 5784 enim
978 5735 1050 5796 apud
1077 5733 1142 5786 alios
1162 5735 1340 5798 Evangelistas
1359 5733 1458 5802 [blatth.
1480 5735 1527 5802 m,

572 5819 620 5882 aa,
638 5821 717 5872 111444.
738 5819 784 5886 45,
804 5819 868 5886 34],
896 5819 968 5886 qnod
997 5819 1040 5872 bic
1065 5821 1255 5886 praetermisit,
1281 5823 1308 5874 in
1336 5821 1471 5876 arcadiae
1489 5828 1528 5875 est

500 5949 501 5952 .
572 5909 683 5970 iactum,
703 5913 731 5960 ut
749 5905 773 5956 in
794 5905 904 5970 spongia
924 5907 980 5960 talis
997 5913 1075 5972 potus
1094 5909 1127 5960 ad
1142 5909 1229 5960 crucis
1247 5909 1369 5960 sublimia
1389 5911 1527 5960 levaretur.

570 5993 619 6044 Per
637 5995 793 6048 arundinem
812 6007 876 6046 vero
896 5993 1030 6058 Scriptura
1049 5993 1257 6060 significabatur,
1283 6011 1351 6062 quae
1369 5995 1527 6062 implebatur

571 6083 622 6134 hoc
639 6083 706 6134 sacto
734 6085 785 6134 etc.
803 6109 838 6122 -
857 6081 984 6146 Superius
1011 6097 1060 6146 pro
1090 6083 1203 6152 ligatum
1229 6097 1279 6136 non
1299 6083 1377 6150 pauci
1401 6083 1478 6136 codd.
1497 6083 1527 6134 44-

569 6173 672 6236 aarum.

640 6257 651 6288 ²
672 6261 744 6314 Vers.
765 6261 807 6310 3l.
827 6259 1003 6326 -Sequitur
1023 6257 1102 6312 Hebr.
1121 6259 1153 6326 5,
1172 6259 1197 6314 9.

640 6343 651 6374 ⁸
670 6351 695 6400 ln
717 6351 785 6400 loon.
803 6349 902 6410 Evang.
922 6353 952 6398 tr.
974 6347 1035 6398 449.
1052 6361 1077 6398 u.
1097 6347 1127 6398 6:
1147 6347 1258 6410 Deinde,
1272 6349 1333 6416 quia
1347 6349 1409 6401 nibil
1425 6359 1527 6400 remen·

569 6441 651 6500 serat,
670 6437 742 6502 qnod
770 6439 911 6502 antequam
935 6441 1096 6500 moreretur,
1114 6435 1172 6488 lieri
1198 6437 1455 6502 adhucoporteret,
1473 6441 1526 6488 tan·
1588 6473 1589 6476 ¹

569 6539 650 6592 quam
669 6527 711 6578 1114
729 6525 775 6590 qui
790 6527 948 6592 potestaten
977 6519 1091 6608 4444444
1112 6525 1233 6594 ponendi
1257 6527 1380 6582 44444444
1403 6539 1483 6580 saura
1500 6527 1528 6578 et

504 6671 505 6674 Ἴ
569 6611 669 6668 iterata
686 6611 811 6668 44444444
836 6627 896 6668 eant
916 6613 994 6682 [toan.
1014 6617 1062 6678 lll,
1085 6617 1149 6682 ls.];
1168 6617 1281 6680 peractis
1299 6615 1437 6678 omnibus,
1456 6627 1526 6682 quae

569 6707 599 6754 ut
610 6707 799 6766 peragerentur
810 6703 991 6770 exspectabat,
1010 6701 1139 6758 444444444
1153 6705 1249 6772 capite,
1263 6703 1376 6758 tradidit
1385 6703 1523 6774 spiritura.

569 6789 632 6852 Quis
641 6789 675 6842 ita
686 6791 792 6854 dormit,
803 6791 912 6856 qnando
924 6793 1050 6854 voluerit,
1063 6793 1131 6844 sicut
1143 6796 1215 6846 lesus
1228 6789 1347 6846 mortuus
1357 6799 1405 6858 441,
1416 6791 1524 6860 quando

569 6877 672 6928 voluit?
685 6907 720 6916 --
732 6879 780 6930 Ed.
794 6893 823 6932 er
837 6879 947 6944 August.
960 6881 1080 6946 adiungit
1094 6881 1214 6950 44444444
1232 6881 1356 6936 omuibus
1368 6889 1429 6934 ante
1441 6879 1524 6934 verba

1269 577 1462 658 COMMENT.
1486 579 1524 644 ΙΝ
1546 577 1713 644 thNNElll
1730 579 1768 644 C.
1792 579 1867 646 XIX.

1604 779 1620 812 «
1638 755 1765 842 sanguis
1787 761 1818 822 et
1841 755 1949 842 aqua6
1966 785 2001 836 h,
2026 755 2108 822 unde
2132 755 2300 824 efficaciam
2318 755 2434 840 habant
2450 757 2559 824 Sacra-

1600 865 1718 938 menta,
1741 865 1779 926 ut
1799 859 1874 928 dicit
1898 859 2013 928 Glossa.
2031 861 2068 926 ct
2090 865 2239 926 notamur
2250 859 2307 946 ¹hic
2330 861 2559 944 4444444441-

1600 963 1671 1030 licet
1699 965 1812 1050 petitio
1843 965 2055 1052 depositionis
2087 965 2351 1050 crucifixorum,
2386 963 2559 1052 crurifra-

1597 1071 1692 1156 gium
1723 1071 1910 1150 latronam,
1935 1071 2062 1158 apertio
2093 1071 2208 1154 lateris
2232 1067 2358 1138 Christi
2379 1079 2409 1138 et
2438 1069 2559 1156 444444-

1598 1175 1703 1242 444144
1727 1177 1911 1244 testimonii.
2006 1163 2007 1166 ¹

1688 1283 1892 1366 (1144431).
1924 1283 2040 1350 Potitio
2073 1283 2283 1370 depositionis
2315 1281 2558 1368 crucifixorum
2576 1295 2679 1340 Primum·

1598 1385 1679 1454 iacta
1703 1393 1749 1454 est
1772 1407 1790 1454 a
1814 1387 1950 1468 Indaeis;
1973 1393 2007 1454 et
2036 1387 2116 1454 ratio
2139 1389 2296 1466 redditur,
2329 1389 2403 1472 quia
2426 1393 2495 1454 erat
2522 1387 2558 1454 in

1598 1491 1650 1560 die
1671 1493 1816 1578 sequenti
1839 1511 1971 1578 magnus
1994 1493 2061 1560 dies
2084 1493 2225 1574 Sabbati;
2250 1493 2488 1580 propterquod
2511 1493 2559 1558 di-

1598 1599 1659 1666 cit:
1683 1601 1803 1668 Iudaei
1826 1619 1920 1688 ergo,
1946 1601 2100 1688 quoniam
2128 1619 2310 1688 parasceue
2339 1607 2428 1678 erut,
2456 1599 2560 1668 idest

1598 1703 1665 1772 dies
1689 1705 1854 1790 proximus
1879 1713 1951 1774 ante
1973 1705 2185 1788 sabbatum⁷;
2210 1715 2328 1774 44444
2350 1713 2559 1774 remanerent

1598 1809 1749 1876 4444444
1766 1829 1908 1898 corpora
1932 1811 2088 1892 Sabbata,
2105 1821 2235 1898 propter
2256 1811 2482 1880 solemnitatem
2499 1811 2559 1880 sci-

1599 1917 1689 1998 licet;
1713 1925 1785 1984 crat
1809 1917 1893 1984 44444
1910 1937 2055 2004 coagnus
2078 1919 2147 1984 dies
2170 1919 2221 1984 4114
2240 1915 2391 1996 Sabbati,
2416 1917 2492 2002 qnia
2510 1917 2558 1982 in-

1598 2033 1650 2092 tra
1671 2023 1898 2092 solemnitatem
1931 2041 2135 2108 azymorum3
2159 2031 2364 2110 rogaverunt
2387 2021 2558 2102 Pilatum,

1599 2141 1637 2198 at
1665 2129 1906 2218 frangerentur
1939 2149 2044 2198 crura
2076 2149 2192 2198 444444
2213 2137 2244 2196 44
2273 2129 2471 2196 tollerentur.
2498 2129 2559 2194 hu-

1598 2239 1787 2326 gustinusi:
1811 2241 1911 2306 «ldeo
1935 2257 2045 2306 corun}
2063 2237 2296 2324 irangebantur‘
2306 2255 2415 2316 crura,
2438 2243 2475 2302 ut
2491 2253 2558 2302 mo·

1598 2351 1749 2414 rorantur
1771 2353 1803 2414 et
1832 2346 2034 2416 auferrentur
2058 2365 2098 2414 ex
2131 2345 2231 2432 ligno,
2262 2361 2303 2410 ne
2324 2341 2496 2426 pendentes
2525 2341 2558 2408 in

1598 2453 1749 2520 crucibus
1771 2471 1920 2538 magnum
1952 2453 2035 2522 diem
2060 2453 2175 2548 festum
2198 2451 2248 2518 sui
2270 2447 2412 2517 diuturni
2438 2447 2559 2516 crucia-

1598 2565 1651 2624 tus
1675 2559 1809 2624 horrore
1831 2559 1992 2626 foedarent
2007 2585 2037 2624 4.
2063 2547 2301 2626 Deuteronomii·
2321 2555 2469 2642 vigesimo
2493 2555 2558 2642 pri-

1598 2681 1668 2728 mo:
1699 2663 1856 2744 «Quando
1873 2663 2048 2746 peccaverit
2072 2663 2165 2728 bomo
2189 2661 2272 2748 quod
2297 2669 2396 2728 morte
2422 2663 2558 2748 plecten-

1597 2767 1820 2846 4144444444
1849 2765 2045 2834 adiudicatus
2074 2767 2170 2834 morti
2200 2783 2373 2850 suspensus
2398 2767 2495 2834 fuerit
2524 2769 2557 2834 in

1598 2873 1754 2958 patibulo,
1776 2891 1838 2938 non
1862 2873 2059 2958 permanehit
2081 2873 2213 2942 cadaver
2238 2871 2306 2940 eius
2327 2871 2360 2938 in
2383 2871 2483 2958 liguo,
2503 2875 2558 2942 sed

1597 2979 1629 3044 in
1652 2979 1761 3046 eadem
1784 2979 1834 3044 die
1859 2979 2028 3062 sepelietur
2045 3005 2075 3044 4.

1689 3087 1740 3150 40.
1765 3083 1867 3170 (Vers.
1892 3083 1968 3166 341.
1995 3085 2154 3152 Venerunt
2177 3105 2253 3172 erpo
2270 3083 2395 3152 rniiites.
2422 3085 2475 3152 llic
2498 3105 2556 3152 no·
2574 3105 2703 3152 4444444.

1598 3197 1685 3258 tatur
1706 3189 1959 3278 crurifragium
1980 3181 2158 3258 latronum.
2185 3193 2346 3278 Venerunt
2368 3211 2444 3278 erpo
2468 3191 2556 3260 44444-

1598 3305 1661 3374 tcs,
1687 3295 1723 3362 ad
1741 3295 1921 3380 petitionem
1939 3295 2140 3374 ludaeorum,
2158 3303 2189 3362 et
2204 3293 2315 3380 primi
2328 3295 2480 3384 quidem,
2496 3299 2556 3364 sci-

1596 3403 1668 3472 licet
1691 3401 1731 3468 ad
1761 3419 1856 3488 quem
1888 3401 1992 3486 primo
2018 3407 2193 3482 venerant,
2224 3401 2397 3488 4449444444
2428 3421 2555 3484 44444,

1597 3511 1672 3596 quia
1704 3509 1829 3578 virebat
1860 3509 1985 3590 adhuc;
2021 3517 2052 3578 et
2084 3509 2243 3590 alterins,
2279 3509 2338 3598 qai
2371 3509 2556 3596 4444444444

1595 3625 1669 3686 4444
1682 3617 1693 3656 ⁹
1708 3635 1785 3682 44444
1802 3635 1853 3696 44,
1877 3617 2004 3702 supple:
2021 3635 2118 3684 crura
2132 3617 2311 3702 fregerunt,
2336 3623 2367 3684 et
2382 3617 2427 3684 sic
2448 3619 2556 3704 exspi-

1595 3729 1768 3804 raverunt;
1794 3728 1830 3790 ut
1854 3723 1896 3790 sio
1921 3723 1979 3806 ipsi
2002 3721 2270 3808 distinguerentur
2287 3721 2325 3788 ab
2342 3723 2439 3806 tigno,
2464 3723 2555 3790 cuius

1595 3847 1665 3896 ossa
1688 3826 1842 3896 debebant
1866 3827 1987 3914 integre
2006 3827 2202 3906 conservari,
2228 3827 2302 3912 quia
2324 3827 2412 3896 solus
2433 3827 2554 3914 integer

1595 3941 1772 4018 apeccato.
1804 3933 1848 3999 llli
1882 3937 2028 4016 poterant
2061 3931 2167 3998 dicere
2198 3931 2278 3998 illud
2310 3933 2421 3998 Psalmi
2448 3935 2553 4002 sexti:

1601 4065 1618 4100 «
1633 4041 1713 4106 Sana
1736 4055 1804 4118 444,
1827 4039 1976 4118 Dandae,
1999 4039 2147 4124 quoniam
2179 4037 2364 4106 conturbata
2386 4043 2461 4106 sunt
2484 4057 2553 4106 ossa

1595 4161 1665 4210 mea
1681 4171 1710 4208 4.
2057 4141 2058 4144 “

1684 4251 1737 4316 iil.
1760 4251 1862 4334 (Vens.
1886 4249 1965 4334 33.).
1992 4253 2184 4318 4414444
2208 4255 2319 4318 autent
2349 4269 2424 4316 4444
2446 4251 2552 4318 venis-
2570 4271 2673 4318 44444.

1593 4365 1674 4424 sent.
1697 4357 1751 4424 Hic
1773 4361 1900 4424 notatur
1929 4359 2056 4442 apertio
2080 4359 2193 4424 4444444
2222 4355 2353 4426 Christi.
2381 4359 2420 4424 Et
2449 4359 2552 4444 primo

1594 4463 1685 4544 dicit,
1708 4461 1809 4550 qnare
1830 4481 1893 4530 non
1916 4465 2079 4550 fregerunt
2102 4483 2196 4532 crura
2220 4465 2305 4544 eius,
2330 4465 2447 4532 scilicet
2478 4467 2553 4550 quia

1595 4577 1742 4636 mortuus
1764 4575 1850 4648 erat3
1874 4577 1905 4636 et
1934 4571 1995 4636 hoc
2023 4577 2069 4636 est
2098 4571 2180 4658 quod
2204 4571 2295 4638 dicit:
2330 4571 2368 4638 ta
2397 4571 2554 4638 44444444

1595 4673 1708 4742 444410
1733 4685 1923 4754 mortuam,
1945 4695 2013 4742 non
2035 4673 2209 4762 fregerant
2231 4673 2301 4742 cius
2324 4695 2430 4742 44444
2438 4701 2451 4754 ,·
2478 4677 2552 4762 quia

1594 4789 1724 4868 propter
1754 4783 2009 4872 4441444444,
2046 4787 2081 4850 ut
2103 4783 2313 4850 accelerarent
2348 4789 2489 4850 mortem.
2516 4785 2552 4850 Et

1595 4889 1742 4958 subditur
1764 4889 1902 4974 apertio;
1926 4889 2009 4956 unde
2033 4889 2123 4956 dicit:

1592 5285 1721 5348 inclinato
1740 5291 1839 5362 capite,
1858 5291 2052 5346 etimmediate
2071 5297 2130 5358 post
2144 5291 2280 5356 subiungit
2291 5289 2403 5344 1444444441
2413 5289 2549 5358 spiritam.

1592 5379 1642 5436 Gir.
1663 5381 1729 5432 inira
1746 5397 1772 5434 n.
1793 5381 1836 5434 59.
2187 5409 2189 5412 ·
2524 5393 2526 5396 ·

1662 5465 1766 5538 *Vera
1786 5471 1815 5534 7;
1836 5469 1899 5524 ibid.
1920 5471 1969 5536 19,
1989 5469 2032 5522 lt.
2050 5473 2076 5522 44
2096 5471 2123 5534 4,
2146 5469 2185 5520 lo.
2207 5471 2267 5522 sunt
2284 5469 2338 5520 duo
2356 5483 2429 5534 seqq.
2451 5467 2509 5520 loci.

1662 5553 1803 5624 ⁵angata
1822 5571 1902 5624 erge,
1924 5557 1995 5624 quod
2015 5557 2093 5610 etiarn
2111 5557 2199 5618 codd,
2218 5555 2348 5610 nonnullis
2365 5555 2494 5622 exceptis,
2514 5555 2547 5608 io·

1592 5643 1671 5696 iarius
1688 5643 1820 5716 exhibent.
2178 5709 2181 5714 Ι

1664 5729 1758 5784 ilnlra
1781 5749 1805 5784 r.
1826 5733 1873 5796 34,
1895 5733 1920 5786 in
1938 5747 2019 5800 quem
2039 5733 2126 5786 Glossa
2156 5729 2298 5786 ordinaria
2327 5733 2398 5798 apud
2415 5733 2547 5798 Lyranum

1591 5819 1695 5872 exbibet
1713 5819 1795 5874 verba
1812 5819 1932 5886 angust,
1951 5835 2019 5888 quae
2039 5819 2103 5872 intra
2121 5833 2148 5872 n.
2168 5819 2211 5874 52.
2230 5823 2381 5874 atteruntur.
2432 5861 2433 5868 ,

1661 5905 1671 5936 r
1690 5907 1743 5962 Csr.
1762 5923 1842 5974 snpra
1861 5923 1923 5974 pag.
1943 5909 2003 5972 aaa,
2016 5915 2076 5960 nota
2096 5911 2122 5962 4.
2445 5901 2446 5904 ’

1661 5993 1671 6026 ⁸
1690 5999 1719 6048 ln
1736 5999 1803 6050 1444.
1824 5999 1923 6062 Evang.
1943 6003 1976 6050 tr.
1994 5999 2054 6050 4941.
2074 6013 2099 6050 n.
2119 5999 2145 6050 4.
2157 6027 2193 6038 -
2206 5999 2458 6064 Subindeallegatur
2470 5999 2545 6052 Dent.

1592 6083 1639 6146 al,
1660 6087 1701 6136 94.
1722 6099 1779 6152 seq.

1661 6169 1672 6200 ⁹
1692 6173 1802 6238 Vulgata
1823 6177 1869 6228 est.
1890 6201 1926 6214 -
1950 6175 2072 6242 Sequitur
2099 6177 2140 6230 Ps.
2161 6177 2190 6240 6,
2211 6177 2235 6228 3.
2255 6203 2289 6214 -
2308 6175 2415 6228 interius
2434 6189 2482 6240 pro
2503 6173 2547 6228 Illi

1586 6263 1715 6330 poterant
1733 6263 1865 6316 Gorranns
1884 6263 1929 6318 444
1952 6263 1995 6316 4114
2008 6267 2150 6334 poterant,
2168 6265 2211 6318 ed.
2235 6261 2284 6332 qui
2297 6265 2414 6332 poterat.
2432 6263 2484 6316 Ctr.
2511 6263 2544 6314 in·

1590 6353 1626 6402 144
1649 6365 1673 6404 4.
1695 6351 1737 6404 st.
2650 6405 2651 6408 ,

1661 6435 1682 6468 ²⁰
1703 6439 1813 6506 Vulgata
1826 6441 1900 6494 addit
1912 6439 1975 6494 iana
1988 6471 2022 6480 —
2036 6439 2122 6508 Cyrill.
2142 6441 2285 6506 Alexandr,
2298 6439 2325 6492 in
2344 6441 2414 6494 ioan.
2435 6441 2481 6502 49,
2502 6441 2544 6494 39.

1589 6539 1657 6594 seq:
1669 6527 1938 6596 Crura'conlringunt,
1958 6531 2073 6596 graviori
2091 6545 2203 6584 casuue
2222 6529 2374 6584 necessitate
2393 6529 2417 6582 in
2431 6535 2543 6582 mortem

1589 6629 1635 6668 eos
1653 6617 1830 6670 detrudentes
1850 6619 1903 6672 Sed
1919 6633 1981 6672 curn
1994 6621 2081 6672 lesum
2099 6605 2233 6674 inclinasse
2254 6623 2333 6684 caput
2354 6617 2544 6682 comperissent

1589 6707 1613 6754 el
1632 6703 1683 6754 iam
1703 6707 1848 6770 exspirasse
1866 6713 2003 6772 putarent,
2024 6709 2117 6760 frustra
2138 6709 2193 6762 eius
2212 6721 2286 6762 crura
2312 6707 2441 6770 confringi
2459 6705 2544 6759 existi-

1588 6797 1674 6856 mant,
1693 6795 1740 6848 sed
1758 6809 1818 6848 cum
1839 6797 1924 6850 adhuc
1945 6803 2078 6850 mortuum
2096 6811 2166 6860 esse,
2180 6797 2295 6850 nonnihil
2314 6797 2473 6862 diffiderent,
2492 6797 2543 6848 lan·

1589 6893 1635 6932 cea
1655 6881 1722 6934 latus
1739 6883 1796 6936 eius
1814 6885 1967 6950 perfodiunt
1983 6891 2033 6938 etc.
2570 6879 2571 6882 ¹
