5900 8266
385 611 463 676 xxa

386 787 432 850 tis,
446 787 604 838 44444114.
623 787 671 852 34,
684 791 724 838 εει
742 783 854 838 membr.
866 787 893 838 in
906 786 948 838 141.
961 785 1061 842 minore
1081 797 1149 838 saec.
1166 785 1230 836 illll.
1250 783 1342 848 Incipit

383 895 428 944 tol.
448 895 490 944 21.
509 907 533 942 r.
551 893 601 944 col.
619 895 645 942 2.
665 897 692 942 ut
705 891 731 942 in
743 891 829 944 editis,
842 919 876 930 —
889 891 958 942 Alter
971 903 1035 940 vero
1049 889 1107 942 cod.
1127 889 1149 954 Q
1166 887 1342 940 1444444414-

329 1063 330 1066 ¹
384 997 468 1064 44414,
482 997 636 1050 bibliotheca
658 999 683 1048 S.
701 997 847 1060 Fortunati,
866 997 933 1062 sign.
947 997 1006 1048 cod.
1022 997 1081 1050 484.
1095 995 1207 1048 membr.
1226 997 1251 1048 in
1274 999 1302 1060 8,
1316 997 1342 1048 in

383 1117 436 1168 cluo
449 1103 528 1154 etiam
542 1103 591 1156 alia
604 1117 681 1166 opera
697 1103 723 1154 S.
735 1103 947 1166 bonaventurae,
961 1101 994 1154 de
1006 1101 1104 1168 quibus
1116 1099 1206 1166 egimu
1220 1105 1296 1152 stom.
1310 1103 1343 1154 V.

383 1207 568 1272 prolegomena
589 1221 652 1272 pag.
673 1207 778 1260 XXVlll
794 1223 820 1258 n.
841 1207 882 1258 15.
902 1215 925 1260 ει
944 1221 1005 1272 pag.
1026 1207 1095 1258 XLV
1122 1221 1150 1260 a.
1171 1207 1196 1258 l.
1215 1207 1342 1270 prologus

383 1313 422 1366 ibi
439 1313 604 1366 inscribitur:
622 1313 719 1366 Sermo
737 1313 768 1366 cle
786 1327 807 1368 4.
823 1315 927 1366 ‘leonae
946 1309 1128 1382 coortpcb'cta:
1148 1309 1341 1390 4444414414·-

383 1419 426 1486 pol
442 1433 538 1472 scruas
564 1433 641 1472 44444
668 1425 726 1484 etc„
744 1425 771 1472 et
789 1419 882 1472 desinit
900 1417 1005 1470 vcrhis:
1026 1417 1151 1486 peditare
1168 1415 1266 1468 4144444
1279 1429 1341 1468 cara

383 1523 537 1594 4444141144
556 1529 658 1588 taraco,
684 1517 798 1590 exceptis
825 1525 956 1578 :tonnultis
983 1523 1137 1576 lectionibus
1164 1521 1340 1588 variantibus,

383 1631 418 1684 ita
436 1633 550 1696 perlecte
569 1645 628 1684 cum
650 1633 720 1684 edito
737 1633 849 1698 prologo
867 1633 1004 1696 convenit,
1024 1637 1051 1684 ut
1070 1645 1122 1684 non
1142 1645 1172 1684 44
1187 1645 1233 1682 ore
1253 1631 1341 1682 dicen-

307 1725 309 1728 ’
383 1739 571 1804 acescentis,
590 1739 637 1792 scd
656 1753 687 1792 ex
706 1739 824 1804 originali
845 1739 1014 1804 transcriptus
1033 1751 1091 1790 esse
1109 1723 1238 1790 videatur.

406 1819 408 1824 Ι
453 1847 523 1896 Bene
542 1845 577 1924 de
596 1847 621 1898 S.
642 1847 823 1898 bonaventura
843 1845 1000 1912 promeritus
1019 1849 1058 1896 est
1077 1845 1104 1896 p,
1123 1843 1220 1894 Bened.
1233 1843 1341 1906 Bonelli,

381 1951 427 2020 qui
445 1951 548 2016 prinlus
565 1951 711 2016 legitimum
731 1953 850 2004 ciusdem
868 1951 1099 2004 Commentarium'
1112 1951 1139 2002 in
1157 1951 1278 2002 loannem
1297 1951 1341 2002 de·
1397 1963 1400 1968 ·

330 2089 334 2096 -
383 2059 457 2124 texit,
476 2059 576 2110 44444444
596 2073 643 2110 suo
662 2059 749 2116 multis
767 2055 912 2112 rationibus
937 2057 1081 2110 vindicavit
1100 2055 1200 2122 (prodr.
1220 2055 1268 2108 col.
1287 2053 1334 2106 641

381 2163 468 2232 seqq.)
487 2163 692 2230 relationemque
710 2161 836 2224 ostendit,
855 2175 923 2230 quac
943 2161 1009 2214 inter
1022 2163 1092 2212 bunc
1104 2167 1129 2212 et
1142 2159 1250 2212 Gorrani
1273 2173 1340 2224 opus

383 2269 528 2328 intercedit.
544 2241 642 2322 Bouelli
662 2283 714 2320 non
731 2269 857 2332 cognovit
870 2269 977 2332 genuini
989 2269 1078 2332 operis
1091 2269 1195 2320 codices
1214 2267 1265 2320 alsi
1278 2271 1340 2320 trec.

381 2377 484 2430 Primus
503 2377 549 2428 luit
566 2373 702 2428 Romanus
721 2375 892 2428 bibliothecae
905 2375 1043 2440 angelicae
1055 2375 1161 2426 Eremit.
1178 2373 1205 2426 S.
1220 2373 1340 2440 August,

381 2485 460 2538 valde
479 2485 612 2550 antiquae,
632 2483 661 2552 444
677 2483 751 2536 cuius
764 2483 816 2534 bae
829 2483 912 2548 prima
932 2497 1014 2534 manu
1033 2449 1159 2548 scriptum
1178 2487 1246 2534 erat:
1270 2481 1341 2532 «En-

381 2591 452 2656 4414444
472 2589 573 2642 Postilla
602 2587 699 2652 optima
728 2601 807 2652 super
836 2589 957 2638 loannem
985 2587 1054 2638 edita
1084 2585 1228 2638 alleluiae
1251 2587 1341 2636 Fratre
1364 2647 1366 2652 Ι

380 2695 564 2748 Booaventura
595 2693 720 2746 cardinali
738 2695 771 2744 ad
797 2707 873 2744 usum
892 2695 1011 2744 Fratrum
1031 2689 1160 2744 lilinorum
1189 2691 1229 2742 111
1246 2707 1259 2736 a
1283 2689 1341 2756 (414.

294 2785 295 2788 “
381 2803 474 2854 prodr.
491 2803 540 2854 col.
560 2801 612 2854 tei
630 2815 658 2852 n.
677 2799 740 2868 39.).
759 2801 879 2854 Secundo
899 2800 957 2852 loco
975 2799 1017 2850 ille
1035 2797 1094 2850 citat
1108 2797 1228 2866 codicem
1241 2797 1341 2848 Tuder·

380 2909 464 2960 tinam
490 2901 665 2972 anonymum,
683 2907 811 2966 eundem,
832 2919 911 2974 quom
930 2921 979 2958 nos
1007 2911 1128 2958 accurate
1148 2903 1341 2964 444444411ιί444

380 3013 538 3068 contulimus
557 3013 628 3080 (vide
658 3013 721 3064 inlra
738 3025 766 3064 n.
786 3013 849 3080 44).
868 3011 972 3064 Tertius
991 3013 1033 3065 illo
1052 3019 1171 3076 tempore
1190 3011 1236 3062 tuit
1256 3011 1282 3062 in
1302 3009 1338 3062 141
1386 3077 1391 3084 ¹

380 3103 516 3172 bliotheca
536 3121 680 3172 blonasterii
708 3119 905 3172 lleilbraunensi
933 3119 958 3170 in
986 3117 1143 3180 Franconla,
1170 3117 1217 3182 qui
1241 3129 1339 3168 nomen

381 3229 408 3280 S.
426 3227 622 3280 bonaventurae
642 3227 795 3290 inscriptum
814 3223 905 3278 habuit
924 3223 982 3292 (cir.
1000 3223 1091 3276 prodr.
1110 3223 1158 3276 col.
1178 3223 1250 3288 lbi).

455 3333 503 3384 pro
529 3329 630 3384 edendo
658 3333 709 3382 hoc
734 3331 927 3384 Commentario
956 3329 1053 3382 Bouelli
1081 3343 1134 3382 aon
1154 3343 1217 3380 usus
1235 3331 1275 3380 est
1291 3327 1340 3378 uisi

380 3439 471 3490 codice
489 3439 621 3500 Romano,
642 3439 739 3502 passim
758 3437 888 3490 adhibens
906 3437 1045 3490 editionem
1066 3435 1246 3488 Colurrlcnsem
1266 3433 1341 3488 Corn·

380 3545 537 3598 mentariia
563 3547 682 3598 (14444444
712 3545 861 3610 compositi3
889 3545 996 3610 iusuper
1014 3545 1143 3608 plurimas
1166 3541 1341 3608 copiosasque

380 3657 457 3704 notas
476 3651 510 3704 acl
530 3653 627 3704 calcem
647 3649 783 3716 apposuit,
801 3649 900 3718 quibus
912 3649 989 3700 otiam
1008 3663 1057 3702 nos
1076 3661 1156 3712 saepe
1174 3649 1215 3700 usi
1239 3661 1340 3700 sumus

454 3759 621 3822 Superlluum
642 3755 718 3808 nohis
745 3757 833 3808 visum
860 3763 900 3808 εει
926 3769 1019 3806 omnes
1046 3759 1165 3820 repulere
1192 3753 1340 3806 rationesa

380 3867 410 3938 P.
427 3865 524 3920 borrelli
543 3865 569 3916 in
589 3865 732 3940 prodromo
745 3871 771 3916 et
783 3865 807 3914 ia
830 3865 846 3916 Ι.
859 3869 929 3916 tomo
950 3863 1133 3928 supplementi
1152 3877 1200 3928 pre
1221 3863 1340 3914 8114444-

360 3977 491 4030 ,ventura
509 3975 616 4024 auctore
635 3973 736 4034 allatas,
757 3985 817 4022 curn
842 3967 890 4022 alia
919 3969 1065 4022 testimonia
1086 3967 1119 4020 illi
1139 3969 1232 4022 editori
1251 3969 1340 4032 ignota

380 4079 458 4132 nobis
477 4093 528 4132 non
548 4079 648 4140 desint,
668 4091 736 4144 arrae
755 4089 834 4128 omne
852 4075 965 4128 dubium
983 4075 1119 4140 dissipant.

452 4183 515 4236 Fide
534 4183 604 4234 enim
623 4183 744 4234 codicum
765 4185 864 4234 constat
871 4181 979 4250 priato,
993 4177 1218 4234 Certamentarium
1230 4179 1340 4234 Garranl

290 4349 292 4354 ,
380 4303 438 4342 esse
458 4303 526 4354 opas
545 4289 695 4342 distInctum
716 4285 987 4350 aBonaventurianm
1007 4289 1081 4354 quod
1099 4293 1139 4340 est
1156 4285 1278 4356 brevius,
1297 4303 1341 4340 au-

380 4395 480 4462 4444444
498 4399 525 4448 ει
542 4397 596 4446 iere
615 4393 715 4458 integre
734 4393 761 4444 in
779 4393 887 4446 alterum
908 4399 1053 4458 receptum.
1081 4395 1149 4446 inter
1173 4395 1206 4448 48
1235 4397 1340 4450 codices

381 4501 612 4560 anobisnotatos
630 4505 690 4554 sunt
710 4501 758 4566 66,
778 4501 823 4566 qui
842 4501 960 4566 explicite
979 4501 1077 4553 habent
1094 4515 1191 4554 noman
1217 4503 1339 4570 Gorrani;

380 4607 479 4676 qulbus
497 4609 611 4660 addendi
623 4607 746 4660 videntur
759 4607 873 4660 nonnulli
887 4607 930 4660 alii
943 4607 1077 4672 anonymi.
1092 4607 1239 4660 Verisimile
1253 4615 1339 4662 tamea

381 4717 433 4780 cst,
453 4725 506 4764 non
525 4725 615 4764 omncs
635 4711 696 4764 istos
715 4711 838 4764 exhibere
857 4689 987 4776 integrum
1014 4711 1077 4764 illud
1096 4725 1173 4778 opus.
1193 4711 1340 4764 Observan-

381 4819 446 4870 dum
466 4821 518 4884 cst,
538 4817 610 4884 quod
629 4817 663 4868 illi
683 4819 717 4870 26
736 4817 840 4870 codices
864 4817 1033 4870 inveniuntur
1050 4819 1077 4870 in
1095 4817 1260 4872 bibliothecis
1278 4819 1341 4870 Ger·

380 4925 483 4978 4444144
503 4929 529 4976 ει
545 4923 678 4986 nustriae,
698 4929 723 4976 ct
740 4925 764 4976 si
782 4925 827 4990 qui
843 4923 920 4990 pauci
940 4925 966 4976 in
985 4925 1066 4976 Gallia
1080 4925 1260 4992 inveniantur,
1280 4931 1340 4978 suot

382 5027 516 5096 anonymi.
534 5059 568 5068 -
598 5027 741 5092 legitimus
768 5029 966 5082 bonaventurae
992 5027 1202 5080 Commentarius
1229 5029 1340 5082 hahetur

381 5141 453 5188 certo
472 5137 498 5188 in
519 5137 551 5188 48
580 5133 716 5188 codicibus
743 5135 853 5200 nostriS,
872 5149 986 5202 atrorum
1004 5149 1102 5188 noveru
1121 5139 1182 5188 saint
1206 5135 1339 5200 anonymi.

380 5245 499 5296 Fortasse
519 5241 596 5294 etiam
614 5241 732 5294 nonnulli
752 5241 795 5292 alii
814 5241 937 5306 anonymi
965 5241 1053 5308 petius
1076 5239 1174 5294 habent
1199 5239 1339 5294 Cemmen-

381 5349 477 5404 tarium
494 5349 693 5402 bonaventurae
713 5349 791 5414 paolo
809 5337 939 5400 mutatum
960 5363 1038 5414 quarn
1060 5347 1179 5400 Garrani.

453 5453 576 5512 Secundo
596 5461 710 5522 coastat,
728 5455 927 5506 bonaventurae
941 5453 1111 5516 tribuendum
1125 5467 1182 5506 esse
1196 5455 1269 5506 illum
1282 5467 1340 5518 pro·

381 5563 505 5626 legunto
526 5563 642 5614 6444444
661 5561 761 5626 integre
779 5567 928 5626 receptum:
949 5561 1017 5614 Eece
1034 5557 1162 5628 intellipct
1179 5563 1240 5626 ete,
1259 5573 1339 5626 quem

380 5665 423 5718 ille
451 5665 569 5718 recitarit
590 5665 642 5744 4444
668 5665 764 5718 scholis
790 5665 908 5728 parisiis,
932 5665 1040 5734 quando
1064 5665 1161 5732 incepit
1178 5667 1300 5716 loannem
1314 5685 1339 5718 a.

381 5773 436 5824 Hoc
455 5771 523 5824 bene
542 5773 713 5824 confirmatur
731 5771 819 5824 verbis
838 5773 1024 5824 Commentarii
1048 5773 1082 5838 (c.
1100 5773 1125 5824 2.
1145 5787 1170 5824 n.
1190 5773 1239 5842 6.):
1264 5773 1340 5826 «Me-

381 5879 451 5932 trcla
470 5877 564 5930 dicitur
584 5893 598 5930 a
617 5881 735 5944 4444444,
755 5879 828 5946 quod
841 5885 878 5932 cst
893 5891 1029 5946 mensura,
1048 5885 1074 5932 et
1086 5885 1196 5932 vocatur
1214 5879 1257 5932 hic
1271 5893 1340 5932 men·

380 5995 442 6056 sura
463 5983 610 6036 communis
629 5989 655 6036 et
673 5985 780 6050 usitata,
798 5985 866 6038 sicut
885 5983 1009 6040 1144441448
1027 5983 1181 6040 sextarium
1200 5983 1257 6038 4444
1275 5975 1340 6040 dict-

381 6103 443 6142 4444
457 6109 483 6142 a.
501 6087 567 6144 Coo:
587 6093 674 6142 autem
704 6089 731 6142 444
748 6089 848 6144 44144114
866 6091 960 6144 tradita
978 6091 1011 6142 sit
1029 6093 1094 6144 haec
1112 6091 1228 6154 postilla,
1248 6091 1340 6144 verisi-

381 6195 442 6248 mile
462 6199 514 6262 est,
533 6209 592 6246 earn
610 6197 704 6248 iactam
732 6209 789 6248 esse
807 6203 867 6248 ante
896 6211 936 6250 an.
962 6197 1039 6262 taem
1058 6203 1085 6250 ει
1102 6201 1172 6250 certo
1201 6203 1263 6250 ante
1280 6211 1339 6250 eam

382 6307 509 6368 quaeest
528 6301 552 6354 in
572 6301 743 6366 livangehum
762 6301 856 6354 Lucae.

454 6405 561 6460 Criteria
580 6409 694 6472 interna,
722 6407 816 6460 dilluse
843 6421 857 6460 a
886 6409 914 6460 p,
941 6409 1040 6462 Bonelli
1058 6409 1086 6476 in
1103 6409 1248 6464 prodromo
1268 6409 1339 6460 etin

380 6513 450 6566 notis
469 6515 594 6580 exposita,
611 6529 722 6580 prorsus
739 6515 894 6568 continuant
912 6497 1059 6568 testimonia
1078 6523 1198 6586 44444444,
1217 6517 1290 6586 quod
1303 6519 1338 6568 la-

382 6619 430 6670 cile
449 6619 572 6684 intelliget
593 6621 640 6686 qui
666 6623 786 6672 versatus
804 6625 844 6672 est
864 6619 892 6672 in
917 6619 1038 6684 genuinis
1061 6623 1260 6676 Beneventurae
1278 6637 1339 6688 ope·

381 6721 464 6776 ribus

454 6833 561 6894 propter
581 6831 697 6886 intimam
716 6833 882 6898 relationem,
901 6847 981 6898 quam
1010 6847 1071 6886 cuna
1094 6841 1183 6888 nostro
1202 6835 1338 6890 Commen-

383 6925 447 6990 tario
468 6937 546 6990 habat
564 6953 633 7006 opus
652 6939 774 7006 Gorrani,
793 6941 818 6992 in
838 6943 944 6994 elencho
962 6941 1084 6994 codicum
1103 6943 1253 7006 promiscue
1271 6943 1340 7006 codi-

1176 607 1451 676 peetueelleah
1475 607 1506 670 C.
1533 607 1566 670 ll.

1405 797 1448 836 ces
1467 783 1604 850 utriusque
1622 783 1785 846 allegamus?
1798 783 1856 834 iicet
1875 781 2050 848 distinguendi
2065 783 2115 836 sint
2128 783 2264 850 utriusque
2277 789 2362 836 aucto·
2382 847 2383 850 Ἴ

1405 889 1440 940 ris
1468 889 1663 942 Commentarii.
1688 891 1740 942 Nec
1760 889 1926 942 dissentimus
1955 905 1969 940 a
1997 889 2106 956 Bouelli,
2126 891 2170 958 qul
2192 891 2291 958 (Proclr.
2311 891 2359 944 col.

1406 995 1468 1060 648)
1487 1009 1562 1048 suam
1583 995 1785 1060 disputationem
1804 997 1844 1048 his
1871 995 1961 1048 verbis
1979 997 2123 1048 concludit:
2147 997 2237 1048 rh'ilril
2267 997 2292 1048 in
2321 1009 2356 1048 re·

1405 1099 1482 1166 liquis
1502 1099 1648 1152 detractam
1667 1099 1734 1168 [esse
1753 1099 1825 1168 volo]
1844 1101 1986 1154 clarissimo
2009 1101 2116 1154 64444444
2136 1101 2250 1168 nomini,
2270 1105 2361 1168 utpote

1406 1207 1539 1270 scriptoris
1557 1207 1671 1274 egregii,
1691 1221 1772 1274 quem
1790 1221 1840 1260 nos
1858 1221 1966 1274 quoque
1985 1207 2074 1272 rnagni
2092 1207 2236 1262 iacimus».

1875 1419 1893 1472 1.

1440 1625 1542 1682 eutices
1562 1625 1743 1682 Commentarii
1763 1627 1790 1682 in
1808 1585 1982 1696 114444444Ιί44Ι
2000 1629 2025 1684 S.
2045 1631 2149 1684 Ioannis
2166 1647 2223 1686 can
2242 1631 2320 1686 4444444

1550 1749 1566 1786 a
1585 1733 1612 1786 P.
1632 1731 1768 1788 Benedicta
1784 1733 1884 1788 Bonelli
1901 1733 1970 1788 adila
1988 1751 2004 1788 a
2022 1735 2094 1790 nobis
2112 1735 2211 1792 4411411.

1476 1945 1500 1996 1.
1522 1941 1677 2008 cracoviae,
1691 1943 1848 1998 bibliotheca
1865 1945 2057 2010 Universitatis‚
2071 1947 2130 2002 cod.
2144 1949 2220 2000 4363.
2233 1949 2283 2002 ΑΑ.
2298 1951 2359 2002 illl.

1406 2049 1448 2102 44.
1466 2047 1578 2102 membr.
1595 2049 1623 2100 444
1649 2051 1708 2104 14144
1731 2065 1798 2104 saec.
1826 2053 1890 2104 Xlll.
1909 2051 2002 2116 incipit
2021 2067 2082 2118 pag.
2100 2055 2115 2104 p
2136 2057 2184 2106 col.
2206 2055 2228 2118 4,
2249 2055 2290 2108 441
2310 2055 2358 2108 4144

1404 2169 1497 2230 aranas
1517 2171 1586 2210 saec.
1604 2159 1672 2212 xlv.
1691 2157 1843 2222 praemisit:
1862 2157 1974 2212 Postilla
1994 2173 2077 2230 anper·
2090 2161 2259 2230 ccoapelioaa
2274 2161 2364 2218 soracti

1404 2261 1624 2316 lateranensibus
1643 2265 1766 2318 interius:
1785 2265 1864 2332 Eece,
1888 2265 2015 2340 1414111444
2031 2281 2127 2320 aeroas
2146 2281 2220 2322 44444
2240 2267 2360 2324 414441-

1404 2367 1504 2422 lobitar
1523 2373 1548 2424 ct
1565 2369 1712 2424 4144414144
1728 2375 1754 2426 et
1772 2369 1825 2426 cra't
1840 2371 1963 2426 4414144444
1976 2371 2061 2426 coldo.
2077 2371 2147 2438 0414
2164 2373 2358 2428 continentiori:

1403 2473 1680 2530 44444414444444444
1704 2477 1731 2530 ia
1757 2491 1824 2548 opus
1842 2483 1891 2530 etc.
1910 2479 2008 2532 Desinit
2030 2493 2091 2544 pag.
2114 2483 2123 2530 4
2131 2479 2163 2532 ai
2183 2481 2230 2530 col.
2252 2481 2280 2532 t:
2298 2483 2358 2548 Ipso

1403 2579 1560 2648 actionario,
1585 2581 1632 2650 441
1654 2583 1760 2638 atellei
1785 2589 1884 2654 repant
1909 2583 1938 2638 ia
1964 2585 2055 2640 4444414
2083 2587 2358 2640 444414444444444.

1404 2689 1476 2744 Laoc
1490 2689 1537 2744 tibi
1547 2695 1587 2746 est
1599 2691 1659 2758 Χιε,
1673 2693 1803 2760 piconiaca
1819 2691 1896 2746 tabor
1907 2693 2018 2764 ercplicil
2029 2693 2084 2748 1444.
2093 2723 2129 2734 -
2140 2695 2261 2758 signatur
2270 2695 2316 2746 litt.
2330 2695 2358 2746 ll.

1405 2855 1407 2860 y
1453 2787 1519 2848 'list
1535 2809 1701 2860 anonymos:
1721 2799 1768 2850 sed
1790 2801 1925 2866 convenit,
1946 2801 2035 2866 paucis
2064 2801 2178 2866 propriis
2205 2799 2359 2854 lectionibus

1404 2903 1532 2966 exceptis,
1550 2915 1611 2954 curn
1631 2903 1708 2956 codd.
1727 2901 1791 2956 bibi.
1811 2905 1973 2956 Florentiaae
1992 2911 2018 2958 et
2036 2907 2204 2958 Monacensis,

1458 3055 1460 3058 .
1476 3009 1501 3058 4.
1520 3007 1660 3076 64144444
1672 3007 1698 3060 in
1712 3009 1836 3074 Bovario,
1850 3007 2007 3064 bibliotheca
2020 3011 2211 3076 Universitatis,
2224 3013 2283 3066 cod.
2298 3013 2358 3066 ata.

1405 3113 1518 3166 membr.
1536 3113 1561 3166 iu
1588 3115 1631 3166 441.
1651 3127 1734 3178 parvo
1760 3129 1828 3166 saec.
1847 3111 1919 3166 le‘.
1935 3115 2054 3170 incuntis.
2077 3119 2102 3170 144
2120 3121 2235 3172 chartula
2261 3121 2359 3172 aclneva

1405 3221 1438 3274 ad
1458 3221 1553 3274 calcem
1575 3221 1626 3274 14444
1646 3221 1769 3288 secundi,
1784 3227 1887 3274 4444444
1906 3233 1920 3274 4
1940 3237 2018 3276 :aranu
2036 3237 2103 3276 saec.
2118 3225 2176 3286 XV,
2190 3231 2291 3292 praeter
2311 3227 2359 3278 alia

1405 3329 1517 3394 legitur:
1535 3327 1600 3382 11444
1618 3325 1727 3400 Post‘tlc
1746 3329 1934 3382 hortat-entare
1952 3343 2032 3398 carpet·
2051 3331 2190 3384 14444444.
2208 3333 2306 3386 Eodem
2327 3335 2361 3384 lo-

1404 3433 1437 3488 lio
1457 3433 1545 3498 incipit
1563 3433 1773 3486 Commentarius
1790 3441 1816 3486 ει
1835 3437 2002 3502 prosequitur
2021 3441 2048 3488 ut
2068 3437 2092 3488 ia
2110 3439 2190 3490 edita.
2204 3439 2262 3490 post
2279 3453 2359 3494 44444

1405 3541 1505 3592 addidit
1523 3541 1624 3604 primus
1638 3541 1771 3606 scriptor:
1790 3541 1862 3596 Latia
1883 3541 1930 3596 lt'bc'
1947 3541 1983 3596 st'l
1999 3543 2064 3608 Χ14,
2084 3543 2211 3612 quoniam
2231 3543 2295 3598 liber·
2316 3559 2359 3598 44-

1401 3645 1479 3714 pb'et'l
1496 3645 1551 3700 4444.
1569 3673 1604 3684 -
1625 3647 1698 3712 Siga.
1717 3647 1764 3698 titt.
1782 3647 1813 3700 G.

1475 3755 1513 3804 be
1531 3755 1581 3804 hoc
1599 3755 1659 3806 cod.
1676 3753 1748 3806 idem
1768 3755 1836 3806 valet
1853 3753 1994 3820 iudicium,
2014 3757 2083 3820 qaod
2103 3757 2138 3808 cle
2156 3757 2337 3820 praecedente.

1475 3861 1499 3910 3.
1519 3859 1683 3924 Florentiae,
1704 3857 1859 3914 bibliotheca
1886 3861 2198 3928 Medium-Laurentiano,
2216 3865 2275 3916 cod.
2295 3865 2358 3916 olim

1404 3973 1509 4018 sanctae
1526 3967 1620 4018 itariae
1640 3967 1760 4018 Novellae
1778 3967 1839 4030 848,
1866 3967 1947 4020 modo
1965 3981 2029 4020 vero
2048 3983 2158 4022 numero
2179 3975 2277 4024 nautato
2297 3971 2357 4024 363.

1404 4069 1517 4124 membr.
1535 4071 1563 4122 in
1583 4071 1623 4124 141.
1644 4085 1711 4124 εεεε.
1730 4071 1794 4124 Xlll.
1814 4071 1937 4124 exeuntis¹
1957 4075 1982 4126 ln
2003 4075 2117 4126 chartula
2143 4075 2243 4126 adiecta
2265 4077 2358 4140 legitur

1403 4179 1470 4230 inter
1488 4177 1538 4230 alia
1563 4193 1578 4228 a
1606 4191 1686 4230 :nanu
1711 4193 1778 4232 saec.
1796 4179 1866 4230 XlV.
1888 4187 2007 4232 exarata:
2026 4177 2124 4234 poscite
2144 4181 2200 4248 tsic)
2219 4195 2301 4250 cupa·
2321 4183 2358 4234 lo·

1404 4283 1521 4338 14444444
1538 4283 1637 4354 fratria
1655 4283 1755 4338 borcali
1776 4283 1806 4336 de
1828 4283 1977 4350 Florentia,
1997 4285 2099 4340 ordinis
2124 4285 2247 4358 [4414444
2270 4285 2359 4342 predi·

1404 4395 1536 4446 44444444.
1556 4389 1684 4444 1414444414
1711 4387 1879 4446 parisiensis.
1898 4393 1927 4444 Et
1946 4393 2029 4444 intra:
2048 4395 2133 4448 141444
2154 4393 2295 4448 postillam
2318 4409 2360 4450 sa·

1400 4513 1452 4566 per
1471 4495 1616 4552 labeonem
1635 4495 1689 4552 carc'
1706 4509 1753 4564 epo
1772 4497 1857 4566 pater·
1875 4499 1997 4552 Dorcolas
2018 4511 2062 4552 ser
2081 4497 2217 4552 lb'cbocb'c
2237 4513 2255 4552 4
2271 4499 2360 4568 pietro

1404 4601 1521 4656 Antonio
1538 4601 1571 4654 dc
1594 4601 1732 4670 Sonista),
1754 4603 1818 4656 1444
1841 4601 1937 4656 priore
1954 4605 2045 4658 4444444
2064 4603 2162 4670 Mar-ie,
2180 4603 2285 4658 44411414
2303 4605 2358 4674 [44-

1403 4711 1479 4762 tram
1506 4707 1717 4762 Predicalorum.
1741 4711 1773 4762 Et
1798 4709 1905 4762 interius
1934 4711 2132 4764 loitcoit.
2156 4711 2248 4774 incipit
2274 4713 2359 4778 prima

1403 4831 1516 4870 manus:
1535 4817 1615 4882 Ecce,
1635 4831 1728 4870 ceretu
1748 4829 1824 4870 444444
1850 4813 1977 4884 4444114444
1996 4821 2044 4868 etc.
2063 4819 2161 4870 Desinit
2187 4819 2247 4870 tolio
2270 4819 2316 4872 il.
2337 4833 2358 4870 r.

1404 4925 1454 4978 cel.
1472 4927 1497 4976 4.
1518 4925 1614 4978 Eadem
1634 4925 1717 4990 prima
1736 4937 1832 4976 manus
1850 4923 1969 4976 addidit:
1988 4925 2061 4978 Laus
2080 4921 2129 4978 titt
2144 4923 2181 4978 sit
2196 4925 2275 4990 Χειε,
2299 4939 2360 4994 pao·

1403 5029 1479 5086 aliare
1498 5029 1575 5084 14444·
1592 5027 1776 5098 4441144414.
1794 5029 1937 5082 Identidem
1965 5035 2105 5082 occurrunt
2133 5031 2237 5082 notulae
2262 5045 2276 5082 a
2300 5029 2361 5084 scri·

1403 5141 1478 5202 piore
1496 5137 1592 5188 saeculi
1610 5137 1677 5188 XlV.
1698 5140 1825 5188 exaratae.
1843 5161 1880 5176 ·-
1898 5135 1968 5200 Siga.
1989 5135 2034 5188 litt.
2055 5138 2072 5189 l.

1474 5241 1521 5294 Hic
1539 5243 1614 5304 cod,
1634 5243 1743 5320 sicut-et
1762 5241 1815 5296 duo
1834 5247 1915 5308 seqq„
1935 5241 1993 5294 licet
2015 5239 2171 5310 plerumque
2189 5245 2250 5296 satis
2267 5257 2361 5296 conve·

1404 5347 1476 5400 :aiant
1499 5361 1559 5400 curn
1586 5347 1773 5402 parisiensibus
1796 5347 1947 5416 codicibus²
1963 5351 2017 5402 tere
2034 5365 2140 5416 semper
2158 5351 2265 5404 easdem
2283 5365 2358 5416 prae·

1404 5455 1466 5510 beni
1483 5455 1607 5510 lectiones
1622 5455 1762 5522 speciales,
1775 5471 1843 5524 quae
1855 5457 1933 5510 etiam
1952 5455 2081 5510 multoties
2093 5455 2249 5510 exhibentur
2267 5471 2280 5508 a
2300 5459 2358 5512 cod.
2435 5433 2445 5512 f

1403 5563 1468 5618 hibl.
1486 5565 1661 5630 hlonacensis,
1680 5563 1727 5632 qui
1745 5563 1815 5628 sign.
1833 5565 1863 5616 hl.

1475 5671 1500 5722 4.
1519 5669 1633 5736 ibidem,
1653 5671 1679 5722 444
1698 5671 1790 5724 eadem
1809 5665 2058 5734 bibliothecaolim
2078 5677 2182 5724 sanctae
2201 5671 2294 5724 itariae
2314 5671 2360 5724 No-

1403 5779 1486 5830 vellae
1505 5775 1570 5842 ela,
1589 5777 1668 5830 modo
1688 5777 1731 5828 94.
1754 5775 1815 5828 dee.
1832 5773 1945 5828 membr.
1964 5775 1988 5828 tn
2009 5777 2052 5828 141.
2072 5789 2141 5830 saec.
2153 5779 2216 5830 Xlll.
2234 5779 2360 5830 excitatis.

1403 5881 1589 5948 Complectitur
1616 5881 1730 5946 plurium
1760 5893 1853 5946 opera,
1873 5895 1942 5950 qliae
1964 5895 2056 5946 manns
2079 5895 2148 5934 saec.
2166 5883 2223 5936 XV.
2244 5883 2359 5946 notavit;

1404 5991 1447 6042 sol.-
1464 5991 1486 6042 l.
1499 5989 1565 6040 inter
1583 5987 1632 6040 alia
1651 5987 1746 6040 habet:
1760 5985 1871 6040 postilla
1888 6001 1970 6056 anper
1984 5985 2145 6052 laborarent,
2160 6001 2256 6050 :nanus
2273 5989 2361 6042 adhrrc
2400 6007 2401 6010 ¹

1403 6095 1530 6148 recentior
1557 6067 1742 6160 prosequitur:
1761 6091 1909 6148 4444444444
1937 6091 2082 6146 1144444444
2109 6093 2261 6162 anoacnc.
2283 6093 2361 6148 Com-

1403 6201 1546 6256 mentarius
1576 6199 1656 6254 sancti
1683 6201 1882 6252 bonaventurae
1907 6199 1999 6262 incipit
2020 6200 2063 6251 iol.
2082 6201 2091 6250 4
2101 6199 2142 6254 44.
2161 6215 2184 6252 4.
2202 6199 2253 6254 sub
2270 6201 2359 6254 titulo:

1403 6307 1542 6376 Eapositio
1568 6305 1702 6376 cooapch'i
1723 6303 2243 6370 44444444414144444444.1144446444,
2266 6305 2361 6360 141441·-

1403 6417 1447 6482 pet
1463 6417 1512 6466 etc.
1531 6413 1692 6466 protrahitur
1709 6425 1795 6478 usque
1815 6409 1909 6464 adiel.
1929 6409 1991 6462 225.
2009 6425 2035 6464 v.
2055 6411 2102 6464 cel.
2123 6415 2147 6464 4.
2167 6417 2197 6464 ut
2219 6411 2246 6464 in
2268 6411 2361 6478 editis3

1403 6517 1525 6572 additur:
1542 6519 1616 6574 Lucra
1635 6517 1671 6578 sit
1688 6517 1734 6574 tibi
1752 6517 1819 6584 Χιε,
1838 6523 1866 6570 ut
1884 6517 1911 6568 in
1930 6497 2021 6570 codice
2038 6517 2221 6582 praecedente.
2234 6547 2269 6557 -
2286 6517 2359 6582 Siga.

1402 6625 1450 6678 litt.
1467 6625 1490 6676 41
1500 6643 1509 6688 ;
1527 6625 1589 6678 vide
1607 6639 1634 6678 n.
1654 6625 1677 6676 3.

1474 6729 1500 6784 ὃ.
1518 6727 1631 6796 ibidem,
1649 6731 1676 6784 in
1695 6731 1786 6784 eadem
1807 6729 1977 6794 bibliotheca,
1990 6731 2049 6784 cod.
2062 6729 2123 6784 olim
2143 6733 2247 6782 sanotae
2266 6729 2361 6782 itariae

1403 6837 1524 6890 Novellae
1552 6837 1611 6904 847,
1637 6853 1705 6892 nunc
1730 6851 1795 6890 vero
1825 6837 1884 6890 366.
1909 6835 2360 6890 4444444144444141.4444111444-

1403 6943 1496 6994 euntis
1516 6941 1725 7014 Commentarius
1745 6943 1827 6996 sancti
1845 6943 2044 6996 bonaventurae
2064 6941 2181 7008 sequitur
2200 6937 2363 6994 Commenta·
