5908 8266
1260 571 1452 638 culmum.
1477 571 1515 638 IN
1537 569 1701 636 IOllNNEM
1724 571 1755 636 C.
1780 571 1825 636 Ill.

1421 931 1602 1000 Carnorum
1625 935 1670 1000 000.

653 1211 679 1274 l.
705 1209 790 1274 Erat
809 1215 921 1306 oratam
944 1207 1106 1296 00000000ι
1130 1203 1226 1270 horno
1247 1213 1305 1272 etc.
1333 1207 1431 1294 Supra
1448 1227 1514 1274 ma-

393 1313 717 1420 11ἱᾶῙξίεΐὲξρὸῗξο.0000000000
739 1331 772 1380 se
795 1309 944 1380 Dominus
970 1313 1089 1378 ludaeis
1112 1311 1199 1396 siguo
1226 1313 1365 1394 virtutis
1391 1315 1442 1380 hic
1466 1333 1513 1380 se-

397 1415 861 1524 000000330000010000000οΓ05030
890 1435 924 1484 se
953 1417 1061 1484 aaron
1082 1417 1296 1498 eruditionis,
1320 1425 1351 1486 at
1373 1419 1433 1486 hoc
1466 1419 1512 1484 00-

404 1507 417 1524 ”
525 1509 532 1522 ’
560 1529 684 1588 0000000
708 1539 813 1588 omnes
839 1519 967 1588 ludaeos
987 1519 1021 1586 in
1043 1539 1176 1605 persona
1191 1523 1346 1588 Nicodemi
1362 1519 1513 1606 principis

559 1627 753 1694 ludaeorum.
787 1627 822 1690 Et
853 1627 926 1710 quia
945 1615 1089 1694 ‘veroum
1116 1627 1299 1696 eruditionis
1336 1627 1413 1692 tradi
1451 1643 1512 1690 uon

397 1739 549 1838 (1300010800ὴοξῶ
560 1731 653 1798 00000
667 1731 734 1806 ,uisi
755 1731 825 1798 auri
849 1731 1036 1814 attendenti;
1059 1735 1128 1802 ideo
1163 1735 1266 1816 primo
1299 1733 1350 1798 hic
1383 1735 1512 1796 notatur

518 1899 521 1902 .
559 1837 730 1922 diligentia
760 1837 944 1928 Nicodami·
976 1841 1111 1906 secundo
1144 1857 1234 1916 vero,
1265 1835 1416 1902 doctrino
1452 1837 1512 1900 Do-

559 1943 659 2022 rnint‘,
681 1943 768 2034 ipit:
791 1945 969 2028 Respondit
990 1945 1083 2010 Iasus
1104 1951 1134 2010 et
1156 1943 1240 2008 diarii
1264 1941 1309 2008 ai:
1336 1945 1451 2006 Anien.

649 2047 843 2116 Describitur
863 2045 939 2136 ergo
963 2051 1147 2118 Nicodamus
1167 2067 1186 2116 a
1217 2045 1413 2132 quadruplici
1439 2063 1512 2112 oon-

1574 1205 1704 1290 soeara,
1727 1223 1810 1292 quoa
1835 1213 1869 1290 00
1892 1201 1998 1288 foco,
2022 1203 2091 1270 nisi
2117 1201 2222 1288 faerit
2258 1207 2343 1270 Dans
2366 1225 2442 1270 curn
2477 1225 2522 1272 eo.

1575 1311 1645 1378 Ideo
1667 1315 1770 1394 patet,
1792 1309 1874 1394 qood
1901 1317 1968 1374 arat
1989 1327 2029 1374 ex
2054 1309 2121 1388 his,
2146 1309 2184 1376 da
2207 1309 2322 1396 quibus
2337 1309 2456 1378 dictum
2476 1321 2523 1378 ast

1576 1435 1671 1500 supra
1695 1415 1847 1482 secundo:
1876 1441 1893 1474 (ι
1907 1413 1992 1480 Multi
2019 1413 2218 1480 crediderunt
2241 1417 2421 1482 innomine
2446 1417 2523 1496 0000,

1574 1519 1715 1588 ridentes
1744 1519 1848 1604 sigua,
1881 1537 1962 1602 quae
1994 1517 2179 1590 iaciebat».
2205 1519 2295 1604 Signa
2324 1525 2411 1586 eraut
2443 1521 2522 1586 ratio

1565 1623 1734 1702 credendi,
1760 1625 1843 1709 quod
1865 1629 1947 1690 esset
1968 1641 1986 1688 0
2011 1623 2093 1702 Dao;
2118 1623 2202 1690 unda
2231 1625 2313 1690 iutra
2338 1631 2419 1690 0000
2444 1625 2523 1704 dixit

1575 1747 1703 1796 caecus:
1732 1755 1747 1786 0
1764 1729 1826 1796 Nisi
1859 1733 1942 1796 esset
1970 1727 2022 1794 hic
2055 1729 2150 1794 homo
2180 1747 2199 1794 a
2231 1729 2310 1810 Deo,
2333 1751 2396 1798 000
2419 1743 2522 1816 posset

1575 1835 1674 1902 lacere
1700 1833 1868 1918 quidquam
1886 1861 1915 1898 ».

1933 2047 2157 2132 0000000000.

398 2227 399 2236 ,
428 2157 543 2266 23,qu
558 2153 691 2234 0000000,
717 2163 751 2222 00
782 2155 964 2222 0000000000
994 2155 1124 2222 0000000
1154 2155 1194 2220 00
1223 2151 1433 2236 disciplinam:
1459 2151 1527 2218 de-·
1616 2177 1618 2182 ¹

521 2287 522 2290 ¹
560 2259 711 2328 scribitur
733 2281 750 2326 a
774 2261 858 2328 citoa
881 2259 1058 2338 honestata,
1084 2261 1122 2326 ab
1157 2259 1257 2344 000000
1289 2257 1512 2344 dignitatus

559 2367 708 2434 discendi
728 2367 963 2444 sollicitudine,
985 2363 1174 2430 ediscendi
1198 2363 1392 2448 aptitudine.
1472 2387 1473 2390 ¹

650 2479 677 2540 0.
704 2475 802 2558 (Vers.
832 2473 882 2554 0.).
911 2471 1104 2538 Describitur
1134 2467 1229 2552 igitur
1260 2485 1278 2532 a
1307 2467 1395 2532 citoa
1415 2463 1512 2530 bona-

558 2587 641 2644 stota
660 2579 781 2662 prim0,
797 2593 867 2642 cum
885 2575 1018 2656 dicitur:
1036 2575 1119 2638 Erat
1136 2569 1228 2636 00000
1244 2591 1284 2636 aar
1304 2569 1509 2646 Phoroneis,

559 2683 756 2750 Nicodamus
780 2681 917 2746 nentina.
947 2683 993 2746 00
1018 2677 1224 2758 Phorisoeic,
1249 2693 1330 2762 quae
1344 2684 1428 2742 secta
1445 2683 1512 2742 erat

558 2787 749 2872 probabilior
773 2793 802 2854 et
827 2785 984 2852 honestior
1013 2801 1106 2868 super
1132 2797 1237 2848 omnes
1263 2789 1360 2848 sectas
1385 2779 1531 2846 Iudaeo-x

559 2911 651 2972 rum;
672 2893 757 2958 unde
780 2893 944 2974 Apostolus
966 2881 1118 2974 gluriatur
1142 2887 1178 2952 ad
1205 2887 1414 2970 Philippenses
1448 2891 1511 2952 ter·

559 2997 646 3062 tioi:
673 3021 689 3052 <t
707 2995 883 3062 Secundum
907 2995 1007 3080 legem
1031 2993 1215 3058 Pharisaeus
1231 3019 1263 3056 0.
1287 3027 1331 3038 --
1353 2989 1510 3058 Describi-

559 3109 612 3168 tur
637 3101 729 3168 etlam
752 3103 791 3168 ab
807 3099 908 3188 offleii
920 3101 1093 3186 0000000000,
1110 3115 1182 3166 cum
1199 3097 1331 3162 dicitur:
1349 3097 1510 3180 Princeps

561 3207 771 3274 ludaeorum.
794 3205 881 3272 Unde
904 3211 933 3272 et
958 3205 1159 3290 ipserastitit
1184 3203 1283 3269 furori
1307 3203 1507 3282 ludaeorum;

553 3313 639 3378 'inira
662 3313 834 3396 suprimat:
863 3337 880 3370 «
895 3311 1040 3396 Numquid
1065 3313 1116 3376 lex
1140 3313 1246 3376 nostra
1269 3307 1385 3374 iudicat
1406 3307 1509 3374 homi-

434 3409 538 3464 thluffl·
557 3437 645 3498 nem,
660 3417 717 3484 uisi
733 3415 867 3484 audierit
884 3417 921 3482 ab
938 3437 974 3484 eo
991 3415 1080 3502 prius
1091 3423 1130 3482 »0
1146 3453 1189 3464 -
1205 3415 1398 3480 Describitur
1414 3415 1509 3480 etiam

477 3551 478 3554 ¹
557 3543 578 3590 a
599 3523 746 3590 discendi
767 3523 1000 3608 sollicitudine,
1025 3541 1096 3588 cum
1120 3521 1253 3586 dicitur:

648 3629 675 3694 3.
704 3629 801 3706 000000.
827 3627 882 3712 0.).
905 3629 967 3694 Hic
990 3629 1078 3694 canit
1106 3625 1152 3694 od
1183 3628 1290 3692 lesuin
1315 3633 1412 3692 nocte.
1439 3625 1508 3692 Ideo

558 3741 650 3802 nocte
675 3733 777 3812 00000,
800 3739 837 3826 00
869 3733 1007 3820 quietius
1040 3737 1144 3818 posset
1177 3731 1287 3796 instrui
1319 3737 1351 3796 'et
1385 3731 1507 3812 doceri,

560 3839 636 3924 quia·
656 3847 729 3904 tuuc
755 3841 833 3904 hora
853 3845 901 3904 est
923 3829 1044 3924 quieta3
1063 3839 1145 3904 0000
1166 3835 1200 3902 00
1223 3837 1386 3904 Psalmo⁵:
1414 3863 1431 3896 0
1447 3839 1508 3904 000-

559 3945 608 4012 000
632 3951 721 4012 00000
745 3945 909 4030 surgebam
926 3945 964 4010 ad
980 3943 1192 4012 confitendum
1207 3943 1263 4008 tibi
1279 3969 1311 4008 1³.
1328 3981 1370 3992 —
1386 3943 1508 4010 Descri-

560 4049 646 4116 bitur
667 4067 687 4114 a
710 4049 855 4114 discendi
888 4049 1085 4134 aptitudine,
1109 4065 1182 4116 cum
1204 4047 1335 4114 dicitur:
1361 4051 1401 4114 Et
1424 4049 1509 4114 0000000

559 4155 605 4232 ai,
632 4153 746 4222 scilicet
768 4155 849 4220 Iesu:
867 4153 990 4244 autor,
1015 4155 1155 4230 sciturus,
1174 4153 1256 4240 0000
1271 4171 1293 4218 0
1311 4155 1375 4218 000
1391 4153 1509 4222 venisti

557 4259 724 4342 mopiatar.
750 4261 853 4342 hptus·
868 4257 950 4324 emm
979 4265 1048 4324 erat
1078 4255 1200 4336 doceri,
1223 4257 1299 4342 quia
1325 4257 1430 4324 doceri
1454 4277 1506 4324 re-

556 4369 646 4430 uarat
667 4373 699 4430 et
720 4363 881 4430 Christum
912 4363 1084 4446 perlectum
1112 4361 1269 4428 doctorem
1301 4363 1446 4430 credebat
1476 4373 1507 4430 et

557 4463 624 4534 aius
646 4467 819 4552 discipulus
848 4485 915 4534 0000
949 4467 1086 4546 volabat,
1112 4473 1141 4534 00
1164 4473 1293 4550 propter
1318 4469 1377 4534 boc
1398 4469 1506 4552 inopi·

555 4583 663 4640 strum
687 4575 832 4652 recanat,
856 4573 938 4638 sicut
959 4571 1121 4654 discipuli;
1138 4571 1217 4636 00000
1234 4573 1353 4636 decimo
1370 4573 1460 4638 tertio
1473 4573 1486 4612 ⁶
1499 4597 1513 4640 ε,

562 4679 653 4744 «Vos
680 4679 795 4744 vocatis
828 4697 878 4768 ma
909 4679 1122 4762 trepidaret
1147 4677 1280 4742 Domine
1296 4705 1326 4742 a.
1354 4679 1387 4742 Et
1410 4677 1504 4756 00000,
1524 4749 1526 4754 ,

557 4801 653 4872 00000
677 4787 736 4852 hoo
759 4785 849 4864 dicit,
875 4785 1023 4852 infertur:
1049 4783 1148 4850 Nemo
1171 4783 1296 4868 potast⁷
1313 4781 1390 4848 hoec
1405 4783 1506 4870 00000

627 5167 636 5196 ¹
654 5167 766 5230 Vulgata
784 5167 880 5219 omittit
896 5165 1014 5234 00000000.

627 5255 728 5308 ²Vers.
750 5257 788 5308 00.
810 5263 834 5308 00
853 5257 894 5308 00.

627 5341 637 5374 ³
656 5345 730 5396 Vers.
750 5343 771 5394 5.
791 5371 828 5382 --
843 5343 962 5408 August,
977 5345 1060 5396 Serm.
1080 5345 1139 5396 006.
1154 5343 1227 5410 (alias
1241 5343 1281 5394 30.
1297 5345 1329 5396 00
1343 5341 1438 5396 Verbis
1456 5343 1504 5394 Do·
1546 5347 1550 5356 '

557 5433 628 5492 mini)
639 5447 663 5482 c.
679 5431 979 5482 nomenniomen
999 5431 1083 5482 ludaei
1098 5415 1170 5482 00000
1188 5431 1262 5496 00000
1281 5431 1381 5496 egregii
1402 5431 1504 5482 ludaeo·

556 5533 624 5572 rum.
637 5519 778 5572 debiliores
791 5519 861 5568 enim
874 5523 951 5584 atque
962 5519 1092 5570 doctiores
1112 5525 1173 5572 tunc
1186 5519 1314 5570 Pharisaei
1331 5517 1503 5570 vocabantur.

519 5627 521 5634 ¹
557 5611 639 5660 serm.
659 5605 714 5656 060.
739 5605 810 5672 (alias
829 5605 870 5656 00.
887 5605 923 5656 00
944 5605 1035 5656 Verbis
1058 5603 1182 5670 Apostoli)
1202 5619 1227 5656 c.
1246 5605 1269 5656 3.
1288 5619 1314 5656 n.
1334 5605 1369 5656 δι
1385 5605 1503 5656 Primarii

555 5695 661 5762 quidam
683 5699 755 5744 arant
771 5699 797 5744 et
815 5691 888 5758 quasi
907 5693 942 5744 ad
958 5693 1119 5746 nobilitatem
1139 5693 1269 5744 iudaicam
1289 5695 1434 5758 segregati,
1451 5709 1503 5746 non

555 5773 836 5846 contemptibiliorem
866 5781 1008 5846 commixti,
1027 5781 1073 5846 qni
1097 5779 1251 5832 dicebantur
1274 5781 1413 5832 Pharisaei.
1438 5783 1502 5832 Nam

520 5931 521 5936 .
555 5873 647 5926 dicitur
662 5873 714 5922 hoc
731 5869 840 5922 uerbum
861 5869 935 5934 quasi
953 5869 1160 5932 segregationem
1178 5867 1355 5930 interpretari,
1369 5869 1502 5932 quomodo

555 5963 579 6014 00
603 5959 692 6012 Latina
714 5959 804 6022 lingua
832 5957 928 6008 dicitur
953 5957 1077 6018 egregius
1107 5953 1182 6022 quasi
1208 5969 1223 6004 a
1251 5967 1332 6018 grege
1361 5961 1501 6018 separatus.

557 6049 579 6100 S.
601 6049 702 6112 Thom,
721 6045 867 6100 Commeat.
885 6043 912 6094 in
932 6047 999 6094 toan.
1019 6045 1045 6096 3.
1063 6045 1120 6094 lect.
1133 6041 1157 6092 t.
1178 6055 1203 6092 n.
1220 6043 1242 6104 l,
1256 6043 1329 6106 dicit,
1351 6043 1423 6106 quod
1440 6043 1502 6106 quia

554 6135 683 6190 Pharisaei
705 6133 841 6186 nobiscum
868 6133 951 6196 magis
973 6129 1398 6192 000000000000,000000000001.
1419 6141 1503 6180 resur-

553 6225 694 6276 rectionem
712 6229 738 6274 et
754 6223 914 6274 existentiam
934 6219 1106 6284 spiritualium
1125 6223 1317 6280 creaturarum,
1337 6229 1429 6268 eorum
1448 6217 1503 6280 opi·

554 6311 595 6362 nio
612 6307 777 6378 probabilior
795 6315 851 6360 arat
869 6315 892 6360 et
911 6309 996 6370 magis
1013 6307 1116 6358 000000οἰ
1134 6305 1298 6370 propinqua,
1315 6317 1394 6370 quam
1415 6303 1501 6368 opinio

555 6401 778 6460 Sadducaeorum,
799 6397 909 6464 quinae
930 6397 1146 6448 resurrectionem
1173 6397 1285 6444 loturam
1310 6391 1361 6472 uec
1381 6391 1500 6454 spiritum

553 6499 610 6538 esse
629 6483 775 6538 credebaut
1385 6501 1386 6504 ¹

623 6571 728 6626 *Vera
747 6573 789 6626 51.

623 6657 746 6712 testim.
765 6661 774 6710 l
788 6661 828 6724 l8,
851 6661 891 6712 60.

623 6745 728 6800 “Vera
748 6749 791 6800 l3.

623 6829 782 6898 iVulgata:
802 6835 882 6888 Neruo
911 6833 981 6890 anina
1003 6837 1098 6902 potest.
1123 6835 1239 6886 —Duo
1265 6847 1340 6900 seqq.
1367 6831 1417 6884 loci
1443 6835 1503 6884 suot

1662 2257 1693 2324 t.
1717 2259 1840 2342 Quaest.
1865 2259 1886 2324 l.
1909 2259 1968 2324 Sed
1999 2257 2161 2344 quaeritur
2197 2257 2248 2326 hic
2278 2259 2380 2342 primo
2401 2259 2442 2326 da
2462 2259 2521 2326 hoc

1574 2365 1657 2450 quod
1672 2365 1803 2444 dicitur,
1821 2365 1904 2450 quod
1919 2363 2117 2430 Nicodamus
2136 2371 2202 2430 erat
2213 2365 2369 2450 princeps
2384 2365 2521 2430 000000-

1574 2487 1652 2532 rum
1675 2475 1706 2534 et
1727 2469 1878 2534 credebat
1902 2469 1934 2534 in
1964 2469 2082 2548 lesum;
2106 2469 2181 2554 quia
2213 2469 2328 2536 dicitur
2364 2467 2444 2536 00000
2474 2487 2520 2536 00-

1574 2571 1713 2656 ptimo⁸:
1737 2573 1897 2666 Numquid
1927 2573 2048 2658 0000000
2081 2593 2121 2638 aar
2150 2575 2360 2660 principibus
2383 2575 2520 2640 credidit

1563 2677 1608 2742 'in
1632 2677 1728 2742 aurai
1754 2677 1845 2762 Quasi
1871 2677 1967 2744 dicat:
1994 2697 2064 2744 000.

1659 2785 1858 2850 00000000οε
1884 2783 2070 2864 Dicendum,
2094 2785 2179 2868 quod
2209 2785 2391 2852 Nicodamus
2415 2787 2518 2854 eradi·
2539 2787 2604 2842 neap.

1573 2887 1622 2956 dtr
1643 2895 1674 2956 00
1697 2897 1764 2956 0000
1785 2887 2065 2976 capricornium.
2089 2889 2127 2956 Et
2152 2891 2230 2956 illud
2260 2893 2411 2968 uerbum,
2436 2893 2519 2976 quod

1572 2993 1686 3060 dicitur
1709 2993 1788 3058 inira
1813 2993 1959 3078 septimo,
1976 2993 2035 3058 fuit
2052 2995 2185 3060 verbum
2199 2995 2446 3074 Pharisaeorum,
2463 2995 2516 3080 qui

1571 3099 1691 3184 decepti
1712 3099 1850 3166 fuerunt.
1876 3097 2060 3166 Nicodamus
2081 3101 2163 3166 enim
2187 3099 2347 3180 credebat,
2374 3101 2431 3166 atsi
2456 3119 2517 3166 non

1561 3195 1692 3288 000000,
1715 3209 1818 3270 tamon
1840 3205 1961 3272 occulte
1975 3203 1998 3268 ⁹.
2042 3271 2046 3276 ,,

1658 3311 1689 3374 o.
1713 3311 1836 3394 Quaest.
1863 3311 1893 3376 ll.
1919 3309 1995 3376 item
2016 3311 2197 3394 quaeritur:
2213 3329 2285 3378 cum
2311 3313 2389 3378 hora
2403 3313 2455 3378 illa
2480 3313 2517 3380 sit

1571 3415 1648 3480 bora
1664 3415 1915 3492 malefactorum,
1933 3415 2079 3502 0000000
2093 3415 2179 3482 mula
2193 3409 2262 3502 opit
2277 3417 2346 3484 odit
2362 3417 2461 3484 lucan
2473 3421 2517 3494 ¹⁰:

1525 3599 1527 3602 ¹
1569 3521 1651 3586 unde
1676 3527 1721 3586 est
1746 3523 1821 3600 000,
1844 3521 1929 3606 0000
1951 3521 2135 3588 Nicodamus
2158 3523 2263 3588 venire
2288 3523 2386 3590 voluit
2408 3523 2517 3590 000000

1571 3625 1605 3690 Et
1629 3625 1770 3704 ridetur,
1794 3623 2074 3712 quod'inordinate
2098 3627 2226 3694 venerit.

1655 3733 1860 3798 Rusaouueo:
1883 3731 2073 3812 Dicendum,
2097 3733 2182 3816 quod
2203 3733 2235 3796 io
2269 3751 2364 3798 cansa
2385 3733 2444 3800 luit
2467 3753 2516 3800 ca·
2537 3735 2601 3790 lue·

1571 3835 1730 3902 recundio
1754 3837 1920 3922 quaedam,
1945 3837 2127 3922 0000000000
2148 3845 2180 3904 00
2201 3837 2380 3922 0000000000.
2398 3841 2443 3906 De
2466 3837 2679 3906 0000000000·

1571 3941 1750 4018 lucendio,
1774 3943 1932 4008 Victcrss:
1953 3967 1968 4000 a
1985 3943 2077 4008 Nocte
2102 3943 2195 4018 00000,
2219 3943 2295 4028 0000
2316 3937 2463 4028 magister
2487 3945 2516 4010 in

1570 4049 1662 4114 lsrael
1687 4049 1787 4132 palam
1804 4049 1923 4114 discere
1938 4048 2065 4114 erubuit
2080 4075 2112 4114 0.
2129 4050 2174 4114 00
2189 4049 2394 4132 0000000000,
2420 4051 2517 4134 Chry-

1569 4155 1776 4220 sostomus¹2:
1801 4153 1938 4220 «00000
1959 4153 2081 4220 0000000
2105 4153 2301 4222 detinebatur
2323 4153 2515 4234 0000000000ος

1568 4265 1735 4342 propterea
1764 4263 1796 4324 et
1829 4261 1919 4324 nocte
1948 4257 2050 4336 venit,
2073 4259 2232 4342 trepidans
2264 4259 2297 4325 in
2319 4261 2370 4326 dia
2391 4261 2451 4326 hoc
2475 4261 2517 4326 0-

1568 4381 1639 4430 0000
1651 4389 1681 4426 »,
1705 4363 1750 4428 De
1772 4363 1942 4448 dillpantiu
1957 4363 2032 4428 dicit
2048 4361 2179 4430 00001οε
2200 4389 2216 4422 «
2233 4365 2324 4432 Nocte
2349 4367 2445 4446 uenit,
2463 4385 2517 4432 cu-

1568 4465 1655 4548 piens
1684 4471 1803 4532 secreta
1835 4467 2021 4534 allocutione
2057 4471 2203 4552 mysteria
2234 4471 2302 4536 lldei
2339 4467 2515 4556 percipere,

1568 4573 1659 4636 cuius
1682 4573 1743 4636 iam
1766 4573 1964 4656 aliquatenus
1989 4573 2166 4640 rudimenta
2188 4585 2416 4660 perceperat».

1658 4679 1686 4742 o.
1711 4679 1833 4762 eraest
1860 4677 1901 4743 m.
1929 4679 2001 4744 item
2017 4681 2181 4764 quaeritur
2196 4681 2235 4746 00
2250 4681 2309 4746 hoc
2325 4681 2410 4764 quod
2425 4681 2514 4748 dicit:

1568 4781 1669 4848 Nemo
1688 4791 1793 4868 potest
1814 4783 1891 4850 hoec
1916 4783 2013 4870 00000
2036 4783 2165 4870 lucare,
2181 4807 2265 4874 quoe
2282 4797 2316 4854 tn
2331 4787 2431 4874 00000,
2447 4789 2517 4856 nisi

1566 5169 1634 5220 ioan.
1657 5171 1686 5232 0,
1706 5169 1748 5220 03.
1771 5167 1825 5236 (uhi
1856 5173 1912 5234 post
1935 5165 2013 5236 00000
2040 5169 2148 5232 Vulgata
2178 5169 2249 5220 addit
2276 5167 2343 5234 aius)
2368 5175 2393 5220 et
2418 5171 2446 5230 0,
2473 5169 2512 5220 33.

1568 5253 1687 5320 (Vulgata
1708 5255 1803 5309 omittit
1820 5255 1914 5320 bomo,
1933 5261 1957 5306 et
1977 5269 2024 5320 pro
2040 5257 2130 5322 posset
2147 5255 2279 5308 substituit
2294 5257 2424 5322 poterut).

1637 5339 1648 5368 ⁸
1668 5343 1743 5396 Vere.
1761 5341 1803 5394 te.
1822 5345 1933 5406 Vulgata
1952 5343 2025 5394 addit
2044 5347 2094 5396 out
2109 5357 2143 5396 aaa
2162 5341 2333 5398 Phorisoaic?

1637 5425 1750 5494 9Βο00,
1779 5431 1806 5484 in
1832 5433 1902 5482 ioan.
1929 5433 2029 5494 Evoug.
2053 5431 2077 5494 7,
2105 5431 2155 5482 le:
2179 5431 2252 5482 Caeci
2278 5431 2347 5484 enim
2372 5433 2430 5484 lacti
2456 5439 2515 5484 suot

1566 5517 1695 5568 Pharisaei
1719 5519 1853 5586 doctores,
1871 5519 2005 5570 illuminati
2024 5523 2083 5570 0000
2104 5519 2190 5582 populi
2212 5521 2307 5582 Legem
2326 5521 2472 5572 nescientes
2490 5525 2515 5572 00

1566 5605 1593 5654 in
1612 5609 1743 5656 auctorem
1762 5605 1839 5668 Lagis
1858 5605 1999 5658 credentes.
2019 5605 2176 5656 Nicodamus
2198 5613 2293 5668 lernen,
2311 5621 2379 5656 rinus
2399 5621 2427 5658 cu
2452 5607 2514 5658 Pha·

1565 5693 1681 5744 risaais...
1694 5697 1720 5744 et
1733 5695 1788 5756 ipse
1806 5695 1914 5758 quidem
1932 5707 1983 5742 noo
2001 5691 2163 5758 incredulus,
2177 5695 2224 5744 sed
2238 5693 2346 5746 timidus
2365 5693 2434 5760 (nam
2455 5695 2514 5748 ideo

1566 5785 1591 5830 et
1610 5785 1684 5830 nocta
1703 5787 1809 5832 venerat
1827 5781 1862 5832 ad
1879 5779 1979 5842 locam,
1997 5781 2056 5844 quia
2084 5781 2222 5834 illuminari
2240 5779 2345 5834 volebat
2363 5787 2388 5834 et
2407 5765 2467 5846 sciri
2484 5783 2515 5834 ti·

1566 5865 1664 5932 mebat)
1682 5867 1817 5932 respondit
1837 5867 1952 5918 ludaeis:
1972 5867 2103 5934 Nunquid
2119 5865 2164 5920 ian
2182 5871 2276 5920 trocho
2294 5869 2396 5922 00000000
2413 5875 2461 5920 000.

1637 5947 1659 5980 ¹⁰
1678 5953 1709 6004 Ut
1729 5953 1821 6004 dicitur
1842 5953 1905 6004 iolla
1924 5967 1950 6004 r.
1970 5953 2010 6004 00.
2426 5971 2427 5974 ’

1636 6037 1657 6066 ¹¹
1678 6039 1744 6092 Vide
1762 6053 1842 6104 supra
1855 6053 1917 6106 pag.
1929 6041 1993 6102 075,
2007 6047 2066 6094 0000
2084 6043 2091 6094 l
2101 6043 2123 6094 0.
2136 6043 2226 6094 Glossu
2240 6041 2398 6096 ordinaria:
2416 6043 2470 6094 Nox
2483 6043 2514 6094 si-

1565 6127 1671 6190 gnificat
1688 6129 1798 6182 litteram
1823 6127 1914 6196 Legis,
1931 6131 1974 6182 vel
1999 6129 2172 6196 ignorantiam
2197 6133 2295 6196 000000,
2315 6133 2356 6184 vel
2380 6133 2511 6184 timorem.

1565 6217 1596 6268 Et
1613 6221 1686 6270 nocta
1704 6219 1764 6270 ideo
1785 6221 1886 6272 forsitan
1907 6221 1989 6286 venit,
2008 6221 2068 6286 quia
2089 6219 2217 6288 moqister
2235 6219 2263 6274 tn
2277 6219 2361 6274 000000
2373 6223 2461 6286 palem
2474 6221 2514 6274 di-

1565 6317 1637 6356 scere
1660 6307 1837 6370 erubesceret,
1857 6307 1898 6360 vel
1917 6321 1965 6372 pro
1984 6315 2052 6360 metu
2073 6309 2235 6360 iudaeorum.

1635 6391 1658 6422 ¹³
1676 6397 1702 6446 00
1722 6399 1791 6448 0000.
1808 6397 1902 6454 Homil.
1922 6397 1963 6448 00.
1985 6396 2055 6462 (alias
2075 6395 2126 6462 03.)
2148 6413 2175 6448 o.
2196 6397 2218 6448 l.

1636 6479 1659 6510 ¹³
1677 6487 1703 6536 ln
1723 6487 1789 6538 loeo.
1808 6487 1908 6548 Erang.
1929 6485 1961 6548 3,
1984 6487 2013 6538 l:
2036 6487 2112 6538 Venit
2129 6487 2164 6538 ad
2182 6487 2267 6538 lesum
2291 6493 2379 6550 nocte,
2405 6487 2512 6550 cupiens

1565 6577 1662 6624 secreta
1689 6573 1745 6626 eius
1774 6575 1925 6626 allocutione
1953 6573 2052 6638 planius
2081 6575 2181 6626 discere
2204 6573 2325 6636 mysteria
2345 6573 2418 6636 0000,
2438 6573 2513 6626 cuias
2563 6613 2565 6616 -

1565 6665 1655 6722 aperta
1672 6661 1818 6714 ostensione
1836 6661 1971 6724 signorum
1990 6661 2153 6728 aliquatenus
2175 6661 2227 6712 iam
2252 6661 2401 6714 rudimenta
2423 6675 2513 6724 perce·

1565 6751 1649 6806 perat.
