5908 8266
636 537 700 600 aaa
795 509 799 520 ’

635 711 745 778 alendo
767 713 864 794 priori
889 711 1065 790 clausulae,
1079 717 1118 776 ut
1133 711 1173 776 sit
1188 715 1344 796 punctus:
1362 711 1433 776 ciue
1447 707 1516 794 ipso
1532 709 1587 794 fa-

617 823 722 908 ctum
747 823 790 884 est
815 815 914 894 nibil,
933 817 1019 904 quod
1032 815 1164 902 factum
1187 821 1251 894 eci,
1266 821 1299 882 et
1314 815 1343 900 ly
1361 815 1448 902 quad
1462 821 1587 880 tenetur

635 919 840 1004 implicatiora.
868 923 901 988 Et
924 927 995 1006 post
1017 921 1183 1006 sequitur:
1206 921 1249 986 Iu
1269 919 1341 1004 ipso
1365 919 1435 986 uita
1449 927 1542 996 erat,·
1559 923 1588 984 et

509 1031 613 1082 stultu.
635 1033 732 1092 cessat
757 1025 1131 1094 [1)1θθῖίο.---Η11θείιιε1
1155 1043 1232 1094 vero
1256 1025 1320 1092 sic:
1345 1027 1440 1110 Qiuod
1457 1021 1588 1108 factum

633 1139 678 1196 oct
702 1131 736 1196 iu
761 1133 854 1216 ipsa·
879 1133 930 1199 hic
950 1139 1102 1218 punctus,
1121 1131 1237 1198 scilicet
1253 1127 1405 1216 quantum
1423 1131 1459 1196 ad
1478 1131 1588 1196 huma-

635 1235 780 1316 nitatem,
805 1249 840 1304 ut
869 1239 1058 1318 incarnatio,
1081 1237 1185 1322 passio
1213 1245 1245 1304 et
1275 1237 1485 1316 resurrectio,
1515 1241 1590 1300 crat

635 1343 720 1422 cita,
747 1343 927 1410 causaliter
951 1343 1124 1430 loquendo,
1147 1343 1180 1410 id
1201 1353 1251 1412 est
1271 1361 1367 1412 causa
1388 1343 1470 1410 ritae
1487 1347 1516 1408 et
1540 1359 1587 1406 sa-

533 1461 611 1506 raca·
634 1447 709 1514 lutis
731 1455 865 1516 nostrae.
892 1487 936 1498 ω
950 1449 1155 1516 umbrosius2
1181 1451 1248 1518 sic:
1271 1451 1368 1534 Quod
1388 1447 1518 1536 factum
1543 1451 1590 1510 eu

523 1603 526 1610 .
633 1553 667 1618 iu
692 1555 763 1640 ipso
783 1557 873 1634 uita,
896 1553 928 1622 id
952 1563 1016 1636 est,
1039 1555 1162 1642 inipso
1194 1557 1249 1646 quui
1278 1563 1326 1624 est
1350 1555 1431 1632 rita;
1454 1551 1587 1638 apposi-

544 1695 546 1698 ·
634 1659 702 1726 tica
723 1667 771 1726 est
793 1661 1003 1742 constructi03
1025 1669 1119 1740 erat,
1139 1663 1257 1730 scilicet
1277 1661 1310 1726 in
1332 1661 1388 1726 Dei
1411 1657 1587 1742 praescien-

635 1761 695 1840 tia,
717 1771 887 1850 antequam
908 1765 1019 1850 fieret;
1043 1775 1076 1832 et
1097 1775 1145 1836 est
1168 1767 1276 1834 similis
1293 1763 1405 1832 modus
1424 1763 1585 1846 loquendi:

526 1885 613 1940 olata.
638 1867 759 1934 Ouinia
780 1871 818 1936 iu
838 1871 1004 1956 sapientia
1025 1871 1143 1962 jacinti.
1169 1909 1210 1924 --
1231 1869 1448 1956 augustinus³
1464 1871 1587 1952 elegan-

633 1973 697 2042 tius
717 1975 863 2044 omnihus
887 1979 1035 2064 expianti:
1064 1979 1156 2062 Quod
1172 1977 1302 2066 factum
1317 1985 1364 2042 eat
1379 1977 1414 2042 iu
1431 1975 1503 2062 ipso
1517 1975 1587 2042 uita

632 2091 704 2146 erat
713 2105 725 2158 ;
750 2085 824 2168 quia
844 2069 989 2152 habehat
1004 2087 1032 2152 in
1059 2087 1126 2172 ipso
1148 2085 1357 2170 exemplaret
1374 2085 1524 2150 rationem
1541 2083 1587 2150 ri-

633 2195 777 2270 rentem;
802 2209 884 2278 quae
905 2195 985 2258 ratio
1010 2193 1126 2260 dicitur
1148 2195 1276 2270 vicens,
1304 2191 1379 2276 quia
1399 2189 1586 2276 spiritualia,

632 2281 693 2360 nou
718 2299 902 2378 materialis3
918 2299 994 2386 quia
1016 2299 1316 2378 intransmutabilis,
1331 2317 1393 2364 non
1409 2296 1584 2376 variabilia

632 2405 707 2490 quta
727 2411 872 2484 aeterna,
896 2423 958 2470 uon
981 2405 1204 2490 corruptibilis.
1230 2405 1266 2470 Et
1289 2401 1366 2470 hbeo
1382 2411 1430 2468 θεῖ
1445 2403 1524 2468 ratio
1538 2403 1586 2468 ui-

491 2519 548 2576 Qutt
563 2521 612 2566 uu.
634 2519 684 2576 tue
696 2533 708 2588 ,·
728 2511 798 2576 vita
823 2509 904 2576 enirn
928 2517 974 2576 θεῖ
999 2513 1087 2576 actus
1110 2509 1281 2594 spiritualis
1299 2513 1330 2574 et
1344 2507 1529 2586 continuus,
1548 2507 1586 2572 ab
1609 2591 1611 2596 ,

632 2623 704 2684 ente
725 2617 833 2698 quieto
854 2621 888 2680 et
908 2615 1097 2696 sempiterno
1123 2615 1223 2680 fluens
1235 2615 1260 2680 1².
1487 2675 1489 2680 ,

722 2723 773 2786 lc.
796 2723 920 2804 Quaest.
948 2718 991 2784 111.
1017 2719 1092 2786 ltem
1115 2717 1278 2804 quaeritur
1295 2719 1334 2786 de
1349 2719 1409 2786 hoc
1435 2719 1517 2804 qood
1540 2717 1585 2784 di-

632 2827 695 2894 cit:
719 2825 880 2890 Tenebrae
902 2843 975 2890 eam
999 2843 1066 2890 uon
1088 2821 1408 2910 comprehenderunt.
1510 2903 1514 2912 .

720 2933 868 2998 Cournu:
897 2933 923 2996 1.
950 2931 1237 3014 huucorpuralis,
1268 2931 1343 2996 dum
1370 2933 1452 2996 lucet
1482 2941 1514 2998 et
1539 2939 1587 2996 est

631 3039 794 3122 praesen'S,
828 3055 889 3104 non
913 3044 1015 3122 potest
1037 3055 1099 3104 non
1125 3035 1244 3104 rideri·
1268 3055 1342 3122 ergo
1366 3037 1435 3122 pari
1465 3035 1585 3104 ratione

631 3143 756 3212 ridetur
779 3145 818 3212 de
840 3145 910 3212 luce
934 3143 1088 3230 spirituali
1112 3151 1144 3210 et
1164 3143 1204 3210 de
1225 3143 1395 3210 intellectu.

720 3253 750 3314 1.
776 3251 867 3328 ltern,
895 3269 993 3336 qrrare
1024 3249 1097 3316 dicit
1121 3251 1158 3316 de
1184 3249 1347 3316 tenebris?
1377 3249 1456 3332 Quia
1478 3247 1585 3314 nullus

631 3355 723 3422 etiarn
747 3355 848 3422 honus
872 3357 965 3422 cam⁵
989 3355 1242 3440 comprehendit,
1266 3373 1338 3422 cum
1353 3355 1394 3420 sit
1408 3353 1584 3438 incompre-

632 3461 801 3528 hensibilis.
1217 3459 1220 3464 '
1378 3487 1446 3518 as
1564 3515 1565 3518 ,

658 3623 659 3626 ,
717 3569 922 3636 'basconcnoz
949 3569 1138 3648 Dicendum,
1160 3569 1246 3652 quod
1270 3569 1331 3634 non
1354 3573 1401 3634 est
1424 3567 1524 3632 simile
1547 3563 1585 3632 de

545 3687 611 3742 Resr·
632 3675 702 3740 luce
724 3675 878 3758 corporali
903 3679 933 3740 et
958 3675 1108 3758 spirituali
1136 3675 1249 3760 triplici
1266 3675 1304 3740 de
1321 3691 1436 3740 causa:
1460 3679 1527 3742 tum
1544 3673 1585 3738 ex

468 3785 720 3862 latiorum-parte
740 3779 872 3856 mortui,
898 3779 1166 3864 quiawcorporatts‘
1196 3797 1227 3848 se
1261 3779 1436 3846 manifestat
1457 3787 1586 3844 natura·
1652 3835 1653 3838 ,

631 3885 720 3964 liter,
743 3887 915 3972 spiritualis
931 3887 1007 3952 raro
1022 3887 1215 3966 rolrrntarie3
1232 3893 1298 3952 tum
1318 3905 1357 3952 ex
1376 3887 1464 3970 parte
1479 3885 1584 3964 ocuti,
1688 3889 1689 3892 ’

631 3991 707 4078 qrria
728 3993 840 4058 oculus
861 3993 1036 4060 intellectus
1061 4011 1170 4058 caecus
1196 3997 1241 4058 θεῖ
1265 3997 1408 4076 respectu
1426 3991 1538 4070 unius,
1556 3997 1586 4058 et

632 4103 734 4166 tamen
759 4099 843 4166 ridet
873 4107 1020 4184 respectu
1040 4099 1189 4178 alterius,
1214 4097 1294 4164 sicut
1319 4097 1476 4176 ridemus,
1503 4097 1586 4184 quod

632 4205 726 4270 unius
763 4205 855 4272 habet
878 4205 1101 4292 ignorantiam,
1127 4205 1258 4270 alterius
1280 4203 1510 4288 cognitionem3
1542 4203 1586 4268 sic

544 4319 546 4324 “
632 4311 741 4376 oculus
768 4311 1032 4378 infideliscaecus
1055 4309 1288 4394 respectabat.
1315 4309 1417 4376 Tertia
1443 4309 1521 4374 ratic
1544 4327 1586 4374 ex

632 4421 721 4500 parte
743 4415 1021 4502 occuparationis,
1045 4415 1119 4500 quia
1143 4415 1248 4498 aliqua
1265 4413 1425 4498 proportio
1442 4419 1489 4478 est
1505 4413 1586 4478 oculi

630 4523 728 4586 nostri
752 4523 790 4588 ad
815 4523 914 4588 lucem
941 4521 1152 4606 corporalem,
1172 4521 1226 4588 sed
1251 4523 1309 4586 lux
1334 4511 1506 4604 spiritualis
1526 4521 1586 4586 irn-

633 4629 906 4712 pmportionaliter
929 4627 1071 4706 excedit,
1094 4631 1126 4694 et
1146 4627 1224 4694 ‘ideo
1250 4625 1353 4692 iucem
1374 4623 1514 4714 ,neotum
1534 4625 1585 4692 iu·

630 4733 884 4800 accessibilemi.

721 4843 749 4904 1.
776 4839 863 4924 Qtrod
888 4839 1050 4926 quaeritur
1083 4839 1120 4906 de
1152 4835 1459 4924 comprehensione,·
1481 4837 1587 4904 dicen-

545 4979 551 5004 ι
593 4961 612 5004 a·
631 4947 725 5024 dum,
749 4947 835 5032 quod
850 4943 905 5012 ’θεῖ
926 4947 1163 5030 comprehensio
1179 4963 1235 5030 per
1253 4945 1467 5012 inclusionem
1480 4945 1506 5024 1,
1529 4961 1586 5030 per

631 5049 970 5138 apertam'cicioncm,
1003 5069 1058 5136 per
1091 5051 1160 5118 lidei
1194 5059 1223 5118 et
1252 5051 1391 5118 caritatis
1412 5049 1587 5116 artbaaio-

630 5177 714 5222 nem.
738 5157 842 5222 Primo
863 5157 996 5222 medea
1021 5159 1106 5222 nullo
1130 5157 1424 5242 comprehenditur,
1451 5155 1587 5222 secundo

630 5261 723 5352 mode
744 5279 764 5328 a
787 5261 904 5342 neatis,
927 5261 1020 5330 tertio
1042 5261 1135 5328 modo
1164 5281 1182 5328 a
1214 5263 1349 5342 Sanctio,
1379 5263 1466 5330 nullo
1488 5263 1587 5330 dicio-

704 5689 713 5720 ¹
732 5691 801 5744 Lihr.
821 5693 838 5744 l.
857 5693 892 5744 de
911 5693 982 5746 Trin.
999 5705 1028 5744 n.
1047 5693 1091 5744 lo.
1108 5697 1136 5744 et
1153 5695 1179 5744 ll.
1200 5709 1224 5744 n.
1244 5695 1287 5746 20.
1302 5687 1339 5732 -'
1352 5693 1461 5746 interius
1478 5707 1527 5758 pro
1545 5707 1587 5746 sa·

632 5779 695 5834 iulia
715 5785 822 5834 nostrae
842 5783 859 5832 u
878 5779 975 5834 salectis
992 5783 1126 5834 aeternae.

703 5867 801 5924 2Libr.
827 5873 862 5924 lll.
888 5873 921 5924 dc
945 5869 1022 5932 Fide,
1046 5883 1068 5920 a.
1095 5869 1120 5918 6.
1146 5885 1170 5920 n.
1195 5869 1236 5920 13.
1255 5897 1290 5908 -
1317 5869 1432 5924 Subinde
1461 5873 1587 5936 allegatur

631 5961 758 6028 parca,
779 5959 821 6014 nl.
859 5981 860 5984 π
1031 6007 1032 6010 ,

704 6047 759 6102 iln
779 6053 847 6102 toan.
864 6051 966 6114 Evang.
983 6053 1016 6100 tr.
1038 6047 1061 6098 1.
1087 6061 1111 6098 n.
1133 6047 1173 6096 16.
1193 6059 1265 6110 scq.;
1283 6047 1309 6096 11.
1337 6045 1371 6098 de
1398 6047 1463 6098 Gen.
1489 6047 1523 6098 ad
1551 6047 1587 6098 lit.

631 6151 657 6190 o.
674 6137 699 6188 6.
719 6153 744 6188 n.
766 6141 811 6204 l23
833 6139 864 6190 83
885 6139 933 6206 Qq.
954 6153 980 6204 q.
1000 6137 1041 6188 16.

703 6223 801 6278 ⁴Lihr.
821 6227 855 6280 de
872 6227 977 6294 Caucis,
995 6239 1103 6290 propos.
1122 6225 1170 6276 lc:
1189 6221 1248 6276 Vita
1277 6227 1315 6274 θεῖ
1342 6221 1474 6284 processio
1499 6235 1588 6286 proce

633 6317 698 6368 dens
718 6331 746 6368 er
767 6321 825 6368 ente
836 6317 942 6382 primo,
962 6313 1063 6382 quieto,
1083 6315 1251 6380 sempiterno.
1265 6311 1315 6366 Cir.
1332 6313 1347 6362 1.
1361 6309 1431 6362 Saul.
1445 6311 1471 6362 d.
1484 6311 1512 6362 6.
1523 6323 1548 6374 q.
1563 6311 1588 6362 3.

632 6405 763 6458 elata.
785 6405 963 6470 111111.Ὶ
1043 6433 1045 6456 ;
1491 6425 1493 6428 ·

704 6491 715 6522 ⁵
734 6495 839 6548 Plurimi
857 6495 935 6546 codd.
957 6495 1102 6558 incongrue
1119 6505 1189 6546 euru.

703 6579 717 6610 ὃ
734 6585 813 6648 Epist.
828 6585 846 6636 t.
858 6585 926 6636 Tim.
940 6583 972 6646 6,
985 6581 1143 6634 liicLucem
1156 6581 1281 6632 inhahitat
1300 6579 1350 6648 [ita
1367 6579 1454 6632 etiarn¹
1467 6573 1502 6644 N]
1523 6575 1589 6626 inac-

633 6669 789 6724 cessibilem.
806 6671 859 6724 Cir.
876 6673 896 6722 1.
914 6671 984 6722 Sanc.
1002 6671 1030 6722 d.
1048 6671 1072 6722 3.
1093 6683 1117 6734 p.
1140 6671 1157 6722 1.
1173 6683 1203 6734 q.
1221 6667 1244 6718 t.
1265 6683 1320 6734 seq.
1346 6715 1347 6718 ,
1371 6687 1373 6692 ’
1494 6741 1496 6746 Α

704 6753 715 6784 '¹
734 6755 785 6812 Cir.
802 6759 921 6824 burgast,
934 6761 969 6812 dc
980 6759 1101 6812 Videodc
1118 6759 1173 6808 Deo
1191 6773 1238 6810 seu
1258 6757 1338 6822 Epist.
1352 6755 1413 6810 117.
1426 6755 1500 6824 (alias
1517 6749 1586 6820 ltu.)

632 6857 657 6896 e.
675 6845 705 6896 9.
720 6859 743 6896 n.
764 6849 809 6898 al:
831 6849 927 6898 Totum
950 6853 1038 6900 autern
1062 6847 1294 6912 conipr·ehenditur
1313 6845 1442 6912 videnda,
1462 6843 1534 6910 quod
1553 6841 1588 6894 ita

1350 533 1543 602 COMMENT.
1568 535 1606 600 ΙΝ
1629 533 1794 600 rennuunt
1816 535 1848 600 C.
1874 535 1892 600 l.

1652 725 1724 774 rum
1749 711 1913 794 modorum
1943 727 1962 776 a
1994 711 2134 794 malignis
2144 733 2153 790 ;
2184 711 2253 776 ideo
2282 713 2374 778 dicit:
2396 715 2433 776 Et
2458 713 2615 778 tenebraew

1652 833 1725 880 eam
1741 833 1807 880 non
1821 811 2144 898 comprehenderunt,
2160 815 2188 882 id
2204 821 2260 896 est,
2279 835 2335 884 nec
2352 817 2413 884 tide
2428 835 2485 884 nec
2500 835 2607 884 amore

1652 921 1872 986 adhaeserunt.

1674 1131 1761 1196 Puns.
1789 1131 1820 1196 ll.
1846 1131 1890 1194 Dc
1915 1131 2037 1208 Venno,
2060 1149 2227 1206 obtrusus
2249 1151 2304 1198 nsr
2327 1151 2424 1198 cucur
2447 1151 2586 1212 uurrun,

1994 1253 2162 1302 ronunrun
2184 1253 2265 1302 rurs.

1745 1451 1793 1512 17.
1823 1447 1902 1514 Fuit
1936 1445 2031 1514 borno
2065 1449 2190 1514 micam
2224 1467 2247 1514 a
2283 1451 2364 1528 Deo,
2395 1451 2451 1514 cui
2489 1469 2605 1516 nomen
2621 1463 2712 1508 Divisio.

1650 1559 1724 1618 erat
1752 1553 1900 1620 loannes.
1927 1553 1994 1640 ugit
2024 1554 2186 1638 saprade
2213 1541 2315 1622 Verbo
2348 1555 2519 1622 secuudum
2551 1575 2605 1622 ca-

1651 1659 1832 1726 eettentiam
1866 1661 2081 1736 uiciniam,-
2112 1661 2142 1724 in
2177 1661 2236 1726 hac
2269 1667 2360 1748 parte
2392 1663 2455 1748 agit
2494 1679 2606 1730 secun-

1650 1766 1725 1832 dum
1757 1765 1995 1832 assumtionem
2024 1763 2252 1832 annunciantis.
2286 1767 2321 1832 Et
2354 1769 2428 1852 quia
2453 1767 2606 1834 assumtio

1650 1871 1728 1936 haee
1751 1871 1830 1936 facta
1853 1877 1899 1936 est
1925 1877 2053 1956 propter
2075 1877 2213 1938 nostram
2240 1873 2388 1952 salutern,
2422 1891 2501 1958 quae
2524 1873 2606 1940 facta

1650 1985 1698 2044 θεῖ
1729 1995 1785 2062 per
1816 1977 1989 2060 passionem
2020 1985 2053 2042 et
2082 1985 2298 2044 consummata
2318 1997 2376 2064 per
2400 1979 2605 2046 resurrectio-

1650 2083 1768 2164 nem⁸;
1800 2085 1868 2150 ideo
1898 2083 1993 2150 habet
2023 2081 2100 2150 haec
2124 2101 2196 2168 pars
2220 2091 2285 2150 tres
2308 2091 2422 2168 partes.
2446 2085 2480 2150 ln
2502 2085 2605 2168 prima
2634 2099 2635 2102 ’

1650 2193 1713 2276 agit
1736 2193 1785 2260 de·
1799 2191 2048 2270 incarnatione;
2071 2191 2100 2256 in
2126 2189 2262 2257 secunda
2282 2191 2319 2258 de
2334 2191 2505 2276 passione,
2523 2191 2605 2258 infra

1650 2297 1683 2362 in
1706 2299 1767 2364 line
1800 2297 1953 2364 undecimi
1967 2297 2001 2362 ⁹:
2037 2297 2239 2384 Cotteperunt
2260 2317 2337 2384 erpa
2358 2285 2526 2384 pontifices
2538 2321 2550 2374 ,·
2570 2297 2605 2362 in

1650 2405 1744 2468 tertia
1766 2405 1806 2470 de
1826 2405 2084 2484 resurreetione,
2111 2405 2139 2470 in
2172 2403 2322 2490 principio
2355 2403 2493 2490 vigesimi
2521 2403 2605 2488 capi-

1650 2507 1727 2572 tuli:
1757 2509 1830 2574 Una
1854 2515 1964 2574 autem
1991 2509 2127 2576 Sublati
2146 2517 2205 2576 etc.

1683 2717 1799 2784 Primo
1816 2725 1983 2784 tractatur
1999 2719 2036 2782 de
2053 2719 2127 2804 ipsa
2141 2719 2373 2788 incarnatione
2387 2723 2573 2806 dupliciter,

1813 2825 1923 2908 primo
1946 2825 1985 2888 de
2008 2823 2082 2908 ipsa
2106 2825 2140 2888 in
2164 2843 2197 2890 ce
2219 2827 2438 2894 considerata.

1741 3037 1775 3102 Εῖ
1800 3037 1874 3122 quia
1895 3035 2067 3104 incarnatio
2090 3035 2208 3104 inutilis
2234 3045 2278 3104 est
2303 3039 2408 3116 nohis,
2430 3039 2488 3104 nisi
2504 3037 2604 3104 mani·
2618 3053 2766 3098 slurrusur.

1580 3173 1581 3176 ¹
1649 3143 1800 3222 testatum
1825 3143 1893 3208 iden
1916 3143 2016 3226 primo
2041 3143 2106 3228 agit
2127 3143 2166 3208 de
2188 3143 2436 3222 trucarnatione;
2451 3145 2604 3224 secundo,

1648 3249 1689 3316 de
1703 3247 1924 3314 incarnationis
1940 3245 2218 3334 multifaciatioue,
2236 3249 2316 3316 infra
2330 3249 2438 3316 eodem
2451 3251 2492 3314 1⁰:
2505 3251 2548 3314 Εῖ
2557 3249 2605 3314 ci-

1649 3355 1761 3422 uiuus
1782 3355 1925 3440 pieriam
1949 3355 2029 3420 eiua.
2057 3355 2135 3440 Quia
2157 3375 2234 3422 vero
2257 3359 2409 3424 admotus
2433 3357 2548 3424 Christi
2571 3355 2605 3422 in

1649 3461 1788 3540 carnem?
1801 3471 1868 3528 erat
1889 3461 2042 3528 artnentus
2058 3463 2164 3548 Regis,
2190 3461 2267 3528 ideo
2277 3453 2439 3548 praemisit
2453 3481 2604 3548 praecur-

1649 3585 1769 3646 sorem;
1796 3569 1863 3634 ideo
1886 3569 1992 3652 primo·
2011 3569 2117 3652 agitur
2138 3569 2178 3634 de
2199 3569 2334 3636 aduentu
2351 3569 2603 3654 praecursoria,
2618 3581 2739 3626 succusso
2747 3581 2766 3625 t

1650 3675 1805 3754 secundo,
1827 3675 1866 3740 de
1881 3675 2017 3742 adventu
2035 3673 2160 3740 Cbricti
2167 3703 2181 3752 ,¹
2194 3675 2236 3740 ibi
2252 3701 2257 3740 :
2276 3677 2359 3740 Erat
2375 3675 2433 3740 tila
2447 3693 2528 3742 cera
2545 3681 2602 3740 etc.

1826 3897 1827 3900 ’
1904 3887 1947 3956 11θ
1970 3885 2109 3954 aduentu
2132 3885 2350 3974 praecursoris.
2374 3941 2375 3944 ,

1744 4101 1791 4164 t8.
1811 4099 1909 4182 (Vers.
1930 4099 1982 4180 6.).
2000 4097 2172 4166 triremem
2188 4115 2262 4184 ergo
2285 4105 2473 4184 praecursor
2489 4099 2766 4210 deseri-nxpggiapigu·

1650 4205 1737 4270 bitur
1758 4223 1776 4268 a
1796 4211 1932 4288 quatuor
1955 4201 2200 4282 conditionibus
2225 4205 2340 4270 scilicet
2365 4223 2383 4270 a
2405 4211 2544 4284 natura,
2564 4205 2604 4272 ab

1651 4309 1862 4388 auctoritate,
1887 4327 1904 4374 a
1931 4309 2076 4388 ucrrriue,
2099 4309 2139 4374 ab
2171 4307 2283 4396 officie.
2309 4313 2330 4376 l
2357 4319 2601 4390 auriliacum

1650 4415 1782 4480 dicitur:
1801 4415 1881 4478 Fuit
1895 4411 2007 4490 boma·
2021 4413 2182 4478 Glossass:
2204 4439 2220 4472 (ε
2239 4417 2346 4496 Homo,
2369 4435 2430 4484 non
2450 4417 2603 4502 Angelum

1649 4527 1687 4586 ut
1709 4521 1819 4586 volunt
1841 4519 1989 4588 haeretici
2008 4547 2036 4580 >›.
2060 4519 2121 4586 Hoc
2142 4519 2286 4586 dicebant
2306 4521 2452 4588 haeretici
2474 4529 2604 4608 propter

1650 4625 1727 4692 illud
1759 4625 1925 4692 Malachiae
1956 4625 2070 4690 tertio:
2099 4651 2116 4682 «
2133 4625 2224 4704 Ecce,
2250 4645 2307 4712 ego
2335 4627 2427 4694 mitto
2453 4627 2602 4712 Angelum

1649 4751 1755 4798 rneurn
1778 4739 1850 4798 ante
1874 4731 1983 4798 faciem
2007 4737 2109 4810 tuam,
2129 4733 2192 4828 quil
2206 4733 2404 4818 praeparabit
2429 4733 2508 4800 riam
2531 4725 2604 4800 ante

1650 4845 1680 4904 ῖθ
1697 4865 1725 4904 ».
1753 4839 1810 4906 Sed
1838 4865 1854 4896 «
1868 4839 2013 4928 herpetas
2035 4845 2083 4906 θεῖ
2105 4839 2147 4906 ihi
2171 4839 2283 4906 nornen
2309 4841 2419 4922 officii,
2436 4825 2497 4908 non
2511 4847 2603 4908 natu·
2627 4877 2631 4884 ·

1650 4947 1785 5014 rae12».
1805 4983 1845 4994 -
1863 4947 1905 5012 Ab
1922 4945 2121 5012 auctoritate
2135 4945 2333 5026 describitur,
2351 4967 2423 5014 cum
2440 4941 2601 5014 subditur:
2616 5015 2618 5018 .

1650 5053 1772 5118 iliacus
1794 5071 1818 5118 a
1843 5051 1917 5128 lice,
1935 5069 1996 5116 non
2020 5051 2060 5116 ab
2082 5051 2223 5130 hancine,
2243 5071 2304 5118 non
2326 5071 2344 5118 a
2369 5071 2418 5132 se;
2435 5053 2471 5120 ad
2494 5055 2603 5120 Roma-

1650 5177 1707 5226 nos
1729 5159 1849 5224 decimo
1860 5159 1903 5222 ¹³:
1928 5183 1944 5216 «
1955 5157 2117 5240 Quomodo
2135 5157 2382 5240 praedicabunt,
2398 5159 2455 5226 nisi
2478 5159 2603 5226 mittan-

1651 5263 1950 5348 munitiunculam
1970 5249 2087 5330 'dicitur
2111 5263 2148 5330 dc
2172 5263 2262 5332 malis
2279 5267 2442 5348 prophetis
2456 5267 2604 5332 teremiae
2638 5319 2642 5330 .
2684 5341 2685 5346 ,

1651 5693 1762 5756 videtur,
1781 5699 1811 5744 ut
1829 5693 1889 5746 nihil
1907 5693 1963 5744 eius
1982 5693 2058 5744 lateat
2076 5691 2222 5752 ridentem,
2242 5695 2286 5744 aut
2308 5691 2383 5744 cuius
2406 5693 2470 5744 lines
2496 5693 2604 5744 circnm-

1651 5783 1716 5846 spici
1740 5789 1858 5846 possunt.
1877 5811 1911 5822 -·
1930 5783 1976 5834 Ed.
1997 5781 2068 5834 addit
2093 5779 2148 5834 ciue
2175 5779 2397 5836 terminationem.
2421 5783 2526 5836 talarius
2555 5795 2601 5848 pro

1650 5885 1744 5924 umore
1764 5873 1784 5924 li
1803 5869 1923 5926 caritate.

1721 5957 1731 5988 ⁸
1752 5959 1803 6014 Cir.
1823 5963 1859 6014 111.
1879 5963 1947 6014 Sent.
1967 5959 1994 6010 d.
2015 5957 2055 6008 19.
2075 5971 2097 6008 a.
2120 5957 2142 6008 1.
2160 5973 2188 6024 q.
2208 5959 2231 6008 l.
2251 5965 2275 6012 et
2294 5961 2335 6012 lV.
2355 5961 2384 6012 d.
2404 5963 2430 6012 2.
2448 5959 2512 6012 dub.
2531 5961 2557 6012 2.

1721 6045 1732 6074 ⁹
1753 6049 1828 6100 Vers.
1846 6047 1894 6110 17;
1913 6059 1971 6110 cap.
1994 6047 2039 6108 20,
2062 6047 2085 6096 1.
2103 6051 2142 6098 θεῖ
2159 6059 2214 6112 seq.
2234 6047 2317 6100 loona.

1724 6131 1746 6164 ¹⁰
1766 6135 1908 6196 Vens-ll,
1927 6133 1992 6184 ibid.
2011 6149 2034 6184 r.
2055 6135 2086 6186 3:
2105 6135 2163 6186 Erat
2184 6137 2224 6186 lux
2244 6149 2307 6188 vera
2325 6139 2376 6186 etc.

1722 6221 1743 6252 ²¹
1765 6225 1866 6278 Scilicet
1885 6221 2037 6288 ordinaria,
2054 6223 2088 6276 de
2099 6237 2151 6290 quia
2165 6221 2227 6274 vide
2242 6223 2439 6286 Theophylact„
2451 6221 2477 6274 in
2492 6225 2561 6274 hune
2572 6221 2604 6274 lo·

1652 6327 1720 6366 curm.
1739 6341 1775 6354 --
1793 6315 1853 6380 Seq.
1874 6315 1946 6364 larris
1964 6317 2003 6364 est
2021 6313 2128 6366 llaluch.
2147 6313 2175 6374 3,
2197 6313 2225 6362 t:
2249 6315 2338 6364 «Eece
2357 6327 2406 6376 ego
2432 6311 2505 6362 mitto
2522 6311 2605 6374 ange·

1652 6403 1706 6452 lum
1724 6417 1814 6454 meum
1834 6407 1857 6452 et
1877 6401 2045 6466 praeparabit
2066 6401 2138 6452 riam
2161 6407 2222 6452 ante
2247 6401 2337 6452 lactem
2363 6415 2450 6452 meam
2462 6419 2487 6450 a.
2507 6399 2604 6452 Verbo·

1652 6473 1725 6542 tenus
1745 6491 1875 6542 invonitur
1894 6491 1979 6542 llatth.
2005 6489 2040 6556 tl,
2064 6491 2107 6552 lo,
2128 6489 2172 6556 qui
2192 6489 2268 6542 etiam
2286 6489 2322 6542 ab
2339 6489 2382 6542 ed.
2399 6491 2533 6554 allegatur.

1722 6575 1743 6606 ²²
1764 6581 1794 6632 Ut
1814 6579 1877 6632 dicit
1895 6579 2019 6642 abacista
2038 6581 2085 6630 cir.
2103 6591 2184 6642 supra
2204 6589 2265 6640 prag.
2285 6577 2344 6638 tal,
2366 6581 2425 6628 ncta
2444 6577 2467 6628 3.
2501 6629 2502 6632 ,
2601 6617 2613 6638 .,,

1722 6661 1744 6692 ¹³
1766 6667 1839 6720 Vera.
1858 6667 1901 6720 15.
1914 6693 1953 6718 ,-
1973 6665 2095 6732 Sequitur
2120 6669 2167 6716 lar.
2187 6667 2234 6728 23,
2256 6665 2303 6718 it:
2322 6665 2377 6716 Nori
2395 6663 2529 6718 mittebam
2548 6677 2605 6728 pro·

1652 6753 1758 6816 phetas,
1776 6759 1800 6804 et
1820 6755 1870 6818 ipsi
1889 6755 2034 6806 currebant.
2086 6763 2088 6768 “
