5926 8276
509 585 511 592 ’
568 565 632 632 558

567 741 729 808 comedere
754 745 783 806 et
807 729 914 808 bibere
939 745 969 808 et
990 737 1153 806 ostendere
1170 735 1291 802 animae
1308 751 1382 802 suae
1398 735 1480 800 uma
1493 757 1522 814 »;

567 847 660 914 lsaiae
686 847 834 932 rigesimo
858 845 1011 914 secundo:
1046 871 1063 904 «
1077 841 1284 910 Comedamus
1307 846 1338 910 et
1362 841 1523 918 bibamus,

344 983 346 988 v
437 971 468 1012 nr
482 971 552 1028 eoru,
569 971 639 1020 cras
659 953 744 1018 enim
768 949 987 1018 moriemur».
1003 987 1044 1000 -
1070 947 1232 1014 Secundus
1256 955 1304 1014 est
1325 953 1449 1024 tuctus,
1474 943 1524 1012 oui

566 1057 710 1138 seruiunt
733 1053 922 1132 locuriosi;
946 1053 977 1120 in
1003 1069 1140 1138 quorum
1175 1069 1311 1138 persona
1331 1049 1449 1116 dicitur
1472 1051 1525 1114 Sa-

567 1161 702 1248 pientiae
734 1159 889 1228 secundo:
919 1159 1077 1224 «Nullum
1115 1157 1154 1222 sit
1178 1164 1324 1242 pratum,
1351 1155 1436 1240 quod
1462 1173 1524 1222 non

567 1273 763 1354 pertranseat
781 1265 916 1334 'luxuria
939 1271 1056 1330 nostra,
1079 1263 1176 1330 Nemo
1198 1267 1342 1330 nostrum
1360 1261 1399 1328 sit
1415 1277 1526 1328 exsors

333 1461 335 1466 Ι
401 1393 437 1438 ne
452 1389 547 1434 letrau.
568 1373 714 1440 luxuriae
752 1377 877 1438 nestrae
892 1399 923 1436 ».
952 1409 996 1420 -
1025 1369 1151 1436 Tertius
1187 1375 1235 1436 est
1268 1369 1449 1444 odoratus,
1474 1365 1524 1432 cui

569 1479 710 1546 seruiunt
732 1477 881 1546 deliciosi
886 1501 897 1556 ;
933 1477 963 1544 in
997 1495 1134 1564 quorum
1165 1493 1302 1562 persona
1334 1475 1450 1542 dicitur
1473 1475 1526 1538 Sa-

569 1585 703 1670 pientiae
725 1583 882 1664 secund0:
902 1609 919 1642 ‹<
935 1579 1107 1668 Unguentis
1124 1599 1182 1648 nos
1196 1581 1400 1666 impleamus
1419 1585 1449 1646 et
1463 1595 1526 1644 non

569 1695 746 1774 praetereat
774 1707 832 1756 nos
867 1689 925 1756 llos
959 1687 1134 1774 temporis;
1166 1705 1356 1756 coronemus
1386 1703 1443 1750 nos
1476 1703 1526 1750 ro-

450 1813 480 1858 re
495 1813 549 1856 visu·
569 1797 610 1864 sis
624 1823 639 1856 ε
666 1801 723 1864 ειε.
752 1833 792 1844 --
818 1797 956 1880 Quartus
978 1805 1025 1864 εει
1049 1795 1156 1876 uisos,
1184 1795 1234 1862 cui
1252 1795 1393 1862 seruiunt
1409 1791 1526 1868 couri·

454 1887 456 1894 ⁴
569 1903 606 1970 de
632 1903 749 1988 quibus
772 1901 975 1968 Ecclesiastici
993 1901 1115 1970 decime
1131 1903 1287 1986 qnart01:
1311 1895 1526 1964 «Insatiabilis

569 2009 680 2090 oculus
696 2005 798 2094 cupidi
817 2007 845 2074 in
864 2013 953 2092 parte
967 2007 1159 2095 iniquitatis;
1178 2025 1241 2074 non
1258 2005 1424 2074 satiabitur
1436 2031 1464 2068 n.
1485 2039 1525 2050 —

421 2133 456 2178 ne
468 2129 551 2192 auditu·
571 2113 705 2198 Quintus
725 2119 773 2182 est
797 2115 948 2194 eruditae,
963 2117 1015 2182 oui
1031 2113 1176 2182 serviunt
1193 2113 1326 2194 curiosi;
1345 2111 1423 2176 tales
1439 2113 1528 2176 erant

571 2219 786 2300 Athenienses,
804 2221 937 2288 artuum
952 2220 1072 2290 decimo
1088 2219 1238 2306 septimo:
1259 2219 1330 2284 «nd
1347 2215 1427 2284 nihil
1442 2215 1527 2280 aliud

475 2323 476 2326 ’
571 2325 735 2406 vacabant,
754 2325 813 2392 nisi
828 2335 884 2394 aut
905 2326 1011 2402 dicere
1032 2332 1087 2392 aut
1104 2325 1214 2392 audire
1231 2323 1349 2410 aliquid
1366 2321 1438 2388 anovi
1449 2345 1481 2398 »3
1498 2325 1528 2386 ει

491 2451 493 2456 ·
570 2435 722 2500 secundae
748 2423 782 2500 ad
810 2423 1008 2500 Timothbum
1032 2439 1165 2520 quarto:
1197 2457 1211 2490 «
1228 2431 1269 2496 nd
1295 2449 1353 2506 sua
1376 2425 1527 2494 desideria

570 2539 798 2606 coacervabunt
823 2539 880 2604 sibi
902 2539 1071 2622 magistros
1093 2537 1272 2620 prurientes
1297 2535 1475 2602 auribus».

658 2647 709 2712 lsti
724 2663 801 2728 ergo
818 2651 891 2710 sunt
905 2645 1048 2728 quinque
1071 2641 1148 2720 riri,
1174 2659 1255 2724 quos
1277 2637 1523 2722 reprehenditur

406 2767 488 2812 florum
503 2767 552 2822 fiu-
572 2751 675 2820 anima
700 2749 798 2816 tidelis
822 2749 983 2826 babuisse;
1019 2745 1075 2830 qui
1106 2745 1199 2812 etiam
1232 2743 1449 2828 significantur
1471 2759 1529 2824 per

465 2831 497 2862 Μ’
572 2857 712 2940 quinque
752 2853 825 2938 iuga
868 2851 989 2930 boum,
1028 2851 1068 2916 de
1110 2847 1226 2934 quibus
1269 2850 1372 2914 Lucae
1408 2845 1529 2912 decimo

572 2961 709 3046 quartol
732 2957 866 3024 dicitur:
896 2981 910 3014 r
929 2957 1002 3040 luga
1024 2955 1120 3022 boum
1144 2953 1204 3020 emi
1229 2953 1371 3038 quinque
1386 2977 1417 3016 n.

659 3069 691 3132 9.
714 3065 823 3130 Adbuc
849 3061 997 3148 arguitur
1026 3059 1219 3126 Samaritana
1251 3059 1356 3126 uirum
1384 3063 1527 3136 sertum,

447 3189 552 3250 Desino
572 3171 627 3256 qui
656 3189 717 3238 non
747 3169 1075 3248 assumtionem,
1108 3183 1180 3232 cum
1211 3165 1344 3232 dicitur:
1373 3165 1412 3228 ut
1443 3161 1530 3226 dune

470 3253 525 3286 Μ’
573 3297 666 3366 quem
689 3275 805 3352 bobes,
822 3277 888 3340 uon
909 3281 957 3340 est
980 3279 1059 3340 tuus
1080 3271 1155 3346 oir‚·
1181 3277 1209 3336 et
1226 3271 1278 3336 bic
1295 3271 1344 3336 uir
1361 3273 1407 3334 est
1424 3287 1528 3334 error.

573 3379 755 3466 Voluptates
773 3379 855 3444 enim
881 3379 1022 3464 eorporis
1046 3375 1191 3460 sequitur
1213 3393 1306 3442 error
1328 3373 1458 3454 monile,
1484 3391 1530 3440 se-

449 3471 450 3474 *
531 3537 533 3540 -
573 3487 710 3554 cundum
732 3485 819 3574 quod
838 3485 955 3550 dicitur
978 3483 1011 3550 in
1026 3481 1146 3550 Psalmo
1160 3481 1193 3548 3:
1214 3483 1345 3550 «Nolite
1363 3481 1531 3548 fierisicut

574 3611 675 3678 equus
700 3599 729 3660 et
746 3593 867 3670 mulus,
891 3591 1008 3676 quibus
1030 3607 1092 3656 non
1109 3595 1155 3654 est
1173 3589 1350 3656 intellectus
1367 3615 1395 3652 22.
1421 3589 1531 3654 Virum

572 3701 666 3768 istum
692 3705 837 3766 monetur
860 3699 969 3766 anima
986 3697 1144 3764 dimittere
1168 3701 1199 3762 et
1222 3697 1261 3762 ad
1283 3713 1435 3780 sponsum
1457 3713 1530 3778 pro-

573 3807 677 3892 prium
697 3823 728 3874 se
746 3803 936 3884 transferre,
960 3821 1032 3868 cum
1050 3801 1165 3868 dicitur
1184 3801 1209 3868 ei
1227 3819 1246 3868 a
1262 3801 1402 3868 Christo:
1423 3801 1531 3868 «Voce

565 3913 681 3978 'virum
704 3919 796 3978 tuum
814 3937 843 3990 n,
869 3929 966 3994 supra
990 3909 1107 3976 eodem.

851 4199 852 4202 ,
923 4139 1083 4194 COLLATlO
1103 4141 1182 4192 XVll.

662 4339 765 4418 (Vers.
787 4337 866 4414 40).
895 4337 976 4402 drot
1000 4335 1137 4424 quoidam
1154 4333 1310 4420 regulae,
1326 4333 1426 4398 coitur
1440 4331 1531 4418 ditos

575 4443 816 4530 intirrnqbotur
840 4439 1094 4528 Copbornouno.

612 4579 614 4582 ·
665 4553 694 4616 l.
716 4549 984 4617 Considerandum
1010 4553 1057 4614 est
1080 4547 1110 4612 in
1143 4547 1249 4614 uerbis
1271 4545 1357 4624 ἱειίε,
1382 4545 1531 4632 quaesit

465 4669 555 4714 Divisio·
576 4655 741 4722 infirmitas
764 4653 826 4720 ista
847 4689 892 4700 —
914 4657 948 4720 et
969 4653 1058 4736 unde
1080 4645 1251 4718 contracta.
1425 4653 1428 4658 ’

664 4761 832 4828 lndrmitas
854 4759 913 4828 ista
939 4767 984 4828 εει
1008 4759 1176 4825 infirmitas
1206 4757 1339 4842 culpem
1364 4765 1393 4822 et
1417 4757 1531 4822 dicitur

442 4883 556 4938 neurim
576 4867 758 4954 iufirmitas
779 4867 897 4954 cnlpae
920 4873 1050 4952 propter
1081 4865 1158 4942 tria,
1184 4863 1302 4930 scilicet
1325 4863 1399 4948 quia
1424 4859 1532 4948 asor„

429 4937 510 4994 triplex
523 4947 557 4978 ra·

426 4993 467 5038 tic.

575 4983 667 5056 mci,
700 4975 924 5060 depauperat,
959 4967 1116 5038 debilitet.
1160 4969 1331 5056 deformet
1367 4969 1532 5054 polluendo

577 5079 830 5158 enunciandam
851 5077 993 5146 debilitat
1010 5077 1203 5146 vulnerando
1217 5083 1401 5152 nulurum;
1418 5075 1533 5158 depau-

577 5191 665 5272 perat
689 5185 875 5272 expellendo
896 5185 1057 5272 graiium.
1445 5255 1446 5258 Ἴ

665 5295 696 5360 u.
719 5293 820 5374 Culpa
841 5291 939 5376 igitur
962 5299 1010 5358 est
1031 5291 1215 5370 infirmitas,
1241 5291 1317 5376 quia
1346 5287 1533 5376 deformqt·

461 5415 522 5460 narn
536 5413 557 5458 1.
577 5401 669 5484 primi
694 5397 952 5466 Machabaeorum
975 5397 1124 5482 primo⁴r
1145 5397 1321 5482 «Virgines
1346 5403 1379 5464 et
1404 5395 1533 5464 iuuenes

1031 559 1347 668 COLLdTIONESlN
1373 557 1536 626 lOANNEM
1561 555 1637 624 CAP.
1662 555 1708 620 IV.
1736 552 1838 620 COLL.
1866 553 1950 620 nvn
1978 551 2075 620 XVlll.

1586 729 1692 798 omnia
1705 729 1925 796 desiderabilia
1939 729 2007 796 eius
2022 755 2054 794 a.
2067 729 2202 812 -Quia
2219 727 2383 806 debilitet:
2407 729 2546 796 Threno-
2564 733 2626 778 leb
2642 733 2663 778 ³·

1587 855 1661 904 rum
1686 837 1806 920 primo:
1833 861 1851 894 «
1867 835 2025 900 infirmata
2060 839 2108 900 est
2138 835 2240 918 virtus
2274 851 2362 914 mea,
2385 835 2472 902 dedit
2494 853 2546 902 me

1587 943 1741 1010 Dominus
1762 943 1796 1006 in
1823 961 1937 1020 mauu,
1961 941 2000 1006 de
2033 959 2096 1026 qua
2129 959 2191 1006 non
2225 947 2334 1026 potero
2365 959 2496 1026 surgere
2512 967 2545 1020 »;

1589 1049 1747 1116 Psalmus:
1775 1073 1793 1106 (ε
1809 1049 1966 1114 infirmata
1990 1051 2037 1114 est
2057 1045 2089 1112 in
2114 1053 2298 1132 paupertate
2314 1047 2418 1114 virtus
2433 1065 2501 1114 mea
2513 1075 2545 1114 o.

1681 1153 1709 1222 3.
1735 1153 1908 1222 Videndum
1927 1157 1974 1220 est
1996 1157 2170 1236 praeterea,
2186 1171 2208 1218 u
2226 1171 2289 1240 quo
2304 1153 2472 1220 infirmitas
2487 1153 2547 1222 ista
2562 1155 2595 1200 ⁰0
2606 1155 2703 1254 ggglssb

1582 1263 1629 1330 'sit
1645 1267 1827 1328 contrecto.
1845 1257 2019 1326 Notandum
2038 1263 2159 1340 autern,
2176 1257 2258 1344 quod
2275 1259 2442 1344 aliquando
2459 1261 2547 1326 intir-

1588 1369 1682 1434 mitas
1703 1365 1902 1434 contrabitur
1919 1383 1936 1432 a
1952 1363 2037 1444 loco,
2060 1365 2261 1450 aliquandoa
2279 1363 2360 1444 cibe,
2375 1365 2544 1450 aliquando
2607 1441 2609 1444 ,

1589 1493 1609 1540 a
1625 1471 1737 1540 labore
1752 1471 1952 1538 inordinato.
1972 1471 2004 1536 ln
2021 1471 2090 1538 loco
2108 1479 2180 1540 nota
2193 1473 2308 1540 malam
2324 1473 2547 1552 occasionem

1590 1579 1624 1648 in
1646 1579 1735 1660 cibe,
1757 1579 1873 1644 malam
1895 1577 2159 1656 delectationem
2181 1579 2213 1644 in
2231 1579 2337 1646 labore
2352 1579 2546 1660 inordinato,

1589 1686 1702 1751 malam
1719 1683 1940 1768 operationem
1953 1681 1977 1748 ⁵.
1995 1721 2040 1732 --
2051 1683 2253 1750 Contrabitur
2270 1685 2367 1770 igitur
2379 1687 2547 1754 infirmitas
2564 1687 2669 1732 Primum.

1589 1809 1610 1856 a
1632 1789 1698 1880 loco
1707 1813 1719 1864 ;
1745 1789 1826 1856 unde
1851 1807 1923 1856 oum
1945 1789 2135 1856 describitur
2160 1789 2306 1858 infirmus
2329 1791 2362 1858 in
2388 1797 2546 1876 praesenti

1590 1895 1772 1980 Evangelio,
1799 1895 1978 1962 notabiliter
2000 1895 2202 1982 subiungitur
2239 1897 2352 1976 toros,
2369 1915 2442 1964 oum
2473 1899 2547 1982 dici-

1590 2007 1662 2068 tur:
1688 1999 1935 2086 lnpirrnubotur
1961 1997 2219 2084 Copdurnoom,
2251 2001 2336 2086 quod
2360 2001 2547 2088 interpreta-

1592 2113 1644 2176 tur
1670 2125 1744 2192 ager
1766 2107 1985 2192 pinguedinis²
2008 2107 2057 2174 rel
2081 2106 2155 2174 uilla
2178 2107 2397 2174 consolationis
2410 2109 2431 2176 ⁶.
2449 2111 2483 2176 ln
2498 2103 2549 2178 liis
2602 2095 2606 2100 ’

1592 2215 1675 2282 enim
1691 2215 1768 2280 solet
1785 2215 1928 2282 contrabi
1944 2213 2111 2282 infirmitas
2126 2213 2307 2298 spiritualis.
2324 2215 2452 2296 lterum,
2471 2215 2549 2284 Osee

1592 2327 1724 2404 quarto:
1754 2345 1769 2378 «
1786 2321 1982 2386 Maledictum
2005 2325 2037 2386 et
2066 2319 2262 2388 mendacium
2300 2323 2340 2386 et·
2364 2319 2487 2386 lurtum
2518 2331 2549 2390 et

1592 2425 1796 2490 homicidium
1818 2421 2061 2506 inundarerunt
2079 2433 2112 2494 et
2126 2429 2253 2512 sanguis
2270 2427 2453 2512 sanguinem
2480 2429 2548 2494 teti-

1592 2531 1652 2614 git;
1678 2533 1806 2610 propter
1829 2529 1887 2596 boc
1914 2531 2031 2614 lugebit
2056 2519 2154 2612 terra,
2172 2539 2201 2598 et
2219 2533 2432 2600 infirmabitur
2447 2537 2549 2602 omnis

1592 2635 1645 2718 qui
1672 2633 1791 2718 habitat
1814 2633 1845 2698 in
1870 2653 1905 2698 ea
1922 2661 1950 2696 n.
1978 2671 2016 2680 -
2044 2635 2245 2704 contrahitur
2264 2641 2359 2704 etiam
2381 2641 2550 2710 infirmitas
2569 2651 2698 2694 secunaum.

1592 2757 1612 2804 a
1634 2737 1721 2814 oido‚·
1752 2737 1952 2806 Ecclesiastici
1987 2739 2145 2824 trigesimo
2170 2719 2316 2826 septimo:
2350 2745 2414 2810 «ln
2440 2747 2549 2812 multis

1592 2845 1672 2912 escis
1694 2845 1755 2910 erit
1777 2843 1960 2924 infirmitas,
1985 2849 2014 2910 et
2039 2845 2169 2914 ariditas
2190 2847 2424 2934 appropinquat
2446 2869 2549 2936 usque

1592 2949 1631 3016 ad
1655 2949 1815 3016 choleram
1831 2977 1863 3016 ».
1879 2987 1924 2998 --
1939 2949 2142 3028 Contrahitur
2166 2953 2258 3020 etiam
2283 2973 2301 3020 a
2324 2953 2435 3022 labore
2458 2957 2549 3022 inor·
2567 2967 2672 3012 Tertium·

1592 3055 1729 3130 diaeta·
1761 3055 1855 3122 lsaiae
1888 3055 2144 3142 quadragesimo:
2183 3085 2198 3118 «
2216 3059 2371 3126 deficiunt
2398 3063 2489 3148 pueri
2519 3071 2549 3130 et

1593 3161 1800 3242 laborabunt,
1823 3169 1856 3228 et
1877 3163 2005 3232 iuuenes
2028 3165 2060 3230 in
2083 3165 2264 3234 infirmitate
2280 3167 2439 3248 cadunt»;
2466 3170 2548 3236 Psal-

1593 3283 1680 3364 mus:
1709 3293 1725 3326 c<
1742 3269 1944 3334 Humiliatum
1967 3273 2013 3334 est
2030 3269 2062 3334 in
2077 3269 2240 3340 laboribus
2255 3289 2310 3338 cor
2326 3291 2448 3354 eorum,
2462 3275 2550 3342 inlir-

1594 3373 1669 3438 mati
1694 3381 1785 3454 sunt,
1810 3391 1868 3442 nec
1889 3375 1949 3442 fuit
1973 3373 2025 3460 qui
2051 3373 2213 3444 adiuvaret
2230 3407 2259 3442 n.

1940 3585 2101 3658 contario
2120 3607 2208 3660 nuru

1685 3797 1784 3882 (Vere.
1810 3799 1886 3882 tu).
1914 3799 2096 3884 incipiebat
2118 3801 2202 3868 enim
2228 3803 2323 3868 niori.

1688 3905 1714 3968 l.
1733 3905 1798 3970 Non
1815 3907 1916 3972 solum
1934 3905 2080 3972 describit
2097 3907 2297 3994 Evangelium
2314 3911 2432 3994 aegroti
2458 3909 2551 3994 infir·
2568 3921 2709 3966 torridulo·

1594 4013 1758 4090 rettulerit,
1784 4011 1835 4078 sed
1862 4011 2053 4080 infirmitatis
2073 4015 2275 4100 pronitatem
2300 4015 2330 4082 iu
2359 4019 2435 4098 boc,
2468 4021 2551 4104 quod
2736 3997 2738 4002 ⁵

1594 4117 1867 4204 appropinquabat
1898 4125 2047 4204 aegrotus
2075 4121 2116 4186 ad
2146 4131 2301 4202 mortem;
2332 4124 2418 4210 quod
2446 4131 2550 4204 notat,

1595 4241 1667 4292 oum
1683 4225 1773 4290 dicit:
1799 4225 1981 4312 incipiebat
2000 4227 2084 4294 eloim
2104 4229 2197 4294 mori.
2226 4229 2280 4296 Ubi
2303 4231 2472 4318 noandum
2489 4239 2550 4312 est,
2564 4241 2718 4306 signatqu-

1595 4331 1681 4416 quod
1692 4331 1802 4398 mortis
1817 4333 1989 4416 spiritualis
2003 4333 2201 4420 quadruplex
2220 4337 2344 4422 signum
2360 4345 2421 4416 est,
2434 4339 2552 4406 scilicet
2572 4297 2717 4392 fimum

1594 4435 1719 4504 amissio
1743 4445 1867 4516 motus,
1889 4439 2015 4504 amissio
2039 4447 2178 4524 gustus,
2199 4441 2325 4508 amissio
2356 4443 2496 4530 loquetae
2520 4451 2552 4512 ει

1595 4543 1720 4620 amissio
1733 4561 1858 4610 sensus.
1873 4581 1914 4594 -
1925 4547 2010 4610 Tunc
2022 4545 2107 4612 enim
2120 4545 2229 4630 incipit
2240 4549 2333 4614 bomo
2347 4549 2551 4634 spiritualiter
2569 4561 2674 4604 Primum·

1596 4647 1689 4726 rnori,
1705 4649 1829 4732 quando
1846 4647 1959 4714 amittit
1977 4657 2100 4716 motum
2118 4651 2220 4718 borrae
2236 4655 2552 4738 operatioeimunde

1596 4753 1696 4822 lacobi
1720 4755 1857 4822 secundo
1871 4757 1899 4822 ¹:
1931 4783 1944 4814 «
1961 4755 2049 4824 Fides
2070 4757 2136 4824 sine
2153 4759 2302 4844 operibus
2319 4767 2550 4828 mortuaest».
2577 4775 2578 4780 ’

1595 4899 1639 4910 -
1672 4861 1802 4946 Quando
1835 4861 1950 4930 amittit
1982 4861 2118 4948 qustum
2159 4863 2368 4948 deuotioni&
2393 4867 2550 4936 Psalmus:
2570 4879 2700 4924 Serrium·
2766 4939 2768 4942 .

1602 4969 1764 5036 «Omnem
1802 4987 1902 5038 escam
1938 4969 2116 5038 abominata
2150 4981 2195 5040 est
2227 4973 2330 5040 anima
2361 4993 2489 5056 eorum,
2521 4985 2552 5044 et

1596 5075 1932 5164 appropinquaverunt
1946 5095 2049 5162 usque
2064 5077 2104 5144 ad
2119 5087 2226 5164 portas
2241 5079 2388 5148 mortis».
2405 5119 2446 5128 -
2466 5083 2551 5162 Item,
2570 5091 2674 5136 rentium.

1597 5183 1722 5270 quando
1734 5183 1848 5248 amittit
1865 5183 2023 5272 loquelam
2040 5183 2270 5270 confessionit;
2287 5187 2439 5254 Psalmus:
2462 5191 2552 5256 «Non

1597 5295 1644 5358 est
1667 5289 1698 5354 in
1722 5295 1824 5356 morte
1848 5289 1901 5376 qui
1927 5307 2049 5356 mentor
2082 5293 2123 5358 sit
2146 5293 2208 5372 tui;
2235 5293 2265 5360 in
2291 5293 2412 5360 inferno
2445 5295 2551 5362 autem

1597 5395 1670 5482 quis
1700 5395 1900 5462 confitebitur
1936 5393 1992 5463 tibi
2006 5403 2046 5462 n?
2076 5433 2118 5446 -·
2151 5399 2244 5476 item,
2282 5397 2407 5482 quando
2437 5399 2551 5466 amittit
2568 5409 2680 5464 turnum·

577 5503 725 5571 infirmati
751 5509 840 5582 sunt,
866 5511 896 5570 ει
917 5503 1020 5570 omnis
1035 5501 1215 5588 speciositas
1231 5503 1400 5570 mulierum
1424 5503 1533 5566 immu-
1595 5521 1731 5570 sensum
1755 5501 1962 5570 discretionis
1970 5527 1983 5578 ;
2006 5508 2134 5588 propter
2159 5505 2243 5590 quod
2265 5503 2412 5570 clamavit
2434 5503 2550 5570 Dauid:

578 5617 643 5676 tata
663 5611 711 5678 εει
726 5635 759 5692 »;
781 5611 981 5674 Threnorum
1007 5611 1127 5696 primo:
1154 5635 1171 5668 c
1191 5611 1339 5692 Egressus
1364 5613 1411 5674 εει
1436 5607 1532 5674 afilia
1604 5635 1620 5668 «
1634 5608 1776 5676 illumina
1800 5608 1907 5674 oculos
1931 5625 2033 5688 mem,
2057 5627 2097 5674 ne
2120 5627 2259 5694 unquam
2291 5609 2485 5676 obdormiam
2520 5611 2551 5676 in

460 5731 524 5776 narn
536 5731 559 5776 a.
579 5717 650 5784 Sion
673 5719 774 5782 omnis
788 5715 884 5782 decor
899 5715 966 5782 eius
980 5743 1011 5782 ».
1028 5715 1167 5798 -Quia
1184 5715 1414 5800 depauperet:
1425 5715 1533 5806 ΙΕεειε-
1598 5721 1699 5782 morte
1712 5741 1745 5794 »;
1761 5721 1794 5782 et
1810 5715 1914 5800 quarti
1934 5717 2051 5802 Regum
2066 5723 2181 5800 quarto
2201 5715 2317 5782 dicitur
2341 5717 2378 5782 de
2402 5717 2467 5784 tilio
2483 5737 2553 5784 mu-

579 5823 691 5890 siastae
713 5821 841 5908 quinto:
872 5849 887 5880 (ε
902 5821 989 5890 Sicut
1012 5839 1157 5908 egressus
1183 5829 1229 5888 est
1253 5821 1357 5888 nudus
1381 5821 1419 5884 de
1443 5826 1533 5886 utero
1598 5819 1701 5898 lieris
1726 5821 1762 5886 ad
1788 5839 1881 5908 quem
1906 5827 2035 5890 uenerat
2058 5821 2150 5900 Giezi,
2175 5821 2258 5908 quod
2288 5849 2304 5882 ιι
2318 5841 2381 5890 uon
2405 5823 2474 5890 'erat
2490 5843 2552 5890 uox

472 5991 473 5996 ,
577 5931 803 6008 matrissuae,
828 5929 872 5996 sic
896 5935 1119 6006 revertetur»;
1142 5935 1174 5994 et
1198 5929 1360 6014 sequitur:
1383 5925 1533 5992 «lllirabi-
1598 5943 1701 6012 neque
1724 5941 1880 6008 sensus»,
1904 5933 1941 5992 ut
1963 5927 2193 6012 significaretur
2217 5947 2285 5998 esse
2308 5935 2463 5998 mortuus.

578 6037 615 6104 lis
632 6039 764 6122 prorsus
778 6035 956 6114 infirmitas
969 6033 1128 6118 quomodo
1143 6033 1238 6114 venit,
1256 6033 1299 6100 sic
1311 6037 1532 6112 revertetur.»;

579 6141 777 6208 Threnorum
801 6139 917 6226 primo:
948 6141 1104 6208 «Manum
1136 6157 1225 6206 suam
1261 6139 1345 6208 misit
1376 6137 1473 6214 bostis
1496 6137 1534 6202 ad
1599 6145 1830 6224 quatuorsunt,
1849 6139 1965 6208 scilicet
1984 6139 2179 6224 recuperatio
2193 6159 2310 6208 amoos
2324 6141 2552 6222 discretionis,-
2571 6151 2673 6196 Primum·

528 6571 530 6574 .
650 6523 756 6580 ¹Vers.
776 6523 801 6576 9.
822 6553 856 6562 -
880 6525 938 6578 Duo
961 6537 1035 6592 seqq.
1065 6525 1113 6576 loci
1139 6531 1200 6578 sunt
1227 6525 1283 6580 Act.
1316 6523 1363 6590 47,
1392 6525 1436 6576 ul.
1463 6525 1536 6578 etll;

580 6613 648 6666 Tim.
668 6613 699 6678 4,
718 6615 743 6668 3.
1367 6611 1472 6666 *Vers
1494 6613 1537 6664 49.

650 6697 660 6730 ⁸
681 6703 772 6754 Psalm.
791 6703 836 6766 31,
854 6703 879 6754 9.
899 6731 935 6740 -
954 6701 1077 6770 Sequitur
1095 6701 1164 6754 loen.
1185 6701 1214 6766 4,
1237 6703 1277 6754 lli.

650 6785 660 6816 ⁴
682 6793 756 6844 vers.
776 6789 821 6842 27.
840 6817 876 6830 -
895 6793 1047 6856 Sequuntur
1072 6789 1167 6842 Tlrren.
1196 6791 1218 6856 l,
1236 6793 1272 6856 -6;
1296 6791 1380 6844 Ecole.
1397 6789 1430 6854 5,
1450 6789 1493 6842 44.
1510 6791 1536 6840 ει

582 6871 634 6936 40;
652 6875 750 6928 Thren.
770 6877 799 6940 4,
821 6877 861 6928 40.
881 6885 906 6930 ει
925 6877 975 6946 44,
995 6879 1035 6930 Ρε.
1057 6877 1104 6940 30,
1126 6879 1167 6932 lt.

1688 6037 1716 6098 0.
1743 6033 1872 6114 Contra,
1895 6041 1986 6112 nom,
2009 6033 2094 6118 quod
2126 6035 2212 6126 uitae
2243 6037 2433 6122 spiritualis
2465 6039 2553 6124 signa
2569 6043 2703 6154 {illabi

1670 6521 1682 6552 ⁵
1700 6527 1735 6576 lta
1754 6527 1773 6578 Β
1779 6545 1787 6590 t
1807 6527 1827 6578 A
1846 6523 2058 6592 ordinationem,
2075 6523 2096 6578 C
2115 6525 2257 6580 rationem.

1670 6607 1682 6640 ⁸
1699 6611 1752 6666 Cir.
1768 6627 1849 6680 supra
1869 6629 1932 6682 pag.
1949 6613 2016 6676 323,
2035 6619 2097 6666 nota
2115 6613 2139 6666 7.
2160 6643 2194 6654 -
2213 6617 2329 6682 Quutuor
2343 6615 2390 6668 loci
2405 6629 2481 6682 seqq.
2493 6621 2553 6668 sunt

1598 6697 1666 6754 Osee
1686 6699 1714 6764 4,
1736 6705 1760 6754 2.
1778 6709 1805 6754 et
1823 6703 1838 6754 3
1850 6723 1857 6766 ς
1877 6703 1953 6756 Ecoli.
1973 6703 2019 6766 37,
2041 6703 2090 6768 33;
2112 6703 2166 6754 lsai.
2186 6699 2235 6768 40,
2252 6703 2298 6754 30.
2315 6709 2341 6756 ει
2363 6705 2403 6756 Ps.
2424 6703 2490 6768 406,
2505 6705 2519 6770 Ι4
2528 6709 2551 6758 2.

1669 6783 1771 6844 'Vera
1793 6793 1834 6844 00.
1854 6821 1889 6832 -
1908 6791 2026 6846 Subinde
2054 6792 2198 6856 allegantur
2226 6793 2265 6844 Ps.
2296 6793 2359 6856 406,
2384 6793 2435 6856 48;
2461 6793 2492 6860 0,
2517 6795 2551 6858 6,

1601 6877 1647 6940 rr,
1670 6875 1692 6928 t.
1711 6881 1738 6930 et
1755 6879 1798 6932 ru.
1816 6881 1882 6946 neg.
1901 6879 1932 6948 r,
1950 6881 1995 6934 ar.
2373 6895 2375 6898 ·
