5908 8266
508 549 510 554 ⁸
562 593 625 658 aaa

1085 591 1342 658 Catalaunos
1368 589 1593 656 tardabatur
1617 589 1694 656 Call.
1709 591 1765 656 XI.
1793 589 1896 656 COLL.
1922 589 2016 656 xallt.
2094 573 2096 578 ¹

560 779 589 840 et
614 771 720 838 eodem
757 769 924 854 vigesimo:
954 795 969 826 «
987 767 1157 836 indicatum
1184 773 1232 834 est
1253 767 1292 834 de
1315 745 1446 852 singolis
1469 785 1516 834 se·
1580 767 1689 834 -Sia
1712 785 1789 852 crgo
1811 767 1905 834 debet
1928 767 2020 832 bomo
2039 763 2210 850 spiritualis
2226 763 2304 832 mori
2321 763 2438 842 carrel,
2457 759 2537 830 mori

560 877 699 944 cundum
720 893 819 962 opera
851 875 1004 960 ipsoram.
1029 873 1067 940 Et
1100 873 1244 940 infernus
1265 881 1298 938 et
1319 889 1406 938 rnars
1430 871 1514 938 missi

521 973 522 976 ’
561 989 635 1052 εθθῖ
656 983 689 1050 in
712 989 858 1066 stagnum
881 979 970 1064 ignis.
990 981 1068 1046 Haeo
1084 987 1132 1046 θεῖ
1147 997 1235 1046 murs
1250 977 1387 1046 sectanda
1404 1003 1437 1058 a,
1454 983 1516 1044 sta-

459 1097 540 1142 terae·
560 1107 655 1176 gnum
681 1091 768 1176 ignis.
794 1127 837 1136 -
863 1087 913 1154 Est
937 1085 1029 1154 etiaurt
1055 1103 1140 1152 mars
1161 1103 1285 1172 poeitae
1307 1085 1448 1162 vernule,
1478 1085 1515 1150 do
1590 1135 1593 1140 2

560 1213 622 1280 qua
647 1201 750 1280 potest
771 1193 900 1278 intelligi
927 1193 1010 1280 quod
1033 1191 1149 1258 dicitur
1174 1193 1373 1258 Thronorum
1397 1189 1513 1276 perimo:

564 1301 682 1368 «Foris
703 1299 852 1366 interlicit
869 1299 1000 1384 gladius,
1016 1305 1050 1364 et
1071 1297 1154 1364 domi
1180 1317 1265 1364 ttiors
1291 1297 1401 1364 similis
1425 1303 1471 1364 cst
1484 1323 1513 1362 u.

629 1409 699 1472 ll.
723 1409 807 1472 llors
828 1405 888 1472 ista
912 1403 1081 1472 darrenela
1107 1410 1172 1484 θεῖ,
1189 1405 1263 1490 quia
1280 1403 1512 1482 intolerabilia,

392 1519 540 1616 sapimus·
558 1511 756 1580 ineuitabilis
770 1517 804 1578 et
825 1511 1090 1578 interminabilia.
1111 1545 1151 1558 -·
1170 1509 1409 1586 intolerabilia·
1431 1507 1515 1574 tande

492 1601 498 1618 ⁸
557 1619 754 1704 Apocalypsis
775 1619 898 1684 nonai:
930 1619 1119 1702 «Quaerunt
1140 1615 1285 1682 homines
1311 1619 1460 1692 mortem,
1485 1619 1515 1680 et

557 1709 654 1810 lugiet
678 1739 764 1790 mors
786 1723 825 1790 ab
850 1723 893 1790 eis
909 1747 941 1790 a.
959 1761 1001 1772 --
1016 1723 1110 1802 Nata,
1126 1721 1211 1808 quud
1228 1729 1274 1788 est
1291 1727 1389 1790 status
1406 1721 1514 1786 intole-

559 1825 683 1910 rabilis,
716 1827 765 1896 cui
803 1829 1006 1914 praeeligitur
1042 1829 1129 1894 dolor
1163 1827 1289 1906 mortis3
1320 1825 1365 1892 ita
1386 1827 1446 1892 erit
1472 1823 1512 1892 ibi

557 1937 732 2004 secundum
753 1935 830 2012 illud
856 1933 1058 2002 Ecclesiastici
1094 1933 1271 2018 trigesima:
1301 1931 1438 2000 «blelius
1467 1937 1514 1998 est

557 2051 642 2110 anuas
678 2059 771 2128 quam
809 2041 873 2108 rita
893 2057 1046 2120 amara»;
1073 2039 1158 2106 rande
1181 2045 1212 2106 et
1242 2039 1397 2124 propbeta
1422 2039 1513 2104 lsaias

521 2219 524 2228 ,
558 2147 715 2234 trigesimo
740 2147 850 2214 tertia:
880 2147 989 2230 «Quis
1022 2165 1062 2214 ex
1096 2145 1185 2214 uobis
1220 2143 1335 2230 poterit
1369 2143 1512 2210 habitare

298 2249 300 2258 ’
398 2257 541 2304 ueuauus.
557 2273 630 2322 cam
651 2253 819 2322 ardoribus
842 2251 1042 2338 sempiternis
1058 2259 1095 2318 a?
1115 2289 1157 2300 -
1181 2253 1266 2330 item,
1289 2249 1509 2328 inevitabilia,

535 2363 772 2438 illiserunt,
799 2359 852 2446 qui
883 2367 1112 2444 peccaueruat;
1134 2359 1176 2426 ed
1199 2359 1355 2426 Romanas
1376 2357 1511 2440 sertui:

562 2495 576 2528 «
589 2467 747 2552 Stipendia
761 2465 879 2552 peccati
895 2483 983 2532 mors
993 2489 1023 2544 »3
1039 2465 1236 2550 Apoealypsis
1250 2463 1371 2532 decimo
1386 2455 1510 2530 natural

562 2603 576 2636 ι(
593 2575 626 2642 la
647 2573 697 2642 die
721 2591 784 2640 uua
807 2573 932 2638 aeraient
953 2573 1063 2656 plagae
1087 2571 1174 2636 eius:
1197 2589 1286 2636 naurs
1307 2579 1340 2636 et
1362 2571 1467 2636 luctus
1482 2577 1512 2636 θῖ

555 2681 669 2760 laruas,
692 2687 724 2746 et
746 2679 816 2762 igne
839 2667 1059 2756 comburetur,
1084 2675 1159 2762 [paria
1181 2681 1230 2742 est
1244 2675 1334 2740 fortis
1351 2675 1510 2752 Dominus,

388 2787 611 2886 luterflagelli-qui
633 2781 937 2860 ineluctabilem
962 2781 1078 2848 dicitur
1102 2783 1139 2846 de
1169 2781 1332 2864 Babylone.
1359 2817 1401 2828 -
1425 2781 1510 2858 item,

478 2873 483 2886 ’
555 2887 830 2966 internuinabllia;
857 2887 949 2954 isaiae
975 2885 1085 2954 ultimo
1099 2887 1127 2952 l·:
1151 2913 1167 2946 «
1181 2887 1305 2954 Vermis
1321 2903 1431 2954 eorum
1448 2905 1511 2952 aon

554 2997 727 3074 morietur,
750 2999 782 3060 et
805 2993 885 3078 ignis
910 3011 1019 3060 eorum
1045 3009 1107 3058 noa
1129 2991 1354 3078 exstinguetur
1368 3017 1406 3074 »;
1432 2993 1511 3078 dpa-

554 3101 687 3186 calppsis
707 3099 828 3168 decimo
854 3103 986 3184 quarto:
1013 3123 1032 3156 ι(
1048 3097 1166 3164 Faunus
1195 3105 1427 3164 tormentorum
1460 3115 1510 3164 ea-

554 3225 626 3272 rum
650 3203 797 3272 ascendet
815 3203 849 3270 in
873 3203 998 3270 saecula
1021 3203 1220 3270 saeculorum
1234 3227 1265 3282 ³³3
1290 3209 1320 3270 et
1344 3203 1413 3268 idea
1433 3201 1511 3268 dici-

554 3321 608 3380 tur
629 3311 663 3378 in
686 3313 819 3380 Psalmo:
851 3337 866 3368 «
881 3311 966 3376 biars
988 3311 1132 3396 depascet
1157 3329 1210 3376 eos
1227 3335 1255 3388 »3
1282 3311 1311 3376 iu
1337 3329 1401 3394 quo
1424 3315 1512 3374 aota-

554 3425 608 3486 tur
629 3419 741 3488 mortis
762 3417 906 3496 duratio;
929 3415 1014 3502 quad
1038 3415 1119 3482 euim
1145 3415 1323 3500 depascitur
1341 3413 1511 3482 iterumad

534 3569 535 3572 ,
553 3525 742 3612 pascendum
766 3527 952 3590 reueasoitur.
980 3559 1021 3572 -
1039 3523 1116 3588 llaec
1132 3527 1181 3588 est
1196 3539 1272 3606 ergo
1289 3539 1374 3588 alors
1395 3521 1510 3606 geben·-

553 3647 628 3698 aee:
654 3629 889 3708 liutolaradll'a,
915 3627 1113 3696 inevitabila
1135 3627 1237 3692 malla
1261 3635 1293 3694 et
1314 3625 1510 3692 intermina-

554 3735 647 3812 bilis,-
664 3737 700 3802 de
719 3753 782 3822 que
797 3753 967 3820 possamus
982 3735 1104 3802 dicere:
1121 3733 1160 3802 Si
1172 3731 1296 3818 faisses
1311 3731 1383 3812 laic,
1400 3731 1510 3820 frater

534 3863 644 3910 ,neena
668 3863 734 3908 non
753 3839 874 3926 fnisset
899 3851 1070 3920 mortalia,
1096 3849 1197 3908 morte
1220 3857 1348 3926 poenae.

644 3953 691 4016 ῖ8.
719 3949 788 4028 Sed,
812 3949 965 4028 Domine,
987 3947 1021 4014 sl
1042 3945 1165 4034 salares
1187 3945 1255 4028 lule,
1280 3945 1390 4034 trater
1412 3965 1505 4014 eneas

638 4053 757 4142 pluisset
781 4061 933 4120 rator-tans
950 4053 1008 4120 nisi
1026 4061 1126 4120 morte
1142 4055 1293 4140 praellae,
1318 4073 1382 4138 qua
1406 4059 1506 4118 inmte

550 4161 642 4230 debet
672 4163 766 4230 bomo
797 4161 875 4248 mori
910 4161 1026 4238 carni,
1055 4163 1201 4238 natureae,
1232 4167 1265 4226 et
1289 4169 1431 4246 peceato.
1466 4193 1509 4208 --

451 4269 531 4314 raama.
551 4269 650 4336 Debet
671 4271 753 4336 enim
780 4271 873 4336 boma
899 4267 1070 4352 spiritualis
1094 4267 1172 4332 muri
1199 4265 1305 4334 carni.
1333 4267 1394 4332 liae
1422 4265 1507 4332 enim

550 4381 653 4442 morte
675 4373 775 4442 uoluit
797 4391 854 4440 nos
876 4373 1059 4440 martillaari
1085 4373 1164 4438 ille4
1191 4399 1209 4432 «
1224 4373 1278 4458 qui
1294 4389 1353 4456 pro
1373 4369 1509 4456 peccatis

551 4481 667 4550 nostris
688 4485 837 4548 arortuus
858 4485 923 4560 θεῖ,
946 4485 983 4546 at
1005 4497 1062 4544 nos
1088 4479 1216 4546 oilerret
1236 4479 1320 4556 Deo,
1337 4477 1506 4544 mortifica-

551 4595 603 4654 tus
623 4587 750 4672 quidem
776 4603 887 4664 earne,
912 4583 1090 4652 vivificatus
1111 4589 1218 4652 etitem
1241 4583 1401 4670 spiritu»;
1423 4581 1509 4650 unde

549 4693 590 4760 ad
611 4695 763 4760 Dounaaos
787 4697 914 4758 actara:
943 4711 960 4750 «·
976 4691 1005 4758 Si
1031 4689 1145 4776 spiritu
1168 4689 1248 4758 ῖθθῖθ
1272 4689 1374 4756 caruis
1398 4689 1509 4756 morti-

425 4799 532 4844 Slclssll·
549 4799 728 4880 licaveritis,
752 4799 863 4864 vivetis
879 4823 910 4864 a.
940 4835 984 4846 --
1007 4797 1105 4864 Debet
1141 4795 1233 4864 etiam
1258 4797 1339 4862 mori
1361 4797 1507 4876 maredo,

549 4907 723 4974 seeundum
738 4905 815 4972 illud
833 4903 870 4970 ad
887 4905 1009 4970 Galatas
1026 4907 1131 4970 sexta:
1154 4901 1254 4968 «erili
1274 4901 1411 4970 nundus
1433 4919 1509 4968 cru-

548 5011 666 5078 cilauus
685 5017 750 5086 est,
776 5015 806 5078 et
830 5027 887 5096 ego
910 5009 1029 5076 mundo
1045 5033 1077 5090 »3
1100 5007 1141 5076 ad
1169 5009 1366 5076 Colossenses
1395 5009 1507 5074 tertio:

554 5117 672 5202 «Quae
695 5133 823 5184 sarsum
849 5119 923 5180 sunt
947 5113 1108 5200 quaerite,
1135 5131 1197 5180 noa
1220 5107 1299 5198 quae
1325 5131 1419 5198 super
1445 5121 1507 5180 ter-

448 5223 631 5300 Ter1¹⁵¹·ra1a3
656 5209 774 5288 mortui
796 5219 879 5286 euim
905 5219 1006 5286 estis»
1028 5224 1087 5286 etc.
1103 5255 1149 5266 --
1169 5219 1270 5286 Debet
1291 5219 1408 5288 iterum
1424 5217 1507 5284 mori

544 5335 693 5414 peccata·
718 5327 757 5394 eal
782 5327 933 5392 Romanos
969 5327 1102 5390 sexta-‘n
1133 5351 1149 5384 «
1164 5325 1224 5408 Qui
1253 5325 1371 5390 mortui
1397 5343 1507 5392 sumus

547 5441 689 5518 peceato,
710 5431 870 5520 quomoda
894 5431 996 5498 adbuc
1026 5431 1167 5498 vivemus
1190 5433 1221 5498 in
1245 5431 1298 5498 illu
1314 5437 1350 5498 »t
1375 5431 1450 5498 item
1473 5431 1506 5498 ia

547 5539 673 5606 coelem:
696 5567 712 5600 e
725 5539 785 5624 Qui
800 5545 948 5604 anartuas
964 5543 1011 5604 est
1034 5537 1221 5606 iustificatus
1237 5543 1285 5606 est
1299 5555 1320 5604 θ
1334 5543 1461 5622 peccata
1473 5563 1505 5604 a.

384 4057 539 4120 Quarta'mars
551 4075 617 4122 ηοη

399 4117 433 4156 est
446 4113 532 4166 triplex.

616 5939 627 5972 ²
649 5943 723 5996 l'ers.
734 5941 762 5994 6.
775 5969 809 5980 -
821 5941 879 5994 Duo
893 5955 966 6008 seqq.
978 5941 1029 5994 loci
1038 5947 1098 5994 suunt
1107 5941 1184 5996 Eueli.
1196 5943 1241 6006 30,
1255 5943 1295 5996 li.
1305 5945 1397 5996 olisai.
1407 5943 1452 6008 33,
1464 5941 1506 5996 tt.

616 6029 627 6060 ²
649 6033 723 6086 Vers.
740 6033 783 6084 83.
801 6059 838 6070 -
856 6031 979 6098 Sequitur
999 6031 1081 6096 apoc.
1099 6031 1148 6094 l8,
1166 6033 1193 6084 8.

615 6117 627 6148 ³
648 6123 720 6174 l'ers.
734 6119 780 6174 Di.
790 6145 827 6158 -
840 6119 899 6182 Duo
908 6131 982 6188 seqq.
994 6119 1042 6172 loci
1054 6125 1114 6172 serat
1124 6121 1205 6184 :lpoa
1216 6121 1224 6172 i
1234 6119 1260 6184 l,
1271 6121 1279 6172 l
1288 6121 1311 6174 i.
1323 6125 1346 6174 θῖ
1356 6121 1396 6174 Ps.
1407 6119 1450 6188 te,
1461 6119 1504 6184 lb,

544 6207 591 6260 ubi
608 6209 699 6262 Glossu
717 6207 859 6262 ordinaria
881 6207 918 6276 (ea
938 6203 1121 6272 Cassiodoro'jz
1141 6207 1281 6276 Depereant,
1301 6223 1317 6260 a
1336 6209 1505 6260 similitudine

543 6299 736 6360 iumentorum,
756 6309 826 6362 quae
844 6311 896 6348 nan
913 6295 1039 6350 radicitus
1059 6293 1154 6348 herbas
1178 6297 1305 6362 cuclluat,
1326 6299 1373 6350 sed
1397 6297 1506 6350 sammi-

545 6391 609 6440 tates
624 6391 726 6438 tnntum
746 6389 871 6450 carpuut3
886 6383 956 6438 ande
967 6383 1064 6436 lterum
1077 6383 1173 6436 herbae
1187 6385 1330 6440 naseuntur
1342 6387 1377 6440 ad
1390 6395 1504 6452 pastum.

545 6475 589 6526 Sic
611 6479 639 6526 ot
654 6473 689 6526 illi
715 6479 798 6526 morte
823 6473 924 6536 depasti
950 6473 1126 6540 rerirlscaut‚
1145 6473 1283 6542 quianon
1304 6473 1437 6528 deficiant.
1456 6475 1505 6540 Vel

543 6561 678 6632 (tepescet,
699 6563 725 6616 id
744 6567 796 6624 est,
816 6563 850 6614 de
868 6575 954 6626 leoena
971 6563 1008 6614 ed
1025 6575 1140 6626 poenam
1157 6563 1237 6614 clueat
1256 6561 1334 6632 [Deir.
1346 6561 1504 6616 Lambrum:

543 6651 592 6704 Vel
608 6649 729 6718 depascet
749 6661 807 6714 eat,
827 6649 850 6702 id
872 6653 911 6702 est
922 6649 957 6704 de
969 6663 1068 6716 pascere
1081 6649 1115 6702 ed
1129 6663 1268 6716 pascuam,
1280 6649 1308 6704 id
1322 6655 1360 6704 est
1373 6653 1405 6704 de
1418 6663 1504 6716 poena

542 6737 579 6788 ad
596 6751 710 6802 poenam
728 6735 828 6806 aliaeelJ.

613 6821 675 6878 *Ut
695 6827 789 6878 (licitur
807 6827 826 6878 l.
848 6825 915 6878 l‘etr.
941 6827 971 6892 3,
998 6827 1039 6878 la.
1065 6855 1099 6868 -
1127 6827 1276 6894 Sequuntur
1302 6829 1379 6882 Dorta.
1403 6829 1434 6892 8,
1454 6827 1503 6892 l3;

539 6911 597 6962 Gal.
617 6911 648 6974 6,
668 6911 709 6964 li.
728 6921 755 6966 et
772 6911 828 6964 Col.
845 6913 877 6976 3,
898 6915 921 6972 l.
941 6929 997 6980 seq.

1580 873 1705 938 eilande
1737 879 1767 938 et
1802 871 1880 938 mori
1910 881 2061 958 peceato,
2099 871 2181 958 quod
2221 875 2267 938 est
2300 887 2361 936 aaa
2402 869 2538 938 retinere

1580 981 1700 1042 motam
1718 977 1756 1042 in
1781 977 1842 1044 illis
1866 977 1916 1044 ael
1938 995 2075 1044 sensum.

1673 1081 1723 1148 113.
1748 1085 1826 1148 Sunt
1858 1091 1963 1150 atatem
1988 1081 2065 1162 tria,
2091 1101 2172 1168 quae
2193 1071 2343 1150 adridunt
2376 1081 2536 1148 lauiniuem
2554 1091 2704 1188 sufflant

1578 1195 1681 1256 morte
1703 1189 1877 1274 spirituali,
1903 1187 2019 1256 scilicet
2052 1189 2204 1256 ataadlane
2234 1187 2536 1274 conternplatlonle,

1580 1293 1718 1382 affectas
1741 1295 1941 1376 dilectionis,
1967 1277 2138 1362 tramitllaa
2162 1295 2427 1362 conuersationis.
2459 1295 2540 1362 Con-¹

1580 1403 1740 1486 templatio
1775 1403 1961 1488 aempcndlt,
1994 1403 2117 1470 dilectio
2154 1401 2340 1490 transfigit,
2373 1401 2537 1468 hurrnilitas
2598 1475 2599 1478 ,

1579 1523 1656 1574 vero
1685 1507 1796 1592 sepelit
1817 1515 1851 1574 et
1871 1507 2028 1574 rcaaaallt.
2050 1545 2097 1558 -
2119 1509 2218 1576 Debet
2239 1527 2314 1592 ergo
2339 1509 2430 1574 barrio
2456 1505 2535 1574 mori
2553 1513 2659 1558 aramum.

1579 1631 1635 1698 per
1658 1613 1807 1680 studiana
1831 1613 2126 1700 contemplationis,
2152 1621 2187 1682 at
2211 1615 2249 1682 sit
2279 1615 2347 1682 eius
2375 1613 2536 1682 ineditatia

1578 1721 1668 1804 quasi
1690 1719 1929 1804 elapidatum·
1951 1721 2037 1788 uude
2052 1721 2104 1788 lob
2119 1721 2250 1806 septima
2264 1723 2295 1786 ⁶:
2317 1721 2444 1808 «Elegit
2468 1739 2536 1788 sus-

1577 1825 1728 1910 pendium
1749 1825 1854 1892 euima
1874 1843 1960 1904 mea,
1983 1833 2015 1892 et
2038 1833 2170 1892 mortem
2186 1845 2258 1894 ossa
2273 1843 2342 1892 mea
2357 1853 2388 1892 a.
2413 1865 2456 1876 -
2476 1829 2536 1894 De·
2552 1831 2684 1880 secunaum,

1576 1931 1629 1996 bet
1653 1931 1745 1998 etiam
1769 1931 1849 1996 mori
1872 1947 1929 2014 per
1953 1931 2109 1998 ardorem
2123 1931 2324 2010 dilectionis,
2348 1939 2385 1998 at
2408 1933 2447 1998 sit
2468 1931 2547 2014 eius
2628 1973 2629 1976 =

1576 2033 1697 2102 allectio
1721 2033 1809 2120 <quaesi
1835 2035 2020 2120 transduc,
2038 2037 2127 2120 quia,
2153 2037 2233 2104 sicut
2255 2035 2370 2102 dicitur
2395 2035 2535 2102 Cantico-

1577 2159 1650 2208 rum
1673 2147 1800 2222 auaro,
1826 2127 1847 2202 ⁶«
1862 2141 1951 2210 lortis
1975 2149 2022 2210 est
2044 2143 2124 2210 siout
2143 2161 2227 2210 mors
2249 2141 2392 2222 dileetio,
2408 2147 2439 2210 et
2455 2143 2535 2210 [lurra

1577 2249 1659 2314 sicut
1674 2249 1815 2316 internas
1839 2249 2021 2330 aemulatio;
2038 2249 2194 2336 lampades
2211 2249 2280 2318 eins
2300 2249 2391 2333 quasi
2416 2247 2534 2332 larupa-

1576 2354 1630 2421 des
1647 2355 1728 2440 ignis
1742 2363 1839 2442 atque
1854 2357 2052 2424 flemmarum
2066 2385 2097 2424 ».
2113 2357 2173 2426 ileo
2193 2363 2295 2424 marte
2318 2355 2406 2442 quasi
2431 2363 2534 2424 treus-

1576 2459 1642 2526 fixe
1655 2469 1724 2526 eret
1738 2479 1819 2544 quae
1836 2463 1973 2528 dicebat:
1989 2489 2005 2520 «
2021 2465 2189 2546 Vulnerata
2206 2463 2335 2532 caritate
2346 2481 2403 2546 ego
2418 2481 2488 2528 sum
2503 2491 2532 2528 a.

1577 2601 1618 2624 v--
1631 2565 1730 2630 Debet
1741 2567 1835 2630 etiarn
1850 2567 1928 2632 niori
1946 2585 2002 2650 per
2016 2567 2233 2636 laaamilltatana
2258 2571 2532 2650 conuersationis
2551 2574 2656 2620 rutatum.

1576 2675 1611 2738 at
1634 2669 1674 2736 sit
1697 2669 1765 2736 eius
1788 2671 1852 2738 uita
1873 2673 1964 2756 quasi
1984 2673 2115 2758 sepulta
2132 2675 2196 2742 sive
2213 2675 2405 2756 abscondita,
2421 2693 2532 2742 secun·

1574 2775 1653 2842 dum
1674 2777 1753 2842 illud
1777 2777 1815 2844 ad
1839 2777 2035 2846 Colosseases
2057 2779 2192 2848 lertioi:
2222 2779 2367 2846 «Mortui
2391 2781 2478 2862 estis,
2503 2789 2533 2850 et

1575 2881 1639 2948 vita
1665 2887 1768 2948 uestra
1790 2883 1971 2950 abscondita
1992 2891 2040 2952 est
2063 2903 2135 2952 cuam
2159 2885 2283 2952 Christo
2305 2885 2339 2950 iu
2360 2885 2424 2954 Deo
2442 2911 2471 2950 a.

1667 2989 1718 3056 ta.
1740 2989 1820 3056 llaec
1844 3009 1929 3056 mors
1953 2993 2145 3080 quaerenda
2161 2999 2210 3058 est
2230 2999 2262 3060 et
2285 2993 2433 3072 amanda,
2459 2993 2532 3080 quie
2549 2999 2685 3096 Hifflssil·

1571 3095 1686 3182 placat
1712 3095 1831 3174 Deam,
1862 3095 2020 3180 acdificat
2043 3097 2253 3184 praelatam,
2279 3095 2450 3182 locupletat
2477 3101 2531 3164 de-
2645 3083 2652 3104 ”

1574 3197 1737 3288 ficeretur-n.
1775 3237 1816 3250 -
1851 3197 1932 3268 llors
1969 3201 2028 3268 ista
2052 3203 2169 3288 placat
2203 3203 2331 3282 Deam;
2365 3209 2412 3272 est
2447 3203 2529 3272 enim
2549 3197 2612 3254 lelio
2628 3211 2648 3254 ¹·
2698 3203 2699 3206 ’

1571 3305 1747 3392 «pretiosa
1781 3307 1812 3374 iu
1852 3315 2022 3392 coruspeatu
2059 3311 2181 3376 Domini
2221 3327 2305 3376 mors
2344 3311 2529 3378 Senatorum

1574 3413 1667 3482 aias8
1683 3439 1716 3494 »3
1738 3421 1770 3482 et
1793 3415 1871 3482 bene
1895 3417 2058 3500 pretiosa,
2084 3419 2158 3502 quia
2180 3437 2238 3504 pro
2255 3417 2306 3484 illa
2322 3417 2374 3484 dat
2396 3435 2529 3506 regnam

1574 3521 1750 3600 caelorum3
1765 3522 1848 3590 uuida
1859 3521 2016 3590 secundae
2030 3523 2069 3590 ad
2086 3525 2282 3592 Timotheum
2296 3525 2452 3592 secando:
2469 3551 2485 3584 a
2500 3525 2529 3590 Si

1574 3621 1760 3694 commortui
1778 3645 1898 3708 sumus,
1913 3635 1945 3696 et
1961 3629 2180 3708 conviventem
2199 3631 2222 3698 si
2239 3629 2480 3710 sustinebimus
2501 3635 2530 3698 et

1574 3731 1882 3818 conregnabimus».
1904 3771 1950 3782 --
1971 3735 2059 3814 Item,
2086 3755 2169 3802 mors
2195 3737 2254 3804 ista
2276 3735 2430 3822 aedificat
2450 3755 2529 3822 pro·
2548 3741 2612 3786 Re¹i⁰
2627 3739 2647 3786 2·

1574 3839 1724 3916 ulmenam
1747 3839 1832 3906 uude
1851 3839 1977 3908 secandi
2004 3841 2262 3908 llacbabaeorum
2285 3849 2379 3908 sexto
2406 3841 2529 3908 dicebat

1574 3945 1623 4012 ille
1655 3947 1758 4012 bonus
1790 3963 1890 4014 senex
1923 3947 2104 4014 Eleazarus:
2141 3949 2413 4016 «adulescentulis
2449 3949 2528 4016 larte

1574 4051 1755 4136 exemplum
1778 4051 1971 4136 relinquam,
1997 4053 2022 4118 si
2038 4071 2097 4136 pro
2112 4053 2317 4122 sanctissimis
2336 4054 2457 4140 legibus
2471 4055 2528 4120 bo-

1573 4163 1661 4224 nesta
1674 4163 1777 4226 morte
1792 4157 2007 4244 perfungar».
2021 4195 2064 4208 -·
2083 4161 2166 4240 item,
2184 4177 2270 4226 mors
2285 4159 2337 4226 illa
2354 4159 2528 4246 locupletat
2547 4165 2610 4220 aaran
2626 4167 2646 4210 3·

1573 4259 1785 4346 liestmonam
1816 4263 1899 4330 unde
1930 4265 2050 4330 loannis
2074 4265 2273 4334 draodeeima:
2304 4291 2321 4322 «
2336 4263 2365 4330 Si
2394 4283 2527 4348 granum

1568 4367 1721 4434 laumenti
1736 4367 1848 4436 cadens
1872 4369 1905 4436 iu
1931 4377 2048 4436 tanam
2073 4377 2232 4438 mortuum
2257 4369 2367 4448 luerit,
2391 4369 2526 4436 multum

1573 4475 1714 4540 lanatum
1736 4475 1871 4542 attera».

1919 4703 2079 4758 COLLATlO
2097 4705 2181 4760 XLlll.

1659 4899 1762 4982 (Vers.
1785 4899 1863 4980 88).
1891 4901 2037 4978 Lazaro,
2063 4901 2138 4968 verul
2156 4897 2264 4988 foras.

1664 5007 1692 5070 l.
1721 5003 1812 5072 Circa
1843 5005 2079 5072 suscitationem
2112 5007 2216 5074 Lazari
2254 5007 2427 5074 notandum
2461 5015 2526 5088 est,
2546 5015 2637 5060 navata.

1572 5111 1649 5198 quid
1670 5111 1824 5180 Dominus
1844 5119 1917 5180 aute
1941 5113 2173 5180 suscitationem
2196 5111 2370 5202 feeerit-
2394 5121 2426 5180 et
2450 5115 2526 5198 quid

1572 5219 1602 5284 in
1628 5219 1805 5286 suscitanda
1825 5219 2038 5306 praeceperit.

1658 5325 1736 5390 Nota
1760 5325 1870 5410 igitur,
1888 5325 1970 5410 quod
1995 5327 2160 5406 Dominus,
2178 5326 2285 5394 valerus
2302 5327 2454 5394 suscitare
2470 5327 2525 5392 La·
2539 5333 2693 5432 tiethpppggg

1571 5449 1699 5510 aarum,
1722 5433 1783 5498 tria
1818 5431 1911 5500 iacit:
1935 5431 2069 5518 plorat,
2099 5431 2223 5500 aceede
2259 5439 2289 5498 et
2324 5433 2456 5500 clamat.
2481 5469 2523 5486 -·
2553 5441 2674 5484 sisaram-

2579 5505 2638 5538 nelli·

1573 5537 1689 5606 Plorat
1697 5561 1710 5616 ;
1738 5537 1859 5604 loannis
1893 5537 2100 5606 undecimoi:
2138 5567 2153 5598 «
2170 5543 2373 5624 lacrymatus
2400 5547 2449 5608 est
2482 5543 2625 5608 le-1‘10ra·

1639 5939 1650 5972 ⁵
1669 5945 1743 5996 l'ers.
1763 5945 1788 5996 8.
1807 5949 1833 5996 θῖ
1850 5941 1964 5996 subinde
1984 5957 2010 5996 r.
2027 5943 2055 5996 7.

1638 6027 1649 6060 ⁶
1669 6031 1743 6082 i'ers
1763 6029 1805 6084 te.
1823 6059 1859 6070 —
1878 6029 2002 6098 Sequitur
2018 6029 2118 6086 Cautio.
2141 6033 2172 6098 8,
2192 6029 2215 6086 6.
2236 6029 2319 6098 Beda,
2344 6031 2387 6086 lV.
2406 6029 2435 6084 iu
2459 6031 2525 6086 Cun-

1568 6119 1651 6180 tiac.
1672 6121 1719 6182 aa,
1745 6133 1879 6184 exponens
1901 6119 1963 6174 illud
1984 6119 2309 6188 abrenuntiantem
2331 6119 2482 6174 custodes...
2500 6123 2526 6174 et

1568 6205 1780 6262 aalemraaernnt
1797 6221 1853 6272 me,
1879 6207 1928 6260 ait:
1952 6209 2034 6260 Huius
2059 6209 2189 6276 siquidem
2212 6209 2265 6262 ieta
2291 6207 2372 6272 gladii
2397 6205 2524 6276 [Spiritus

1567 6295 1714 6350 serraverii
1735 6295 1796 6366 Dei]
1815 6299 1909 6350 uulnus
1929 6297 2055 6364 accipitur
2073 6299 2148 6364 illud,
2168 6299 2268 6366 dequo
2281 6295 2358 6350 alibi:
2377 6295 2524 6350 lsatneruta

1568 6383 1680 6438 caritate
1697 6399 1746 6452 epo
1763 6399 1826 6440 aare
1843 6383 1893 6454 [ita
1911 6385 2077 6452 septuaginta
2090 6385 2245 6450 interpretes
2261 6383 2359 6438 Cantlc,
2378 6387 2409 6452 8,
2429 6387 2458 6452 d,
2478 6383 2523 6438 abi
2576 6391 2577 6394 ’

1569 6473 1694 6540 Vulgata:
1712 6467 1813 6528 Amore
1831 6473 1968 6544 inriguae}

1637 6559 1647 6590 ²
1668 6563 1743 6614 Vers.
1761 6563 1785 6614 3.
2067 6617 2070 6624 ,

1614 6689 1615 6692 ¹
1638 6647 1648 6680 ⁸
1667 6651 1699 6704 Ut
1712 6651 1860 6704 dieitur-Pe.
1878 6653 1901 6704 ll
1910 6653 1935 6716 5,
1948 6651 1973 6704 ὃς
1982 6683 2016 6694 -
2025 6655 2091 6706 Tres
2104 6667 2179 6722 seqq.
2190 6653 2240 6706 loci
2253 6659 2315 6704 saut
2326 6653 2355 6706 ll.
2366 6651 2434 6704 Tiuu
2444 6653 2469 6718 8,
2481 6653 2523 6704 ῖῖ.

1567 6749 1635 6806 seq.;
1648 6741 1675 6792 ll.
1690 6737 1806 6794 llaebah.
1820 6743 1849 6806 6,
1864 6743 1911 6794 88ι
1925 6739 2139 6798 adolescentibus
2151 6747 2214 6804 eta,
2229 6749 2253 6794 et
2266 6743 2333 6794 ioan.
2350 6741 2397 6802 ῖ8,
2411 6737 2453 6792 al.
2468 6755 2523 6806 seq.

1586 6867 1587 6870 ,
1637 6823 1743 6882 ‘’ivers.
1760 6827 1810 6894 ,355
1829 6827 1974 6896 sequautur
1994 6845 2018 6884 v.
2039 6833 2081 6884 38.
2100 6837 2126 6884 et
2144 6829 2186 6884 l3.
2205 6857 2242 6870 -
2260 6827 2379 6882 Subinde
2396 6829 2523 6892 allegatur

1497 6959 1499 6962 .
1566 6915 1641 6968 Eecli.
1661 6917 1710 6980 88,
1731 6917 1772 6970 ῖῖῖ.
