5908 8266
542 553 603 618 158

540 729 675 806 crearit,
701 727 780 812 regit
812 731 841 792 et
864 725 987 792 ordinat
1003 749 1032 806 >›;
1064 721 1224 802 mobilior,
1257 721 1402 808 inquam,
1436 739 1498 788 non

540 835 616 920 quia
632 837 805 910 moveatur,
828 831 883 898 sed
897 831 972 916 quia
995 829 1098 898 omnia
1114 833 1233 908 moret,
1250 825 1418 894 immobilis
1433 845 1498 892 ma-

408 953 409 958 *
502 1015 503 1018 Ἴ
539 955 637 1016 εεεε,
659 935 834 1002 secundum
858 935 1118 1002 illudBeethii1:

719 1110 878 1178 Stabilisque
894 1125 1005 1164 manens
1022 1111 1071 1166 das
1087 1116 1183 1166 cuncta
1200 1111 1312 1166 moreni.

632 1255 707 1324 ltem
729 1255 864 1324 ictuum
887 1255 1007 1322 decime
1028 1255 1160 1342 septime
1175 1257 1203 1322 2:
1234 1255 1299 1322 «ln
1321 1255 1389 1342 ipso
1421 1255 1499 1322 vivi·

540 1379 628 1442 muS,
651 1379 817 1428 moremur
837 1367 870 1426 et
893 1379 1005 1428 sumus
1019 1387 1050 1426 s.

632 1465 770 1552 Attinpit
784 1473 894 1534 eutem
909 1465 966 1534 etc.
986 1467 1038 1534 Hic
1058 1467 1192 1536 ostendit
1205 1467 1274 1534 eius
1295 1467 1497 1554 puritatem,

377 1565 643 1654 asianum-prime
664 1588 720 1654 per
745 1571 805 1636 hoc
828 1569 911 1654 qued
935 1571 1138 1658 auarissimo
1160 1572 1247 1640 lente
1264 1569 1431 1656 procedit,
1447 1571 1498 1636 vel
1532 1641 1534 1646 ,

416 1643 476 1684 Μ’
540 1681 678 1756 emunah
696 1675 845 1756 secunde,
863 1677 939 1764 quia
959 1677 1054 1748 lentis
1069 1679 1243 1748 claritatem
1265 1679 1299 1744 in
1315 1695 1347 1744 se
1364 1697 1497 1762 reprue-

539 1789 663 1850 centul:
693 1781 825 1850 Cundor
846 1791 894 1852 cci
915 1791 972 1852 etc.

631 1889 673 1956 lta
698 1887 779 1970 diui,
805 1891 888 1978 qued
910 1893 1064 1960 erunibus
1078 1891 1254 1960 mobilibus
1269 1889 1429 1956 'mobilior
1450 1897 1500 1956 oct

375 2009 529 2108 egerm-
539 1993 723 2080 sementim·
739 2013 795 2064 uec
813 1997 931 2080 solum;
948 2007 1077 2078 uectem,
1094 2011 1150 2083 pre
1167 1995 1239 2076 sed;
1256 1995 1311 2062 sed
1325 1993 1410 2080 quod
1428 1995 1498 2080 plus

539 2107 603 2180 εε1,
629 2103 763 2188 uttinpit
782 2103 918 2192 ubique,
940 2105 969 2170 id
995 2111 1040 2172 est
1064 2125 1080 2172 a
1104 2105 1166 2170 line
1184 2119 1350 2188 supremae
1374 2107 1513 2176 creatu-¹

488 2299 489 2302 Ἴ
539 2227 594 2276 rae
619 2227 726 2296 ,usque
761 2209 799 2276 ad
823 2217 999 2278 extremam
1031 2217 1228 2288 ereaturam
1253 2209 1435 2276 imbresius
1463 2207 1498 2274 in

540 2315 799 2382 Henaimerenss:
830 2317 963 2400 «Usque
987 2315 1025 2380 ad
1049 2317 1200 2382 lucustam
1229 2313 1332 2420 divina
1348 2313 1500 2398 sapientia

435 2425 438 2428 ’
540 2423 717 2506 penetrarit
733 2447 764 2486 s.

632 2529 691 2594 Seu
713 2545 852 2594 cournn:
878 2527 930 2592 leb
958 2525 1108 2612 vigesimo
1135 2529 1245 2590 ectaro
1260 2523 1292 2588 4:
1322 2549 1337 2582 «
1363 2525 1500 2608 dhyssus

412 2645 522 2702 Quaestio·
539 2633 633 2700 dicit:
654 2633 720 2698 Neu
745 2637 791 2698 est
816 2633 843 2698 in
870 2649 939 2710 me;
963 2649 1052 2698 mare
1074 2629 1233 2716 loquitur:
1261 2629 1328 2696 Nen'
1356 2635 1403 2696 est
1433 2647 1499 2696 me-

412 2759 413 2762 ’
541 2755 614 2804 dulit
631 2765 660 2800 r.

631 2845 854 2928 Respondetur,
880 2841 962 2930 quod
986 2843 1058 2910 ihi⁵
1086 2841 1228 2926 loquitur
1253 2859 1316 2908 nou
1349 2841 1387 2908 de
1411 2859 1498 2908 crea-

455 2965 521 3018 Resr·
540 2949 637 3030 turis,
659 2949 714 3016 sed
736 2949 774 3016 dc
802 2955 1020 3016 creaturarum
1053 2947 1143 3016 vitiis.
1169 2947 1224 3014 Vel
1248 2943 1362 3014 melius
1391 2947 1498 3014 dicen-

539 3055 634 3136 dum,
657 3055 743 3142 quod
766 3057 849 3124 Deus
873 3075 935 3122 non
957 3061 1005 3124 est
1026 3055 1060 3124 iu
1082 3055 1195 3142 abysse
1216 3055 1265 3122 rel
1289 3055 1321 3120 in
1343 3055 1425 3118 mari
1441 3071 1498 3140 per

539 3163 778 3242 continentiam,
805 3181 878 3228 eum
899 3181 916 3226 a
941 3163 1026 3228 nulle
1050 3161 1148 3254 possit
1171 3159 1339 3238 contineri,
1373 3158 1428 3227 sed
1449 3164 1497 3226 est

539 3267 583 3334 ihi
606 3285 663 3354 per
695 3265 919 3352 praesentiam,
945 3267 1117 3334 secundum
1147 3265 1225 3332 illud
1250 3265 1359 3332 Psalmi
1374 3265 1404 3330 ⁶:
1435 3265 1497 3332 «Si

539 3373 709 3440 ascendere
731 3373 764 3438 in
787 3373 926 3452 caelum,
951 3379 986 3438 tu
1016 3373 1079 3440 illic
1103 3391 1156 3452 es;
1191 3371 1213 3438 si
1247 3371 1436 3438 descendero
1464 3373 1498 3438 iu

539 3479 717 3558 internum,
743 3477 816 3544 ades
830 3505 861 3544 s.
1077 3493 1079 3498 ·

632 3587 770 3670 Propter
783 3603 885 3650 suum
899 3585 1117 3664 munditiem,
1139 3583 1172 3650 id
1194 3589 1243 3652 est
1257 3583 1498 3652 abstractionem

539 3691 580 3758 ab
597 3691 684 3756 omni
707 3691 855 3756 materiae
878 3690 1062 3772 feculentia3
1084 3691 1159 3778 quia
1190 3691 1271 3758 enim
1298 3695 1344 3758 est
1372 3691 1497 3758 omnine

539 3797 729 3890 immobilis,
755 3793 824 3862 ideo
853 3805 900 3864 est
936 3797 1287 3882 incircumscriptibilis,
1323 3799 1498 3864 secundum

539 3905 767 3970 Damascenum
781 3901 804 3968 ⁷.

630 4009 728 4096 (Vens.
755 4011 831 4094 ab).
865 4011 972 4096 Vupor
1004 4017 1048 4078 est
1079 4009 1167 4078 enim
1196 4009 1331 4078 otrturtr
1364 4011 1442 4090 Dei,
1466 4009 1498 4078 id

540 4123 588 4184 est
617 4137 636 4184 a
668 4117 732 4184 Dee
767 4117 857 4184 Patre
891 4135 1057 4198 amanam,
1081 4117 1161 4186 sicut
1197 4135 1336 4204 vepera
1373 4119 1497 4198 calore3

467 4299 469 4306 q
508 4243 509 4248 ¹
539 4223 690 4292 Glossass:
718 4249 734 4282 a
752 4223 780 4289 ld
803 4229 848 4290 esi
873 4225 909 4290 ad
927 4225 1168 4290 calefaciendum
1184 4223 1283 4308 frigus
1307 4223 1499 4292 infidelitatis

539 4333 664 4396 nostrae
681 4351 715 4408 »3
741 4327 945 4396 Ecclesiastici
966 4327 1118 4414 vigesimo
1140 4333 1268 4412 quarte:
1299 4329 1426 4412 «Quasi
1448 4329 1498 4394 Li-

538 4435 641 4504 banus
662 4453 723 4502 nen
742 4435 858 4502 incisus
882 4435 1027 4520 vaporari
1045 4433 1268 4500 habitationem
1291 4453 1391 4500 meam
1405 4461 1436 4500 s.
1459 4437 1500 4502 Et

502 4621 503 4624 Ἴ
539 4539 706 4606 emunctio
728 4539 894 4626 quaedum
908 4547 956 4606 est
978 4537 1143 4606 clarueris
1167 4537 1394 4624 omnipotentis
1419 4539 1497 4620 Dei,

539 4645 641 4712 idest
662 4657 813 4710 eructuans
845 4645 951 4710 aueo
972 4637 1081 4724 Patre,
1118 4649 1152 4710 ut
1177 4643 1323 4734 splendor
1358 4663 1377 4710 a
1407 4645 1497 4726 luce,

539 4749 656 4818 scilicet
677 4751 716 4818 ad
740 4749 980 4816 illuminandum
1008 4749 1152 4816 tenebras
1176 4749 1352 4816 intellectus
1376 4749 1497 4830 nostri;

539 4859 579 4926 ad
601 4855 929 4942 Hebraeesprime⁹:
957 4857 1049 4942 «Qui
1081 4873 1154 4924 cum
1183 4855 1221 4922 sit
1253 4855 1398 4940 splendor
1432 4857 1497 4942 glo-

539 4967 633 5032 riae»
660 4969 733 5044 etc.;
762 4963 834 5030 item
852 4961 947 5030 isaiae
968 4963 1163 5048 sexagesimo
1184 4963 1333 5030 secunde:
1366 4961 1497 5030 «Donec

538 5069 717 5158 egrediatur
749 5073 783 5134 ut
813 5067 957 5152 splendor
981 5067 1083 5134 iustus
1107 5067 1176 5134 eius
1192 5093 1221 5132 ».
1248 5067 1400 5146 Sincera,
1430 5069 1497 5134 sine

538 5175 729 5246 admixtione
747 5175 909 5254 tenebram
936 5173 1056 5260 primae
1084 5175 1206 5242 Ioannis
1227 5173 1349 5260 primo:
1380 5175 1497 5242 «Deus

539 5285 597 5352 lun
623 5287 687 5362 est,
703 5287 732 5350 et
757 5281 902 5350 tenebrae
926 5281 957 5346 in
972 5299 1087 5348 eonon
1112 5287 1187 5348 sunt
1208 5281 1291 5348 ullae
1304 5309 1333 5346 ».
1361 5281 1420 5348 Iste
1439 5299 1497 5346 au-

540 5395 601 5456 tem
621 5405 785 5476 processus
809 5387 939 5454 estsine
957 5385 1162 5454 diminutione
1179 5391 1327 5470 paternae
1350 5387 1497 5454 substan-

613 5751 622 5786 ¹
642 5753 711 5806 Libr.
728 5753 768 5806 Ill.
785 5753 820 5806 de
837 5751 941 5806 Censel.
953 5761 1027 5806 metr.
1049 5755 1074 5806 9.
1086 5751 1137 5806 Cir.
1151 5765 1230 5818 supra
1245 5767 1306 5818 pag.
1320 5753 1386 5818 157,
1399 5761 1459 5806 uota
1474 5755 1500 5806 2.

611 5839 623 5872 ²
642 5845 716 5896 Vers.
736 5845 779 5892 23.

610 5927 622 5958 ³
641 5929 711 5984 Libr.
723 5929 756 5984 V.
775 5943 797 5982 e.
814 5929 854 5980 23.
875 5945 898 5982 n.
912 5929 963 5982 82:
983 5931 1072 5996 Usque
1089 5929 1125 5980 ad
1142 5929 1269 5980 locustam
1289 5941 1395 5996 queque
1416 5929 1499 5994 gratia

431 6017 435 6022 '
539 6019 630 6074 divina
647 6019 801 6084 penetravit.

608 6103 622 6136 ⁴
641 6109 714 6160 Vers.
734 6107 777 6158 11.

610 6193 622 6226 ⁵
640 6199 708 6252 Loco
720 6211 753 6248 ex
765 6193 812 6248 leb
824 6193 949 6262 allegato,
961 6207 1041 6262 quem
1056 6193 1149 6248 eodem
1163 6193 1244 6246 mode
1261 6193 1368 6258 exponit
1379 6193 1498 6258 Greger,

539 6285 630 6340 XVlll.
647 6287 732 6340 Nitral.
755 6301 776 6340 c.
796 6283 837 6336 12.
857 6297 885 6338 n.
904 6281 948 6336 67.
966 6299 1040 6352 seqq.

610 6369 733 6426 ⁶Psalm.
756 6373 820 6438 138,
839 6373 864 6422 8.

609 6457 621 6490 ⁷
640 6461 708 6516 Lihr.
727 6463 747 6514 1.
764 6463 798 6516 de
816 6459 879 6514 Fide
895 6461 1001 6514 orthod.
1018 6475 1040 6514 c.
1063 6463 1104 6516 13.

610 6545 738 6614 ⁸Nempe
761 6547 954 6614 interlinearis,
973 6561 1042 6616 quae
1067 6565 1116 6616 pre
1140 6547 1179 6602 ud
1201 6547 1413 6618 calefaciendum
1438 6543 1498 6598 sub·

539 6635 621 6688 stituit
639 6629 807 6706 calefaciens.
824 6665 858 6676 -
879 6637 1001 6702 Sequitur
1018 6637 1095 6692 Ecoli.
1118 6637 1166 6700 21,
1187 6637 1229 6690 21.

609 6719 621 6750 ⁰
641 6725 715 6778 Vens.
728 6727 755 6778 3.
767 6753 803 6766 -··
815 6727 873 6778 Due
886 6739 958 6792 seqq.
970 6725 1020 6778 leci
1038 6731 1098 6780 sunt
1113 6725 1169 6778 lsai.
1184 6727 1231 6790 62,
1247 6727 1269 6778 1.
1283 6733 1310 6778 et
1321 6727 1336 6778 l.
1351 6725 1422 6776 loen.
1436 6723 1458 6784 l,
1472 6721 1497 6772 5.

611 6805 636 6880 Ψ
652 6811 708 6874 Vel,
729 6817 759 6864 ut
776 6813 880 6878 dicitur,
896 6813 985 6876 Vigilii
1004 6815 1155 6880 Temeneia,
1170 6813 1197 6866 in
1208 6811 1352 6880 symbolo:
1374 6809 1499 6876 Quicum-

540 6911 591 6966 que
609 6903 657 6952 etc.

1205 545 1397 612 CONlNlENi.
1425 547 1459 612 IN
1485 545 1699 612 SAPIENTIAN
1724 545 1755 610 C.
1780 545 1840 610 Vll.

1562 721 1639 800 tiae,
1664 721 1713 788 rel
1738 721 1945 804 separatione,
1962 719 2015 786 sed
2041 721 2112 786 cum
2135 721 2292 802 personali
2306 719 2520 796 distinctione,

1562 827 1736 894 secundum
1768 825 1848 892 illud
1880 825 2037 892 athanasii
2054 825 2097 892 1⁰:
2127 851 2142 884 <t
2167 825 2271 912 Neque
2296 827 2518 894 confundentes

1561 949 1728 1018 perseum,
1760 949 1863 1016 neque
1885 929 2091 998 substantiam
2123 925 2303 1016 separantes
2318 957 2349 996 ».
2377 931 2415 996 Et
2443 931 2520 1018 qnia

1562 1039 1642 1106 sicut
1669 1037 1725 1104 lux
1757 1035 1916 1120 precedit,
1949 1053 2032 1120 quae
2065 1035 2269 1102 contaminari
2301 1055 2363 1104 nen
2397 1043 2517 1122 petest;
2613 1025 2614 1028 ’

1563 1145 1632 1210 idco
1655 1141 1741 1208 uiuit
1765 1141 1998 1230 inquinatum,
2030 1141 2243 1228 inquinatione
2266 1141 2382 1210 scilicet
2411 1143 2517 1228 culpa-

1562 1249 1632 1330 bili,
1657 1247 1706 1316 vel
1731 1249 1822 1316 etiam
1847 1247 2000 1328 naturali3
2024 1249 2172 1316 incurrit
2193 1247 2230 1314 iu
2249 1249 2371 1328 illum,
2402 1249 2517 1318 scilicet

1562 1355 1744 1440 sapientiam
1770 1353 1957 1434 increatam3
1984 1355 2089 1422 Glossa
2104 1357 2145 1420 ³1:
2177 1381 2191 1414 a
2207 1357 2335 1420 Summo
2359 1355 2439 1422 bone
2455 1373 2517 1420 nen

1562 1461 1794 1548 appropinquat
1816 1461 1933 1528 malum
1952 1487 1985 1526 ».

1650 1567 1751 1652 (Vens
1776 1569 1854 1648 23).
1879 1565 1916 1630 Et
1939 1583 2011 1632 vere
2035 1565 2118 1634 nihil
2133 1567 2348 1656 iuquinutum
2370 1567 2518 1636 incurrit
2537 1573 2664 1684 ineram

1562 1675 1598 1740 iu
1621 1671 1724 1738 illum.
1752 1671 1885 1738 Cumlor
1910 1677 1956 1736 est
1982 1671 2066 1738 enim
2101 1673 2183 1738 lucis
2207 1681 2376 1754 ueternue,
2409 1675 2439 1742 id
2471 1679 2518 1742 est
2537 1679 2623 1726 tatione·

1562 1783 1621 1848 lux
1643 1777 1813 1864 purissima
1835 1777 1874 1844 de
1898 1777 1969 1842 luce
1991 1783 2134 1856 aeterna,
2160 1777 2276 1846 scilicet
2299 1781 2422 1848 aPatre
2443 1799 2517 1864 pre-

1562 1887 1691 1966 cedens;
1715 1884 1800 1952 unde
1821 1887 1966 1952 cantatur
1982 1883 2023 1948 12:
2054 1909 2068 1942 «
2085 1885 2155 1948 Lux
2178 1885 2217 1950 de
2240 1885 2309 1952 luce
2325 1885 2515 1972 apparuisti,

1562 1993 1732 2062 Christe».
1755 1993 1788 2058 ln
1810 1991 1870 2060 ista
1899 1991 1970 2058 luce
1993 1989 2052 2056 lux
2072 1997 2199 2058 aeterna
2232 1991 2372 2072 ridetur,
2406 2009 2517 2060 secun-

1562 2101 1635 2166 dum
1660 2099 1739 2166 illud
1773 2095 1900 2164 Psalmi:
1931 2123 1946 2156 «
1963 2097 1995 2162 ln
2030 2095 2147 2162 lumine
2181 2101 2237 2162 tuo
2270 2095 2445 2164 videbimus
2469 2099 2517 2164 lu-

1562 2227 1633 2276 men
1649 2233 1685 2288 s;
1708 2207 1784 2274 item
1800 2203 1923 2272 loannis
1943 2203 2064 2270 decimo
2080 2209 2211 2290 quarte:
2242 2227 2259 2294 «U
2273 2203 2333 2288 Qui
2357 2203 2439 2272 ridet
2467 2221 2517 2270 me

1562 2315 1644 2380 ridet
1669 2321 1698 2380 et
1722 2315 1845 2404 Patrem
1863 2339 1892 2376 s.
1921 2311 1977 2376 list
1995 2329 2070 2396 erge
2094 2311 2222 2376 cunder
2238 2307 2320 2374 lucis
2345 2317 2517 2390 ueterum,

1563 2425 1716 2502 quantum
1742 2417 1779 2484 ad
1803 2415 2121 2502 repraesentationem
2143 2415 2328 2500 sapientiae,
2354 2423 2381 2482 ct
2405 2435 2517 2502 specu-

1541 2523 1632 2596 ¹ium
1654 2527 1725 2590 sinc
1748 2525 1882 2590 macuto
1905 2523 2088 2590 molestetis
2114 2525 2186 2604 liei,
2207 2523 2310 2610 quoad
2335 2541 2517 2608 repraesen-

1562 2629 1710 2724 tationem
1742 2629 1863 2694 divinae
1885 2627 2056 2694 maiestatis
2084 2635 2116 2696 et
2146 2631 2318 2716 potentiae,
2343 2629 2514 2698 secundum

1562 2733 1638 2800 illud
1673 2733 1794 2800 loannis
1826 2731 1994 2818 quinm1³:
2025 2733 2279 2820 «Quaecumque
2312 2737 2395 2802 euim
2419 2737 2516 2814 illei,

1562 2839 1680 2906 scilicet
1700 2841 1801 2920 Pater,
1830 2865 1847 2898 «
1862 2837 1988 2918 lecerit,
2019 2839 2097 2904 haec
2120 2845 2151 2906 et
2181 2839 2276 2906 Filius
2307 2839 2448 2908 similiter
2473 2841 2516 2906 i-

1562 2945 1644 3010 cit».
1672 2945 1749 3012 Sine
1769 2943 1924 3024 mocula,
1946 2943 2091 3028 inquam,
2117 2947 2249 3028 peccati,
2275 2947 2350 3032 quia
2375 2971 2392 3004 «
2409 2965 2517 3030 pecca.-

1562 3057 1629 3118 tum
1663 3071 1725 3118 nen
1759 3051 1830 3118 iecit
1856 3079 1871 3112 »
1903 3057 1984 3130 etc,
2018 3049 2136 3136 primae
2176 3053 2256 3118 Petri
2297 3053 2440 3120 seeundo.
2479 3057 2517 3120 Et

1562 3157 1674 3244 tmcqo
1697 3157 1851 3224 bonitatis
1874 3155 1986 3234 iiiius;
2007 3155 2172 3222 Glossa14:
2199 3181 2217 3214 r
2235 3157 2265 3222 ld
2284 3163 2329 3224 est
2354 3157 2443 3244 plena
2468 3175 2516 3224 re-

1561 3263 1768 3348 praesentatio
1794 3261 1947 3330 bonitatis
1980 3261 2062 3328 'llius
2077 3287 2109 3342 »3
2126 3264 2165 3328 ad
2180 3263 2374 3332 Celessenses
2398 3263 2514 3350 prime:

1566 3371 1684 3454 «Quae
1707 3377 1754 3436 est
1777 3371 1878 3456 image
1901 3369 1956 3436 Dei
1981 3369 2142 3436 invisibilis
2160 3397 2188 3436 s.

1607 3539 1608 3542 ,
1648 3475 1842 3556 Notandum,
1867 3475 1950 3560 qued
1974 3475 2142 3560 speculum
2167 3477 2290 3544 estllei
2310 3477 2434 3558 Filius,
2459 3479 2516 3544 im·
2531 3483 2588 3542 Quid
2597 3483 2624 3528 sit
2633 3493 2683 3538 sne·

2561 3539 2640 3582 culum.

1561 3583 1842 3648 maculatumaetu
1867 3587 1896 3650 et
1913 3581 2058 3666 petentia.
2084 3581 2256 3668 maculem
2276 3583 2367 3650 etiam
2383 3589 2430 3652 est
2447 3587 2516 3652 An-

1547 3689 1664 3776 'qeluu
1680 3689 1853 3754 secundum
1870 3687 2052 3778 Dionysium
2066 3687 2104 3790 ¹.⁵⁹
2119 3707 2238 3772 purum
2249 3695 2283 3756 et
2294 3691 2515 3772 clarissimum,

1562 3798 1593 3860 et
1616 3793 1687 3860 licet
1708 3793 1943 3862 immaculatum
1969 3800 2058 3874 actu,
2074 3795 2264 3860 maculatum
2283 3801 2385 3862 tamen
2410 3805 2516 3882 peten-

1562 3901 1621 3980 tia,
1644 3901 1754 3966 saltem
1770 3907 1899 3966 remeia.
1919 3897 2093 3984 Speculum
2116 3899 2207 3964 etiarn
2231 3905 2277 3966 est
2292 3901 2433 3986 spirituc
2456 3901 2515 3970 iru-

1561 4025 1701 4084 munuc,
1727 4005 1758 4072 in
1782 4025 1845 4090 quo
1876 4003 2003 4102 relucet
2018 4003 2119 4088 image
2149 4003 2271 4084 divina,
2297 4005 2422 4074 Genesis
2451 4009 2516 4094 pri-

1562 4129 1614 4178 mo
1630 4111 1668 4192 ¹⁶,
1690 4111 1881 4178 maculatum
1905 4117 1978 4176 actu
2000 4115 2032 4178 et
2054 4111 2199 4196 potentia.
2227 4111 2400 4196 Speculum
2424 4113 2515 4182 etiam

1535 4241 1536 4244 ¹
1562 4217 1677 4283 dicitur
1700 4217 1808 4284 omnis
1830 4225 2004 4296 crcuturu,
2030 4217 2105 4302 quia
2127 4235 2183 4302 per
2201 4235 2271 4282 eam
2296 4223 2442 4304 tanquam
2459 4237 2515 4306 per

1562 4323 1629 4390 eius
1664 4323 1828 4408 vestigium
1866 4327 2141 4406 repraesentantur
2177 4321 2445 4406 belinesheim
2478 4327 2516 4390 ad

1562 4429 1714 4494 bemanus
1738 4429 1856 4512 prime:
1885 4427 2084 4494 «Invisibilia
2108 4429 2161 4494 liei
2185 4447 2242 4514 per
2264 4447 2301 4496 ea
2323 4449 2406 4516 quae
2435 4431 2515 4498 lacta

1562 4541 1695 4614 sunt,a
1727 4541 1872 4602 creatura
1901 4535 2009 4600 mundi
2042 4537 2196 4602 intellecta
2228 4537 2463 4624 conspiciuntur
2480 4563 2514 4618 »3

1562 4639 1635 4706 item
1660 4639 1779 4724 primae
1803 4639 1841 4706 ad
1865 4639 2041 4716 Corinthios
2063 4642 2183 4708 decime
2198 4643 2307 4708 tertie:
2338 4643 2514 4710 «Videmus

1562 4763 1644 4812 nunc
1670 4765 1725 4832 per
1748 4749 1911 4830 speculum
1934 4747 1966 4812 in
1990 4749 2203 4834 aenigmate».
2231 4749 2406 4834 Speculum
2422 4751 2512 4816 etiam

1562 4861 1608 4918 est
1629 4871 1734 4920 sucre
1755 4853 1952 4938 Scripturu;
1979 4853 2076 4920 iacobi
2105 4855 2206 4940 prime
2220 4855 2261 4920 l⁷:
2293 4855 2375 4922 «Hic
2392 4873 2515 4942 compa-

1562 4963 1650 5024 ratur
1685 4957 1753 5024 rire
1784 4957 1991 5026 consideranti
2023 4959 2147 5026 vultum
2178 4959 2347 5028 nativitatis
2376 4979 2451 5028 suae
2483 4963 2514 5028 in

1561 5066 1689 5150 speculo
1703 5093 1735 5132 ».

1649 5173 1749 5252 (Vens.
1767 5173 1843 5258 bt).
1865 5173 1903 5260 Et
1919 5191 1993 5238 cum
2014 5175 2060 5240 sit
2081 5195 2172 5254 tenu,
2194 5173 2310 5242 scilieet
2330 5175 2362 5244 iu
2382 5175 2516 5244 essentia
2534 5185 2667 5282 Nigiffl'

1561 5299 1634 5346 cum
1657 5281 1764 5360 Patre,
1790 5279 1961 5348 secuudum
1979 5279 2056 5346 illud
2072 5281 2193 5348 loannis
2216 5281 2335 5346 decimo
2349 5281 2391 5350 3⁸:
2422 5283 2514 5368 «Ege

1560 5393 1590 5454 et
1616 5389 1702 5454 Pater
1726 5405 1825 5454 unum
1850 5403 1961 5454 sumus
1978 5409 2011 5466 »ς
2029 5385 2142 5452 omniu
2162 5393 2284 5472 potest,
2307 5387 2419 5466 idest,
2442 5405 2515 5454 ean-

1633 5749 1654 5782 ¹¹
1675 5755 1773 5818 Nempe
1802 5749 1984 5806 interlinearis
2009 5763 2043 5802 ex
2069 5749 2185 5804 Rabano.
2204 5779 2241 5792 -
2260 5751 2379 5818 August,
2399 5755 2425 5806 in
2446 5757 2517 5808 loen.

1563 5843 1662 5904 Evang.
1684 5845 1715 5892 tr.
1736 5841 1759 5892 5.
1778 5855 1805 5892 n.
1824 5839 1875 5892 ld:
1894 5839 1947 5890 Lux
1966 5845 1992 5892 et
2010 5835 2046 5890 ab
2063 5837 2238 5896 illuminandis
2255 5857 2320 5908 pura
2342 5843 2476 5910 excipitur,
2490 5839 2516 5896 et

1563 5929 1584 5980 si
1603 5941 1650 5992 per
1669 5929 1820 5980 immundos
1838 5931 1965 5990 transeat,
1985 5941 2039 5978 non
2057 5927 2214 5994 inquinatur.

1633 6011 1655 6044 ¹²
1676 6019 1701 6070 ln
1721 6019 1785 6068 laste
1804 6015 1977 6082 Epiphaniae,
1996 6013 2024 6068 iu
2042 6013 2194 6084 Eeunpclie,
2215 6017 2335 6084 Antiph,
2354 6025 2431 6084 prout
2448 6019 2517 6072 exhi-

1562 6102 1608 6155 bet
1625 6101 1700 6158 Liber
1717 6103 1882 6168 Responsalis
1903 6101 1984 6170 (inter
2002 6115 2081 6168 opera
2102 6105 2233 6174 Gregorii,
2251 6107 2338 6172 lligne
2351 6109 2441 6160 Patrol.
2462 6109 2514 6160 Lat.

1563 6195 1625 6242 tom.
1637 6189 1682 6244 78.
1694 6193 1743 6244 eol.
1755 6191 1833 6260 713).
1847 6219 1881 6232 ·-
1895 6191 2047 6256 Sequuntur
2059 6193 2154 6248 Psalm.
2171 6195 2218 6256 35,
2234 6195 2275 6248 ld.
2292 6199 2316 6248 et
2336 6195 2403 6248 leun.
2424 6193 2472 6260 li,
2489 6195 2514 6246 3.
2563 6225 2565 6230 -

1634 6277 1656 6310 ¹³
1676 6283 1749 6336 Vens.
1769 6283 1813 6334 19.
1832 6309 1869 6322 -
1888 6281 1946 6346 Seq.
1967 6283 2041 6334 locus
2059 6289 2098 6334 est
2117 6285 2132 6336 l.
2152 6285 2217 6336 Petr.
2238 6287 2268 6350 2,
2289 6285 2330 6336 22.

1634 6367 1656 6398 ²⁴
1676 6371 1777 6424 Scilicet
1794 6367 1983 6424 interlinearis.
2002 6397 2039 6410 —
2057 6371 2175 6440 Subinde
2191 6373 2316 6436 allegatur
2334 6371 2385 6424 Cel.
2409 6373 2431 6438 t,
2450 6373 2493 6424 15.

1577 6473 1578 6478 ¹
1632 6453 1655 6486 ¹⁶
1675 6457 1743 6512 vtae
1759 6469 1839 6526 supra
1859 6471 1922 6524 pag.
1943 6457 2007 6524 tar,
2027 6445 2088 6514 nou
2110 6463 2151 6514 re.

1632 6541 1655 6574 ¹⁶
1673 6549 1749 6602 Vere.
1761 6549 1805 6602 26.
1825 6561 1896 6616 seq:
1913 6549 2049 6602 Faciamus
2066 6549 2198 6604 homiuem
2213 6549 2247 6602 ad
2260 6547 2402 6612 imaginem
2421 6553 2469 6602 ete.
2483 6577 2518 6586 -

1562 6633 1619 6686 Due
1637 6635 1778 6702 seqqloci
1796 6643 1857 6690 sunt
1874 6637 1950 6690 Rern.
1973 6637 1997 6704 1,
2015 6639 2058 6690 ne.
2077 6643 2105 6690 et
2122 6639 2138 6690 l.
2159 6637 2217 6690 Cer.
2235 6637 2337 6704 13,12.
2352 6637 2402 6692 Cir.
2417 6639 2514 6690 l.Sent.

1562 6721 1586 6774 d.
1608 6723 1631 6774 3.
1650 6739 1677 6788 p.
1695 6727 1713 6778 l.
1734 6741 1760 6792 q.
1781 6727 1806 6780 2.
1825 6725 1851 6778 iu
1869 6727 1931 6778 tine.
1945 6725 2046 6780 -Cb,
2063 6725 2154 6778 Collat.
2173 6727 2196 6778 in
2216 6727 2353 6792 hexaem,
2371 6729 2453 6780 collat.
2474 6729 2515 6778 12.

1561 6823 1587 6862 n.
1608 6809 1696 6864 tt-te.
2340 6813 2361 6846 ¹⁹
2380 6817 2453 6868 Vere.
2474 6817 2518 6868 23.

1632 6895 1654 6928 ¹⁸
1675 6901 1749 6954 Vers.
1766 6903 1811 6956 30.
1830 6903 2006 6970 -Sequitur
2025 6907 2086 6970 Sap.
2110 6905 2157 6966 18,
2177 6901 2220 6956 lii.
