5950 8300
1217 571 1408 638 COMMENT.
1432 571 1470 638 ΙΝ
1493 567 1761 636 uectesttsruu
1784 567 1815 632 C.
1842 567 1861 630 l.
2486 567 2523 632 ll

557 773 636 840 cimo
649 765 679 828 ¹:
711 761 805 826 Vena
826 761 907 822 sunt
935 771 1038 838 opera
1059 767 1175 816 eorum
1190 755 1220 814 et
1242 747 1317 812 risu·
1334 747 1459 832 dipem·
1475 745 1512 812 in

557 879 609 946 die
628 863 828 938 eatretinere
854 879 936 926 snae
956 855 1121 942 peribunt.
1148 889 1188 902 -··
1214 855 1380 938 Quantum
1396 851 1442 918 ad¹
1459 871 1512 918 va-

557 981 684 1050 nitatem
706 963 941 1036 mutabilitatis
965 961 1055 1028 dicit:
1079 967 1109 1026 et
1130 957 1244 1026 omniu
1267 957 1419 1036 venitus,
1436 957 1512 1044 quia

557 1083 661 1156 emnia
676 1073 815 1144 subiecta
827 1073 902 1136 sunt
914 1065 1128 1144 mutabilitati;
1142 1063 1180 1130 ad
1193 1067 1347 1132 Romanos
1357 1069 1467 1130 octavo
1480 1059 1510 1128 ²:

563 1179 711 1254 Vanitati
731 1175 876 1242 subdcta
901 1179 948 1240 est
971 1179 1129 1238 ereatura
1152 1171 1219 1236 non
1240 1167 1367 1246 vobem
1384 1175 1415 1236 et
1430 1167 1512 1236 infra

557 1289 666 1362 tertio:
700 1279 825 1350 cenete
848 1275 1018 1344 subiacent
1041 1275 1203 1356 canituli,
1235 1283 1264 1342 et
1294 1275 1408 1342 emnia
1436 1293 1511 1358 per-

555 1403 638 1490 pnnt
662 1389 706 1458 ed
730 1389 836 1456 locum
858 1401 975 1450 annet.
998 1383 1064 1448 Non
1089 1381 1184 1468 igitur
1208 1389 1254 1448 est
1279 1383 1449 1448 verberum
1466 1383 1512 1446 in·
1582 1395 1583 1398 ’

557 1497 705 1574 calcatio,
734 1509 806 1558 cum
835 1495 882 1554 ter
914 1485 987 1554 dicit
1017 1487 1170 1566 centres,
1193 1485 1245 1554 sed
1272 1485 1511 1572 intelligibilium

555 1609 636 1676 mira
659 1597 824 1668 distinctio.

645 1709 681 1774 Et
703 1701 892 1780 notandum,
917 1697 1001 1786 quod
1025 1699 1085 1766 ista
1107 1697 1224 1784 triplex
1240 1697 1360 1766 vanitas
1375 1703 1423 1764 est
1438 1715 1512 1764 con-

416 1841 540 1896 cinentem
556 1817 724 1902 sequenter
746 1827 780 1876 se
803 1807 936 1886 babens,
960 1813 991 1872 et
1013 1823 1077 1872 uua
1100 1823 1141 1872 ex
1164 1807 1263 1872 altera
1289 1805 1409 1870 oritur:
1437 1803 1512 1890 qnia

416 1897 537 1948 ‘mmm'
556 1917 676 1992 vanitas
701 1911 890 2000 iniquitatis
920 1929 963 1980 ex
992 1911 1128 1978 vanitate
1158 1907 1410 1988 mutabilitatis,
1440 1909 1513 1976 licet

555 2029 609 2094 illa
629 2041 691 2088 nen
716 2019 756 2086 sit
779 2023 843 2084 tota
864 2033 973 2096 causa;
996 2017 1116 2082 vanitas
1141 2033 1216 2082 vero
1234 2013 1512 2100 poenalitatisex

556 2129 690 2200 vanitate
715 2121 910 2212 iniqnitatis.
934 2121 993 2188 Has
1017 2121 1114 2206 igitur
1130 2121 1283 2188 vanitates
1297 2119 1407 2186 ordine
1421 2137 1513 2202 prae—

555 2239 680 2324 postero
703 2227 889 2296 resolutorie
910 2227 1051 2308 ordinat,
1075 2232 1107 2294 et
1128 2245 1147 2292 e
1169 2225 1328 2294 contrarie
1350 2227 1382 2292 in
1406 2243 1513 2292 eonse-

556 2337 726 2430 quentibus
746 2333 960 2418 prosequitur.
988 2331 1026 2398 Et
1055 2333 1129 2418 quia
1160 2331 1213 2398 illa
1241 2331 1361 2416 duplex
1392 2331 1513 2398 vanitas

556 2451 663 2514 ortum
674 2439 768 2508 habet
781 2457 822 2508 ex
833 2439 894 2506 alia
909 2439 1061 2520 vanitate,
1079 2437 1132 2506 sed
1150 2439 1241 2504 tertie
1256 2445 1317 2502 aon
1331 2463 1339 2518 ;
1353 2437 1423 2504 ideo
1438 2437 1512 2504 bis3

555 2551 628 2620 dicit
652 2547 787 2616 renites
808 2545 1016 2622 venitatem,
1040 2551 1071 2610 et
1094 2549 1164 2628 post
1177 2537 1308 2610 'tantum
1334 2541 1476 2610 venitus.

644 2652 816 2722 Notandum
842 2657 889 2718 est
913 2651 1025 2730 etiam,
1050 2649 1136 2736 quod
1159 2649 1235 2716 baec
1258 2649 1375 2734 triplex
1392 2649 1513 2714 vanitas

417 2789 474 2844 esa
488 2781 536 2826 sunt
556 2765 589 2832 in
612 2757 741 2828 demine
772 2757 948 2842 reperitur,
981 2757 1056 2840 qnia
1079 2757 1146 2842 ipse
1167 2763 1232 2834 est,
1256 2755 1288 2820 in
1311 2773 1407 2844 quem
1430 2753 1513 2820 cadit
1592 2803 1595 2806 -

414 2843 434 2884 in
447 2835 538 2880 homine.

555 2885 655 2954 poena
676 2869 708 2930 et
730 2863 839 2948 culpa;
863 2868 895 2928 et
917 2867 1045 2948 propter
1068 2861 1128 2928 hoc
1152 2859 1269 2928 dicitur
1289 2859 1323 2926 in
1346 2859 1511 2926 Psalmo4:

562 2971 722 3042 Universa
743 2967 878 3036 vanites
902 2967 1008 3036 enanis
1033 2967 1126 3034 bento
1151 2967 1272 3034 eicere.
1296 2967 1350 3036 Est
1372 2967 1457 3034 enim
1479 2967 1512 3030 in

557 3099 595 3148 eo
615 3077 737 3144 vanitas
757 3083 921 3156 naturae,
944 3073 1065 3142 vanitas
1089 3073 1206 3158 eulpae
1227 3079 1258 3140 ct
1288 3073 1409 3140 vanitas
1434 3091 1512 3158 pee-

556 3203 626 3252 une.
644 3183 687 3262 ue
704 3183 840 3250 vanitate
861 3191 1022 3258 naturae,
1046 3181 1080 3246 in‘
1095 3179 1230 3246 Psalmo:
1247 3179 1353 3246 Homo
1368 3179 1514 3246 vanitati

556 3287 675 3354 similis
697 3283 810 3372 fectus
833 3293 898 3366 est,
921 3285 990 3352 dies
1014 3285 1087 3352 eius
1109 3283 1196 3352 sieut
1218 3283 1341 3350 erebra
1360 3293 1513 3370 preater-

494 3391 495 3394 ’
556 3403 641 3462 eant.
670 3393 715 3460 De
746 3393 881 3458 vanitate
905 3391 1039 3476 eulpae,
1062 3391 1095 3456 in
1118 3389 1238 3456 Psalmo
1262 3389 1422 3456 similiter:
1448 3391 1511 3456 Do-

555 3501 668 3566 minus
688 3499 750 3564 seit
773 3497 984 3584 capitationes
1006 3493 1197 3574 bominum,
1222 3495 1382 3582 qnoniam
1403 3491 1512 3562 eunde

555 3613 642 3672 sunt.
666 3605 711 3670 De
734 3603 869 3670 vanitate
888 3621 1031 3688 poenae,
1052 3601 1107 3668 lob
1121 3601 1241 3668 decimo
1258 3609 1390 3684 quarto:
1406 3601 1512 3668 Home

554 3719 656 3778 nates
678 3709 717 3774 de
737 3709 894 3786 melmre,
919 3705 1009 3774 breui
1032 3707 1143 3774 einans
1173 3711 1335 3792 tempore,
1365 3705 1512 3792 replete-r

554 3815 669 3884 multis
689 3813 844 3882 miseriis.

641 3919 816 3988 Notandum
840 3919 950 3998 etiam,
967 3919 1050 4004 quod
1065 3919 1074 3984 i
1080 3935 1133 4002 pse
1149 3917 1293 3984 Salomon
1316 3917 1458 4002 loquitur
1472 3917 1511 3984 de

400 4039 542 4094 clarence·
554 4045 588 4096 se
611 4027 700 4114 quasi
716 4027 753 4092 de
769 4027 847 4104 alio,
863 4023 945 4092 sicut
961 4025 1103 4104 loannes,
1118 4023 1269 4110 vigesimo
1285 4023 1387 4106 primo
1400 4023 1429 4086 ⁵:
1448 4023 1511 4090 Hie

409 4091 542 4206 ‘diffiniti
554 4139 603 4200 est
623 4131 807 4218 discipulus
831 4131 900 4208 ille,
917 4131 976 4218 qni
989 4131 1212 4198 testimoniam
1223 4125 1368 4214 perhibet
1385 4129 1423 4194 de
1439 4127 1511 4206 ets,-

407 4197 453 4240 Μ’
554 4245 587 4304 et
607 4237 750 4304 similiter
773 4239 902 4322 Moyses,
932 4233 1032 4302 Huius
1060 4241 1166 4302 antem
1198 4239 1299 4320 potest
1324 4233 1403 4300 ratio
1433 4233 1511 4302 assi-

440 4353 500 4398 aaa
515 4355 536 4398 t·
554 4343 641 4428 gnari
666 4341 800 4428 triplex:
834 4359 896 4408 uua
924 4347 972 4410 est
1001 4357 1043 4406 ex
1075 4347 1164 4426 parte
1195 4339 1359 4428 efficientis
1383 4337 1509 4424 primi,

554 4449 627 4534 quia
651 4449 786 4534 Spiritus
807 4453 934 4516 sanetus
957 4447 1024 4532 ipse
1038 4455 1087 4514 est
1100 4453 1212 4512 auctor
1232 4445 1429 4530 scripturae,
1449 4465 1511 4514 non

554 4557 696 4622 Salomon
719 4555 770 4620 vel
791 4553 889 4632 alius;
913 4551 999 4632 ideo,
1024 4551 1149 4638 quando
1167 4545 1380 4619 introducitur
1397 4551 1463 4636 ipse
1477 4551 1511 4618 in

554 4677 642 4728 sacra
665 4661 842 4746 Scriptura,
863 4659 957 4728 debet
979 4659 1143 4744 Scriptura
1163 4659 1203 4726 de
1224 4659 1293 4742 ipso
1319 4659 1421 4726 lacere
1445 4677 1511 4724 scr-

552 4783 675 4834 monem
698 4767 788 4852 quasi
810 4765 849 4832 de
871 4765 950 4844 alio,
981 4763 1062 4832 sicut
1092 4763 1173 4830 dixit
1205 4763 1328 4830 Balaam
1358 4763 1510 4830 Numero

553 4887 624 4938 rum
660 4869 807 4956 vigesimo
844 4869 1003 4956 quarto⁶:
1037 4869 1130 4936 Dicit
1154 4869 1289 4936 auditor
1319 4887 1510 4938 sermonem

441 4981 501 5028 nete
515 4987 535 5028 s.
554 4975 614 5042 Dei
635 4985 693 5044 etc.
718 5013 762 5028 -
785 4977 850 5044 tilia
870 4977 951 5044 ratio
982 4975 1120 5042 sumitur
1151 4993 1192 5042 ex
1222 4979 1311 5060 parte
1342 4973 1510 5064 efficientis

552 5079 752 5150 immediati:
777 5081 852 5168 quia
874 5081 1036 5166 Scriptura
1055 5099 1180 5148 omnem
1197 5081 1311 5166 reiugit
1328 5079 1509 5166 superbiam

554 5193 585 5252 et
606 5187 783 5272 praetendit
809 5187 1037 5268 humilitatem3
1064 5193 1097 5254 et
1119 5187 1188 5254 ideo
1211 5187 1318 5254 nullus
1340 5187 1373 5254 in
1397 5205 1433 5252 ea
1455 5187 1509 5252 do-

553 5297 620 5358 ctor
643 5293 735 5360 debet
756 5294 795 5361 de
818 5309 851 5360 se
874 5301 910 5358 ut
932 5291 972 5360 de
990 5309 1025 5358 se
1047 5293 1152 5378 loqui,
1175 5295 1229 5360 sed
1253 5301 1382 5378 propter
1404 5293 1509 5358 bumi-

440 5397 501 5446 aant
515 5405 535 5448 a.
551 5393 669 5466 litatem
692 5399 783 5484 quasi
804 5397 845 5466 de
866 5397 927 5466 alio
939 5397 963 5464 ⁷.
980 5433 1022 5446 -
1037 5397 1143 5464 Pertia
1164 5399 1263 5464 ratic:
1286 5399 1410 5484 quando
1426 5399 1509 5466 Scri-

552 5507 647 5584 ptura
665 5523 779 5592 magna
791 5503 896 5572 innuit
909 5511 940 5572 et
955 5503 1126 5582 mirabilia,
1142 5503 1234 5572 debet
1249 5505 1338 5588 quasi
1353 5523 1374 5568 a
1388 5503 1509 5592 longin-

552 5623 615 5690 quo
638 5609 818 5690 ostendere;
843 5611 926 5678 unde
949 5609 1079 5694 Hugo⁸:
1101 5635 1117 5668 (ι
1133 5609 1195 5676 lloe
1210 5627 1309 5694 genus
1325 5609 1507 5692 locutionis,

551 5713 672 5794 quoties
694 5715 726 5782 in
749 5715 913 5802 Scriptura
934 5715 1125 5794 assumitur,
1149 5715 1200 5782 vel
1214 5713 1399 5782 humlitatis
1413 5733 1509 5784 causa

551 5813 605 5894 int,
628 5821 677 5886 vel
701 5821 923 5890 admirationis.
941 5823 1016 5888 Nam
1038 5827 1071 5890 et
1093 5839 1206 5906 magna
1226 5829 1357 5908 propter
1380 5823 1508 5890 burelli-

623 6157 633 6190 ¹
653 6163 729 6216 Vens.
747 6165 789 6220 te.
807 6167 842 6220 lta
861 6167 954 6232 codd.;
968 6169 1094 6234 Vulgata:
1112 6171 1177 6222 sent
1190 6173 1294 6240 etopus
1307 6171 1367 6226 rba
1379 6171 1507 6240 dipnant,

553 6241 582 6296 in
599 6249 894 6318 temperaveramus
911 6269 978 6310 suae
991 6255 1128 6324 peribant.

621 6333 633 6364 ²
653 6339 727 6392 vers.
746 6341 794 6406 205
812 6343 931 6410 sequitur
950 6345 1032 6398 Eccle.
1051 6345 1083 6412 3,
1102 6345 1146 6398 ts.
1163 6351 1190 6398 et
1208 6347 1251 6398 ab.

621 6417 633 6450 ⁸
651 6425 730 6480 llaior
748 6441 810 6492 pars
828 6429 906 6484 cedd.
924 6429 1000 6496 buce,
1021 6435 1129 6510 leuasse
1148 6433 1289 6498 legendum
1308 6435 1371 6490 berte
1388 6435 1436 6490 bis.

621 6507 633 6540 ⁴
653 6513 747 6570 Psalm.
766 6519 814 6582 38,
834 6519 858 6570 6.
878 6547 913 6558 -
926 6519 992 6572 Tres
1004 6519 1053 6574 ioci
1067 6537 1142 6588 seqq.
1154 6529 1215 6576 sunt
1225 6523 1268 6576 Ps.
1281 6523 1344 6590 tis,
1358 6525 1389 6588 43
1402 6525 1450 6594 93,
1463 6529 1506 6580 lt.

552 6599 578 6648 et
596 6597 641 6652 lob
660 6601 708 6666 li,
728 6605 753 6658 l.
773 6635 806 6644 -
824 6605 877 6662 cn.
896 6611 997 6676 Hug.a
1018 6611 1044 6664 S.
1062 6609 1146 6674 Vict,
1163 6609 1190 6662 in
1208 6613 1291 6664 Eccle.
1311 6615 1400 6666 bomil.
1418 6615 1444 6668 l.

621 6681 633 6714 ⁵
652 6689 726 6744 Vers.
745 6693 788 6746 st.
805 6721 842 6734 -
858 6695 935 6750 Nom.
956 6697 1003 6762 te,
1023 6699 1053 6750 S:
1073 6699 1131 6750 Erat
1149 6699 1218 6752 enim
1244 6699 1344 6762 bloyses
1367 6703 1408 6754 vir
1426 6703 1506 6756 mitis·

551 6767 634 6826 simus
652 6781 701 6828 etc.
1353 6783 1365 6816 ⁶
1385 6791 1460 6844 Vers.
1478 6789 1504 6844 i.

622 6855 633 6888 ⁷
653 6863 711 6916 Vat.
729 6865 772 6918 trie
790 6869 884 6936 aliegat
902 6873 928 6924 ll.
948 6871 1008 6924 Cor.
1028 6873 1076 6936 lb,
1094 6873 1125 6924 2:
1151 6873 1210 6926 Seio
1234 6875 1395 6930 bominem...
1419 6891 1506 6944 usque

1576 750 1671 811 tatem
1695 761 1715 810 a
1736 743 1827 810 nobis
1849 721 2013 812 removere
2035 743 2204 822 debemus,
2226 747 2258 808 et
2280 741 2435 810 mirabilia
2461 759 2533 828 pro-

1575 855 1646 936 pter
1668 843 1907 918 admirationem
1926 851 2017 936 quasi
2032 849 2072 918 de
2088 849 2176 936 longe
2192 849 2355 916 ostendere
2369 873 2402 914 a.
2420 847 2533 914 Exem-

1575 955 1663 1038 plum
1686 953 1719 1020 in
1742 957 1838 1022 Paulo
1859 963 1892 1022 et
1914 957 2036 1024 loanne.

1745 1127 1747 1130 ⁵
1812 1149 1929 1214 D1v1s10
1946 1161 2061 1216 ''rorrus
2085 1167 2295 1218 recensionis.

1667 1323 1755 1404 Qetd
1778 1321 1872 1390 laedet
1887 1321 2033 1408 amplias
2048 1321 2143 1390 leonto
2163 1331 2221 1392 etc.
2246 1327 2348 1410 Supra
2371 1315 2533 1412 proposuit

1575 1427 1660 1514 quod
1681 1427 1817 1512 probare
1841 1427 1988 1506 intendit,
2015 1427 2064 1494 hic
2085 1431 2219 1512 probare
2234 1431 2358 1518 incipit;
2377 1437 2407 1498 et
2423 1449 2534 1500 secun-

1574 1533 1652 1600 dum
1673 1533 1759 1618 quod
1783 1533 1899 1618 triplex
1922 1533 2043 1600 vanitas
2066 1535 2225 1620 proposita
2248 1533 2307 1602 iuit
2331 1555 2398 1604 esse
2428 1539 2460 1602 in
2483 1555 2534 1606 re-

1575 1639 1654 1718 bus,
1677 1639 1722 1704 sic
1744 1645 1777 1706 et
1799 1639 1916 1722 triplex
1940 1655 2008 1706 esse
2030 1639 2195 1724 probatur.
2225 1641 2311 1708 Unde
2339 1641 2433 1710 babet
2457 1644 2533 1710 bace

1575 1763 1650 1830 pars
1673 1749 1737 1812 tres
1760 1751 1875 1830 partes.
1909 1743 2011 1836 Primo
2033 1743 2115 1810 enim
2142 1745 2172 1810 in
2198 1743 2292 1812 rebus
2316 1749 2451 1814 ostendit
2465 1765 2532 1816 esse
2553 1731 2681 1812 laetaturi

1575 1851 1743 1918 vanitatem
1760 1849 2014 1928 mutabilitate,-
2030 1851 2165 1916 secundo
2182 1867 2273 1930 vero,
2285 1851 2455 1920 vanitatem
2469 1853 2534 1920 ini·
2579 1823 2658 1876 pam*

1577 1957 1732 2046 quitatis,
1758 1957 1799 2022 ibi
1814 1955 1845 2022 ⁹:
1877 1955 1952 2022 Vidi
1971 1955 2034 2022 sub
2057 1955 2121 2022 eote
2145 1957 2181 2022 in
2205 1955 2271 2022 lece
2286 1957 2406 2022 iudicii
2420 1959 2533 2046 impie-

1577 2067 1694 2138 tatem·
1718 2061 1829 2141 tertio,
1845 2061 2016 2128 vanitatem
2033 2061 2263 2146 poenalitatis,
2287 2061 2368 2128 intra
2385 2063 2531 2148 septimo:

1579 2167 1706 2232 Cuncta
1734 2167 1858 2232 tentavi
1888 2167 1923 2234 in
1950 2167 2124 2254 snpientia.
2155 2165 2288 2234 «Prima
2312 2173 2358 2234 est
2383 2169 2534 2234 naturalis

1576 2279 1607 2340 et
1627 2277 1717 2358 apta,
1741 2281 1779 2340 ut
1799 2271 1874 2340 dicit
1900 2273 2003 2358 llug03
2020 2273 2155 2340 secunda
2169 2273 2351 2358 culpabilis,
2374 2275 2448 2360 quia
2463 2291 2534 2360 per-

1575 2397 1683 2458 versa;
1709 2379 1800 2446 tertia
1825 2395 1900 2446 vero
1922 2377 2064 2464 poenalis
2085 2385 2115 2444 et
2138 2379 2253 2446 misera
2268 2405 2298 2444 ».

1651 2575 1740 2652 Pnns
1769 2577 1794 2652 l.
1827 2573 1998 2652 Probatur
2026 2573 2160 2652 vanitas
2187 2575 2454 2652 entelebe'le'tulis

1942 2697 2057 2802 quoad
2086 2697 2166 2778 duo.

1664 2909 1869 2978 tueteette'tas
1900 2911 2061 2978 autentim
2085 2911 2181 2978 rebus
2204 2911 2370 2996 dupliciter
2394 2913 2532 2982 conside-

1576 3021 1682 3082 ratur:
1700 3033 1764 3094 uno
1778 3015 1871 3082 modo
1895 3015 2016 3084 ratione
2038 3015 2348 3096 transmutationis,
2366 3015 2426 3084 alio
2442 3017 2532 3084 modo

1575 3119 1606 3186 in
1630 3119 1860 3204 comparatione
1884 3121 1922 3186 ad
1947 3137 2128 3188 mensuram
2152 3119 2228 3188 certi
2247 3121 2410 3206 temperis.
2430 3123 2532 3188 Primo

1575 3243 1651 3312 ergo
1671 3223 1777 3310 agitur
1799 3223 1839 3292 de
1859 3225 1995 3294 vanitate
2026 3231 2157 3294 naturae
2189 3225 2347 3292 mutabilis
2379 3231 2531 3312 quantum

1575 3330 1614 3398 ad
1639 3329 1970 3408 transmutationem
1994 3331 2145 3412 secundo,
2162 3337 2317 3418 quantum
2333 3331 2372 3396 ad
2388 3339 2530 3420 ternpus,

1574 3435 1656 3504 inira
1678 3435 1829 3504 tenter:
1855 3437 1975 3504 Omnia
2000 3445 2127 3524 tenpus
2150 3435 2276 3504 liabent.

1601 3649 1721 3714 Partis
1739 3647 1875 3732 primae
1897 3647 2082 3714 membrum
2105 3651 2131 3716 l.
2158 3649 2349 3716 Ostenditur
2372 3651 2506 3718 renites

1644 3761 1789 3840 eceterae
1812 3753 1983 3820 mutabilis
2007 3755 2117 3844 quoad
2141 3753 2459 3822 transmutationem.

1662 3963 1767 4032 Prima
1793 3965 1889 4032 babet
1910 3965 2007 4046 duas,
2030 3967 2104 4050 quia
2129 3967 2229 4054 primo
2255 3965 2402 4044 ostendit,
2426 3969 2458 4034 in
2481 3985 2531 4034 re-

1574 4071 1635 4140 bus
1648 4089 1715 4140 esse
1728 4071 1980 4150 mutabilitatem,
1999 4077 2029 4140 et
2043 4091 2100 4158 per
2116 4071 2176 4140 hoc
2192 4073 2379 4154 vanitatem;
2395 4073 2530 4140 seconde

1574 4195 1650 4246 vern
1671 4195 1713 4244 ex
1737 4175 1912 4262 cognitione
1936 4177 2004 4246 eius
2027 4197 2116 4246 suam
2141 4179 2340 4264 reprehendit
2369 4179 2531 4248 curiosita·

1574 4287 1656 4362 tem,
1679 4281 1722 4350 ibi
1735 4285 1783 4348 ¹¹:
1808 4285 1877 4368 Epo
1902 4281 2108 4350 Ecclesiastes
2131 4281 2187 4370 sui
2207 4303 2267 4350 ren
2289 4291 2346 4352 eto.

1647 4477 1718 4544 bur.
1746 4481 1774 4544 l.
1799 4479 1971 4544 Probatur
1994 4479 2201 4548 attrectatae
2222 4479 2259 4546 in
2280 4479 2453 4548 cmistenle'e

1747 4589 1986 4650 creaturarum
2010 4585 2121 4674 quoad
2143 4583 2264 4670 tletplec
2286 4601 2364 4652 esse.

1661 4773 1845 4844 Ostenditur
1877 4777 1971 4862 igitur
1996 4777 2097 4864 primo
2122 4779 2314 4848 mutabilitas
2336 4779 2370 4844 in
2392 4781 2529 4848 existen-

1574 4881 1621 4946 tia
1637 4887 1891 4950 ,ercttturerum
1922 4883 1960 4950 Et
1989 4883 2065 4970 quia
2087 4893 2252 4952 creaturae
2274 4881 2391 4970 triplex
2414 4885 2529 4952 habent
2550 4903 2695 5000 religasse

1572 5007 1657 5066 esse,
1688 4989 1806 5056 scilicet
1835 4989 1866 5054 in
1904 4989 2022 5070 Verbo,
2056 4989 2175 5058 ratione
2206 4993 2472 5076 exemplaritatis;
2498 5013 2527 5058 m

1572 5093 1748 5172 elatee-ee,
1772 5111 1831 5178 per
1851 5093 1980 5162 modum
2009 5097 2253 5176 materialitatis3
2276 5097 2310 5162 in
2333 5097 2447 5166 anime
2468 5097 2529 5166 lu-

1572 5217 1692 5276 rnene,
1708 5217 1766 5284 per
1780 5199 1909 5266 modum
1934 5199 2151 5268 abstractionis
2166 5203 2208 5282 ¹23
2233 5203 2372 5286 primum
2394 5223 2461 5270 esse
2483 5211 2530 5270 est

1571 5301 1752 5370 iudeficiens
1781 5310 1813 5370 et
1839 5303 2053 5382 immutabile,
2077 5307 2159 5374 unde
2183 5307 2302 5372 nullam
2327 5307 2421 5374 babet
2444 5309 2529 5376 vani-

1572 5413 1686 5482 tatem;
1711 5407 1766 5472 sed
1786 5407 1821 5472 in
1843 5407 1911 5474 aliis
1934 5415 1981 5474 est
2005 5409 2141 5490 vanitas;
2160 5417 2193 5478 et
2207 5409 2277 5478 ideo
2292 5411 2371 5478 haec
2386 5429 2459 5498 pars
2474 5413 2529 5478 ha-

1571 5509 1626 5575 het
1647 5507 1743 5574 duas:
1767 5509 1842 5594 quia
1863 5511 1967 5596 primo
1987 5517 2115 5578 notatur
2132 5515 2253 5580 vanitas
2266 5517 2484 5584 mutabilitatis
2498 5519 2529 5584 in

1572 5613 1668 5680 rebus
1691 5613 1865 5682 secundnm
1888 5633 1972 5696 esse,
1997 5617 2081 5704 quod
2104 5619 2220 5686 habent
2245 5619 2275 5688 in
2300 5621 2464 5702 nniverso;
2482 5643 2528 5692 se-

1571 5717 1691 5798 cundo,
1713 5725 1869 5806 quantum
1891 5721 1930 5788 ad
1952 5739 2037 5802 esse,
2062 5725 2146 5808 quod
2168 5725 2285 5794 babent
2300 5727 2333 5794 in
2348 5727 2452 5796 anime
2468 5729 2529 5798 hu-

1571 5843 1680 5904 mano,
1703 5823 1746 5892 ibi
1761 5825 1805 5892 ¹³:
1831 5825 1975 5894 Cunctae
1997 5847 2052 5896 res
2070 5829 2217 5920 difficiles
2239 5839 2298 5900 etc.

1572 6177 1605 6228 ad
1625 6177 1728 6228 tertium
1748 6177 1859 6228 eaelum.
1879 6203 1912 6222 -
1931 6177 2058 6240 Superius
2075 6191 2124 6242 pro
2142 6177 2293 6234 irentedt'etc
2312 6195 2340 6234 ex
2362 6183 2379 6234 Ε
2398 6183 2528 6234 substitui-

1571 6277 1632 6316 mus
1649 6261 1809 6328 immediati,
1829 6263 1907 6316 ceteri
1925 6261 2004 6318 codd.
2022 6273 2145 6330 corrupte
2162 6271 2190 6324 et
2204 6267 2303 6322 reniti

1642 6347 1653 6380 ⁸
1671 6353 1698 6404 ln
1715 6351 1800 6404 Eccle.
1823 6353 1912 6404 homil.
1932 6353 1962 6414 l,
1981 6353 2114 6406 nonnullis
2132 6357 2246 6408 emissis.

1640 6435 1652 6468 ⁹
1669 6437 1734 6504 Cap.
1753 6441 1782 6504 3,
1803 6439 1851 6506 t63
1871 6453 1926 6508 seq.
1945 6441 2017 6494 leons
2034 6441 2099 6494 ibid.
2119 6459 2145 6496 r.
2165 6443 2207 6496 bl.
2222 6471 2256 6482 -
2268 6443 2307 6496 De
2319 6447 2444 6500 sententia
2457 6447 2526 6514 ling.

1570 6531 1617 6582 etr.
1636 6541 1716 6592 supra
1733 6541 1795 6592 pag.
1815 6527 1845 6590 5,
1866 6533 1926 6582 nota
1946 6529 1971 6582 7.
2367 6531 2389 6564 ¹⁰
2407 6537 2483 6592 Vcrs
2502 6539 2526 6590 l.

1640 6611 1662 6644 ¹²
1682 6613 1746 6682 cap.
1766 6615 1789 6680 t,
1810 6615 1852 6668 m.
2434 6629 2435 6632 ¹

1579 6691 1580 6696 ’
1640 6697 1661 6730 ²²
1680 6699 1732 6756 Cb.
1751 6701 1876 6766 August,
1894 6705 1921 6756 ll.
1939 6703 1971 6756 de
1991 6705 2056 6758 Gen.
2074 6705 2107 6758 ad
2126 6707 2162 6762 tit.
2181 6723 2203 6762 c.
2222 6709 2249 6762 8.
2267 6723 2294 6762 n.
2315 6711 2355 6764 iti.
2376 6727 2463 6782 seqq,
2483 6715 2525 6768 lV.

1568 6805 1591 6844 c.
1610 6791 1653 6844 23.
1672 6803 1701 6842 n.
1718 6789 1762 6842 lo.
1780 6803 1836 6856 seq.
1854 6799 1881 6844 et
1898 6805 1921 6844 c.
1942 6791 1984 6846 29.
2003 6807 2029 6846 n.
2049 6793 2100 6846 lo.

1640 6873 1662 6906 ¹⁸
1680 6877 1743 6944 Cap.
1764 6879 1788 6942 l,
1808 6879 1833 6932 8.
1850 6879 1908 6934 Duo
1928 6893 2003 6950 seqq.
2021 6883 2071 6936 loci
2089 6889 2149 6938 suut
2167 6885 2231 6940 ibid.
2250 6903 2275 6942 v.
2296 6891 2322 6942 5.
2339 6895 2367 6942 et
2385 6891 2410 6944 6.
