5900 8266
1156 495 1348 588 0000000.
1375 497 1410 562 un
1434 495 1599 562 4040000
1624 497 1755 592 004.

472 697 473 700 ’
556 677 609 742 ab.
635 675 735 754 44400.
764 675 840 760 ta).
865 675 933 760 400
958 673 1083 760 roqubo
1108 655 1261 748 Patrem,
1277 671 1428 736 cleliam

302 793 450 892 bqgefgquga·
468 777 684 846 Paracletum
707 779 800 846 dubit
823 777 921 868 00440.
958 761 1155 844 Paracletus
1177 775 1293 844 dicitur
1319 793 1428 844 conso·

423 877 428 890 '
468 887 546 952 lator
580 887 627 952 uel
659 885 849 960 advocatus;
873 881 979 948 alium
1002 883 1095 962 44044,
1119 883 1150 946 40
1173 899 1237 966 qua
1262 881 1364 946 400044
1394 899 1428 946 00

467 993 692 1060 consolatorem
705 997 735 1058 et
746 991 932 1056 0440004040
945 1013 954 1066 ;
969 989 1089 1072 primae
1105 987 1226 1054 loannis
1241 985 1426 1054 secundo1:

473 1091 695 1164 «Advocatum
718 1095 871 1162 hahemus
893 1093 978 1178 apud
1003 1095 1125 1160 Patrem
1143 1093 1243 1160 lesum
1267 1093 1428 1160 Christum

466 1203 586 1270 iustum
601 1223 633 1268 s,
657 1201 760 1266 Alium
783 1199 969 1288 advocatum
997 1199 1152 1284 promittit
1174 1199 1219 1266 eis
1241 1205 1427 1280 aeternum,

467 1305 540 1390 quia
563 1307 630 1390 ipse
653 1303 884 1372 consolatoria
906 1303 1085 1388 praesentia
1107 1303 1264 1388 corporali
1279 1321 1341 1370 non
1358 1303 1427 1370 lue-

466 1417 524 1476 ret.
538 1411 598 1478 0404
620 1411 660 1476 04
684 1417 820 1494 tempus.
850 1409 891 1474 llt
910 1417 1044 1474 maneat
1067 1409 1235 1496 uobiscum
1260 1411 1295 1476 in
1323 1417 1377 1474 aet
1411 1447 1426 1456 -

432 1591 435 1596 ,
465 1535 572 1594 num,·
594 1533 656 1582 nan
680 1517 724 1582 sic
747 1517 779 1582 in
803 1517 896 1596 Saul,
918 1517 958 1582 de
980 1535 1044 1602 qua
1062 1517 1153 1602 primi
1171 1519 1290 1602 Regum
1307 1515 1426 1582 decimo
1452 1553 1453 1562 2

466 1623 603 1688 sextoi:
635 1647 651 1680 «
664 1621 801 1706 Spiritus
832 1621 955 1688 Domini
978 1623 1108 1690 recessit
1132 1643 1149 1690 a
1171 1623 1277 1690 Saul»
1307 1627 1364 1690 etc.
1389 1621 1426 1688 44
1451 1633 1453 1676 5

465 1729 536 1812 quis
560 1729 600 1796 sit
624 1729 681 1794 iste
704 1729 891 1810 0440000400,
914 1729 1041 1798 subdit:

554 1835 606 1900 24.
632 1835 732 1920 (Vens.
763 1837 837 1920 tu).
863 1837 1029 1924 Spiritum
1043 1837 1212 1914 ueritatis,
1229 1835 1282 1920 qui
1301 1837 1425 1902 aPetre
1444 1893 1446 1898 .

465 1939 622 2024 procedit,
646 1939 750 2024 dabit,
773 1943 892 2010 00414004
912 1943 1011 2010 alium
1033 1941 1226 2008 Paracletum
1260 1939 1425 2026 Spiritum

464 2047 615 2114 ueritatis
638 2053 696 2114 etc.
720 2049 808 2116 Hunc
839 2049 990 2134 Spiritum
1021 2047 1170 2114 describit
1201 2052 1353 2130 quantum
1385 2047 1425 2112 04

353 2163 446 2226 unctius
464 2149 631 2236 effectum,
662 2151 747 2218 0040
770 2157 859 2218 vacat
885 2151 1047 2236 Spiritum
1074 2151 1240 2228 ueritatis,
1264 2149 1337 2236 quia
1370 2149 1424 2216 40-

360 2227 438 2272 ¹⁹⁸¹⁰⁵'
465 2261 515 2322 cet
538 2273 630 2334 vera,
653 2257 735 2322 sicut
760 2255 890 2340 spiritus
920 2255 1038 2322 erroris
1071 2256 1167 2336 laisa;
1199 2255 1280 2320 inira
1304 2255 1447 2322 decima

464 2366 555 2428 sexto
569 2359 601 2424 ⁸:
632 2361 742 2428 «Cum
767 2361 903 2440 uenerit,
929 2359 1052 2444 docebit
1074 2379 1131 2428 vos
1160 2379 1283 2428 amnem
1309 2361 1425 2428 uerita-

318 2479 447 2588 0ξὲ00
464 2473 528 2534 tem
544 2493 576 2532 0.
599 2467 756 2534 Describit
775 2467 872 2534 eliam
894 2475 1047 2552 quantum
1065 2467 1103 2534 ad
1128 2465 1324 2554 hospitium,
1349 2467 1425 2554 quia

411 2563 421 2634 ’,
464 2591 525 2640 000
550 2573 583 2638 40
606 2573 803 2652 infidelibus,
826 2573 883 2664 sed
904 2573 1068 2654 44044400,
1091 2593 1154 2640 000
1180 2575 1209 2640 40
1233 2573 1424 2640 animalibus

463 2679 663 2758 babinberc,
694 2681 747 2746 sed
770 2681 1010 2766 spiritualibus3
1033 2687 1163 2766 propter
1188 2679 1271 2766 quod
1295 2681 1422 2748 subdit:

464 2785 568 2868 Quem
598 2785 748 2854 mundus
776 2807 843 2854 nan
871 2795 974 2874 potest
1006 2787 1161 2872 accipere.
1196 2787 1231 2854 44
1255 2787 1335 2866 Ι00440
1358 2791 1423 2868 004,

463 2891 537 2974 qnia
562 2909 672 2958 000000
697 2899 744 2958 004
773 2911 831 2976 per
861 2891 1095 2968 infidelitatem
1129 2891 1209 2978 quia
1241 2909 1307 2956 nou
1336 2889 1425 2956 04404

462 3013 557 3076 eum,
580 2997 756 3082 cognitione
776 3005 903 3082 aperta,
928 3017 986 3064 nec
1012 2997 1074 3064 scil
1099 3015 1193 3076 eum,
1220 3013 1424 3082 quacumque

461 3101 688 3188 intelligentia;
718 3103 893 3188 Sapientiae
916 3103 1068 3188 primos:
1097 3101 1264 3188 «Spiritus
1295 3109 1424 3170 sauctus

463 3205 645 3292 discipliuae
677 3207 805 3294 effugiet
833 3207 944 3274 domm
968 3215 1000 3274 et
1021 3207 1143 3298 004004
1166 3225 1200 3274 00
1222 3227 1242 3274 a
1263 3207 1425 3292 cagitatio-

461 3313 573 3394 04400,
603 3319 783 3400 quaesunt
808 3313 927 3400 absque
950 3313 1111 3382 4040440040
1128 3339 1158 3394 »;
1183 3321 1213 3382 04
1238 3313 1359 3400 primae
1382 3301 1422 3382 04

461 3419 639 3488 Corinthios
669 3421 828 3488 secundo:
860 3447 876 3482 «
889 3421 1040 3488 Animalis
1068 3421 1163 3488 homo
1194 3439 1256 3488 non
1287 3421 1423 3508 percipit

365 3515 366 3518 ¹
460 3545 602 3612 eaquae
626 3529 681 3594 Dei
712 3535 787 3594 0004
802 3553 832 3592 a.
866 3529 926 3594 Vas
954 3535 1068 3594 autem
1098 3527 1296 3614 0000000040
1325 3513 1442 3608 eum,

460 3633 542 3720 qaia
566 3633 658 3718 apud
689 3651 746 3698 000
774 3631 921 3700 monebit
966 3633 1041 3700 tin
1070 3631 1162 3700 udbis
1192 3631 1272 3708 erit;
1305 3633 1420 3718 Apoca-

460 3739 558 3826 lypsis
587 3737 725 3806 secunda
742 3739 771 3802 ⁵:
803 3737 974 3804 «44000044
1004 3737 1083 3804 4040
1115 3755 1227 3802 manna
1257 3737 1420 3804 abscondi-

460 3849 544 3924 tum,
569 3849 599 3910 04
623 3843 702 3910 daho
723 3841 775 3908 illi·
791 3843 947 3910 minoium
971 3843 1155 3922 candidum,
1180 3847 1209 3910 et
1234 3843 1264 3908 in
1298 3843 1419 3910 calcula

458 3969 573 4018 namen
596 3949 764 4036 scriptum,
788 3949 873 4036 qnod
888 3967 981 4016 nemo
1004 3947 1075 4028 scit,
1100 3949 1160 4016 nisi
1184 3949 1239 4034 qui
1260 3947 1418 4034 0004044».

459 4057 504 4124 De
527 4057 586 4122 han
612 4055 719 4120 0044440
743 4055 916 4140 Sapientiae
938 4053 1059 4120 decima
1080 4053 1209 4138 quinto:
1240 4053 1366 4120 «Nosse
1385 4057 1418 4120 te

459 4167 676 4228 consummata
698 4159 817 4228 iustitia
839 4165 903 4238 004,
928 4165 958 4226 04
986 4159 1066 4226 scire
1088 4159 1240 4226 4004444000
1262 4165 1296 4224 04
1316 4157 1419 4226 uirtu-

458 4273 521 4336 tem
546 4273 633 4334 40004
656 4267 749 4332 radix
771 4273 819 4334 est
842 4267 1082 4332 immortalitatis
1112 4293 1140 4330 n.
1178 4265 1213 4330 44
1244 4267 1438 4348 notandum

458 4373 543 4458 quad
566 4373 657 4450 dicit:
683 4373 784 4458 Apud
806 4389 864 4438 nos
885 4371 1029 4438 ntancbil
1053 4377 1081 4438 el
1104 4373 1139 4438 in
1163 4369 1252 4438 00440
1275 4363 1419 4450 0044,οἰ-

456 4479 609 4564 guitianus
630 4479 786 4564 duplicem
818 4481 949 4564 gratiam
975 4477 1110 4564 Spiritus
1136 4477 1254 4544 senen:
1280 4497 1437 4564 praece-c¹

456 4587 597 4654 04004040
620 4593 651 4652 04
674 4583 939 4672 subsequentem,-
962 4583 1144 4650 Psalmusi:
1175 4583 1436 4650 «Misericordia

355 4731 357 4738 ·
457 4693 525 4760 eius
549 4693 729 4778 praeveniet
748 4709 850 4770 met›;
874 4697 905 4756 04
929 4689 960 4756 40
983 4689 1044 4756 0440
1067 4691 1203 4756 Psalmo:
1234 4689 1303 4756 «44
1324 4689 1418 4756 mise-

457 4797 593 4864 ricordia
616 4805 671 4864 tna
693 4797 906 4882 subsequetur
938 4813 987 4864 me
1016 4795 1164 4862 amnibus
1193 4793 1305 4864 diebus
1334 4793 1418 4864 vitae

457 4921 546 4970 meae
561 4929 591 4968 a.

529 5285 539 5314 ¹
560 5285 636 5338 Vers.
656 5287 681 5338 4.
698 5311 735 5324 ·-
747 5287 872 5350 bragar„
884 5285 915 5338 14.
926 5283 1020 5336 Hamil.
1034 5285 1059 5334 in
1072 5285 1174 5348 Evang.
1185 5283 1277 5338 homil.
1290 5285 1332 5336 30.
1346 5299 1371 5336 n.
1384 5285 1416 5338 3:

457 5375 556 5428 Graeca
575 5373 706 5428 locutione
727 5369 885 5428 Paracletus
898 5371 987 5424 Latina
1000 5369 1148 5424 aduncatus
1166 5371 1277 5436 dicitur,
1295 5371 1339 5422 rel
1357 5383 1417 5426 con·

455 5461 567 5518 salutar.
587 5461 723 5516 (14040400
742 5477 768 5514 0.
789 5461 829 5516 36.
1284 5463 1285 5466 ’

527 5551 632 5604 ²Vers.
654 5551 694 5604 44.

458 5691 459 5694 ,
527 5635 633 5710 were.
654 5641 694 5692 43.
718 5669 749 5678 -
768 5637 855 5704 Cyrill.
881 5637 1033 5700 Alexandr„
1061 5637 1086 5688 ia
1112 5639 1182 5690 hunc
1201 5639 1267 5692 loa:
1291 5635 1416 5694 Veritatis

454 5725 606 5796 Spiritum,
625 5727 654 5780 id
672 5731 711 5780 004
730 5727 783 5778 Filii
803 5727 857 5794 (004
873 5727 973 5780 uerius
989 5723 1193 5790 approprietur:
1210 5727 1270 5794 ,400
1282 5739 1346 5780 suut
1357 5725 1415 5794 040,
1442 5761 1443 5766 1

455 5813 556 5870 ueritus
574 5815 642 5884 040).
674 5815 876 5882 Theophanen„
897 5815 922 5866 40
941 5817 1011 5870 10000
1039 5815 1143 5866 iocum:
1168 5813 1302 5882 Spiritum
1326 5815 1415 5868 00400
1442 5851 1443 5886 .

455 5903 591 5970 0004444444,
612 5905 708 5972 inquit,
729 5909 780 5958 hac
798 5911 844 5956 004
855 5905 976 5968 spiritum
995 5919 1049 5956 nan
1061 5903 1158 5956 veteris
1175 5905 1322 5956 4004000044
1334 5921 1340 5970 ;
1353 5919 1414 5958 nam
1442 5929 1443 5932 ¹

428 6009 430 6020 .
455 5995 497 6046 illa
516 5995 603 6058 flgttre
620 5999 661 6046 est
679 5999 704 6046 04
724 5993 818 6046 umbra
827 6013 836 6058 3
855 5995 903 6046 sed
921 5995 998 6058 aovi,
1018 5995 1091 6060 quod
1109 5999 1149 6046 004
1166 5993 1271 6046 uerius

526 6079 539 6112 ⁴
558 6081 631 6136 vers.
652 6083 677 6134 4.
695 6109 732 6122 -
749 6083 873 6148 Sequitur
892 6085 910 6136 4.
928 6081 987 6136 Car.
1008 6085 1040 6146 2,
1059 6083 1103 6136 44.

527 6167 538 6198 ⁶
557 6171 630 6224 Vere.
652 6169 692 6222 tt.
712 6197 747 6210 -
765 6169 883 6224 Subinde
902 6171 1030 6236 allegatur
1048 6171 1110 6236 Sap.
1129 6171 1177 6232 45,
1197 6169 1224 6222 3.

525 6257 648 6314 ‘’Psalm.
668 6259 717 6326 58,
737 6259 780 6312 44.
797 6263 823 6310 04
842 6261 882 6312 Ps.
902 6259 949 6324 22,
970 6261 994 6310 4.
1013 6287 1047 6298 -
1066 6261 1105 6312 De
1121 6257 1206 6324 gratia
1222 6257 1413 6326 04000004οη40
1440 6255 1442 6316 ὲ

455 6355 481 6402 04
498 6347 672 6416 subsequente
690 6349 738 6400 cir.
755 6349 784 6400 44.
803 6349 871 6400 Sem.
890 6347 918 6400 d.
937 6347 981 6400 27.
998 6347 1064 6400 dub.
1085 6349 1108 6400 4.
1123 6395 1126 6400 .
1440 6337 1441 6342 ’

525 6433 536 6466 ¹
554 6435 629 6490 4400.
640 6435 717 6488 7.-
728 6435 816 6488 elassa
836 6433 979 6490 ordinaria
997 6433 1039 6502 (ex
1051 6435 1170 6502 August,
1182 6433 1211 6502 in¹
1228 6433 1296 6486 laan.
1310 6433 1413 6502 Evnng.
1439 6485 1442 6496 ,

455 6529 487 6576 tr.
495 6523 539 6576 tn.
550 6537 576 6576 0.
594 6523 642 6592 4.)ε
657 6523 719 6578 Non
731 6523 900 6598 relinquam:
910 6523 965 6574 Non
975 6523 1008 6574 ita
1022 6523 1126 6578 dabitur
1141 6521 1252 6588 Spiritus
1263 6535 1311 6586 pro
1322 6535 1372 6586 me,
1384 6529 1413 6576 ut
1439 6521 1442 6584 ἒ

453 6625 504 6676 ego
518 6611 596 6664 etiam
605 6611 720 6682 ¹nonsim
729 6611 875 6664 uobiscum
892 6609 1017 6678 Orphani
1028 6613 1140 6680 Graece,
1154 6607 1254 6680 pupilli
1266 6609 1355 6662 404400
1364 6617 1413 6664 004.
1439 6607 1442 6682 ξ

526 6695 628 6750 “Vera
650 6699 690 6750 44.
710 6705 735 6752 04
754 6699 796 6764 44,
815 6699 891 6752 00400
910 6697 990 6750 verba
1011 6699 1052 6752 04.
1072 6701 1173 6764 integra
1192 6699 1293 6760 allegat

525 6781 668 6850 ⁹·angala
695 6785 798 6842 0440440.
815 6813 852 6826 -
872 6787 995 6852 Sequitur
1023 6785 1119 6840 Hebae.
1147 6787 1176 6850 2,
1202 6785 1226 6838 4.
1252 6783 1302 6838 Cir.
1333 6799 1412 6850 supra
1439 6767 1441 6802 ³

560 6891 591 6946 S.
610 6891 713 6946 Bonan.
725 6919 759 6932 -
774 6893 850 6946 Tam.
868 6893 912 6946 Vl.
934 6971 936 6974 Ι

2384 499 2444 590 ter

1582 673 1634 736 27.
1658 673 1760 754 (Vens.
1786 673 1860 754 tt).
1887 671 1959 738 Nan
1983 671 2249 760 relinquamros
2267 671 2594 758 orplrartosjseandun·

1491 775 1544 842 Hic
1560 777 1699 844 0000040
1713 777 1875 862 discipulis
1897 779 2040 844 mandata
2057 777 2297 844 observantibus
2309 779 2447 862 promit-

1492 881 1530 946 tit
1550 881 1708 948 solatiam
1730 883 1770 964 de
1793 901 1850 950 000
1877 883 2069 964 visitatione3
2093 889 2223 970 propter
2248 883 2331 970 quad
2354 881 2445 950 dicit:

1491 985 1566 1052 Non
1584 987 1771 1076 relinquam
1795 1009 1851 1054 uos
1877 987 2061 1074 orphanos,
2084 989 2117 1056 id
2140 997 2189 1056 est
2206 989 2378 1070 desolatos3
2394 1009 2445 1056 ue-

1489 1091 1584 1156 niam
1599 1081 1647 1158 ad
1666 1111 1744 1172 000,
1762 1093 1912 1160 visitanda
1937 1093 2070 1174 00444004;
2093 1095 2190 1162 440004
2205 1095 2341 1162 04440007
2366 1095 2447 1162 dixit

1489 1197 1641 1282 Angelus:
1670 1225 1686 1256 (ε
1702 1199 1868 1266 praecedet
1889 1219 1946 1266 vas
1967 1201 2000 1266 in
2022 1199 2207 1282 Galilaeam3
2232 1203 2274 1270 ibi
2300 1217 2373 1270 eum
2399 1203 2445 1270 vi-

1488 1303 1619 1384 debitis,
1643 1303 1722 1370 04004
1748 1303 1827 1370 dixit
1842 1305 1933 1372 vobis
1947 1333 1978 1372 a.
2004 1307 2040 1372 44
2064 1309 2143 1376 04004
2160 1309 2296 1394 Spiritus
2318 1315 2445 1378 sanctus

1488 1427 1551 1474 non
1577 1409 1713 1476 mittitur
1745 1409 1803 1474 0404
1826 1409 1867 1474 04
1895 1409 2012 1492 hauns,
2035 1413 2079 1480 040
2111 1421 2140 1480 04
2164 1415 2278 1482 Christi
2311 1415 2445 1484 visitatio

1488 1519 1610 1580 tantum
1635 1513 1742 1594 honis:
1765 1519 1934 1598 propterea
1956 1515 2079 1582 subdit:

1577 1621 1630 1684 28.
1655 1619 1756 1702 (Vers.
1782 1621 1857 1700 44.).
1883 1617 2002 1686 Adbuc
2019 1623 2214 1702 warcadicum,
2239 1633 2267 1690 et
2297 1627 2444 1692 mundus

1451 1719 1452 1730 ²
1488 1745 1538 1792 me
1562 1727 1632 1792 iarn
1652 1745 1719 1792 non
1743 1723 1845 1804 uidet,
1871 1725 1945 1810 quin
1967 1723 2235 1812 0004000040000]
2263 1751 2325 1798 000
2349 1753 2443 1818 0000-

1488 1831 1553 1898 ruit
1586 1831 1771 1912 00040040,
1808 1831 1862 1900 004
1894 1831 2067 1918 400040440;
2102 1837 2236 1902 Actuum
2270 1837 2389 1904 decima
2411 1841 2453 1906 ⁸:

1491 1939 1616 2006 «Dedit
1637 1927 1709 2004 eum
1734 1939 1933 2006 manifestum
1955 1939 2023 2006 lieri
2049 1957 2112 2004 000
2134 1939 2216 2004 amni
2243 1943 2373 2026 populo,
2388 1945 2442 2010 sed

1487 2047 1621 2114 testibus
1642 2043 1870 2130 praeordinatis
1890 2063 1909 2110 0
1933 2045 1997 2118 Dea
2011 2071 2042 2110 s.
2063 2047 2124 2110 Vas
2138 2053 2250 2112 autem
2263 2047 2414 2116 uidebitis
2431 2051 2442 2090 ⁹

1487 2171 1557 2228 me,·
1579 2149 1659 2236 quia
1685 2167 1741 2236 eqo
1763 2149 1853 2228 0400,
1878 2149 2052 2234 pervitam
2075 2149 2208 2234 gloriae,
2234 2157 2262 2216 04
2285 2169 2342 2216 nos
2359 2151 2441 2218 niue·
2456 2171 2540 2228 nupia
2553 2173 2604 2216 00.

1487 2257 1548 2334 lis,
1572 2273 1630 2340 per
1651 2257 1748 2322 vitam
1777 2255 1914 2342 gratiae,
1937 2273 2017 2340 quae
2049 2255 2214 2322 inchoatur
2238 2257 2277 2322 iu·
2294 2257 2370 2338 4440;
2402 2257 2440 2324 40

1487 2381 1551 2448 qua
1572 2363 1714 2430 habacuc
1739 2361 1891 2430 secunda:
1921 2361 2057 2428 «100400
2078 2359 2184 2428 autem
2201 2381 2293 2430 mens
2314 2381 2356 2430 ex
2379 2363 2441 2430 lide

1487 2467 1564 2536 vivit
1579 2495 1610 2534 4.
1634 2467 1671 2546 44
1694 2467 1777 2554 quod
1802 2469 1881 2536 hanc
1905 2469 1999 2536 vitam
2024 2467 2096 2536 fidei
2113 2469 2266 2554 perlectae
2292 2477 2366 2538 lunc
2385 2471 2440 2536 ha·
2523 2547 2528 2552 ,

1486 2575 1592 2652 heaut,
1619 2579 1789 2640 monstrat:
1863 2621 1865 2626 ,

1575 2681 1753 2764 2441100.
1778 2681 1857 2758 24).
1883 2681 1923 2746 ln
1955 2679 2014 2746 illo
2050 2679 2103 2746 440
2135 2699 2191 2746 000
2226 2683 2439 2766 0000000040,

1486 2785 1568 2872 0040
1589 2803 1645 2872 000
1669 2805 1746 2852 sum
1767 2785 1805 2852 iu
1826 2785 1931 2852 Putre
1952 2805 2042 2862 meo;
2063 2785 2098 2852 in
2127 2805 2190 2872 qno
2214 2793 2343 2854 notatur
2369 2805 2439 2872 per-

1462 2885 1464 2890 ’
1486 2907 1634 2956 sonarum
1656 2889 1812 2957 distinctio
1838 2891 1997 2958 04004400
2023 2891 2190 2972 essentiam
2216 2893 2300 2978 quad
2322 2899 2441 2980 0000404

1485 2995 1523 3062 04
1547 2983 1638 3064 fidem
1664 2995 1822 3064 Trinitatis
1835 2997 1875 3076 ¹⁰3
1898 3005 1999 3064 04000
2014 2997 2051 3064 40
2072 3017 2137 3076 rue,
2156 3007 2186 3064 et
2199 2991 2256 3084 000
2273 2999 2309 3064 40
2331 2999 2437 3078 00440,

1485 3101 1710 3188 pergratiam,
1736 3109 1765 3170 et
1789 3103 1849 3170 hac
1879 3109 1998 3190 spectat
2020 3105 2059 3170 ad
2082 3103 2176 3172 fidem
2207 3105 2437 3190 redemptionis.

1492 3211 1553 3274 Vas
1581 3209 1618 3274 in
1639 3229 1708 3288 me,
1745 3209 1824 3276 04004
1853 3209 2006 3296 palmites
2038 3211 2068 3276 40
2098 3211 2176 3290 4440;
2210 3211 2291 3278 inira
2318 3211 2439 3280 4004040

1485 3315 1616 3400 quinto:
1642 3341 1659 3372 «
1677 3315 1739 3400 ligo
1760 3333 1830 3384 sum
1865 3315 1948 3394 ritis,
1974 3333 2028 3382 uas
2059 3315 2221 3400 00140440ος
2247 3315 2376 3384 4000040
2408 3319 2438 3383 40

1485 3439 1535 3488 00
1552 3449 1581 3488 a.
1601 3425 1640 3488 Et
1662 3441 1719 3508 epo
1742 3421 1777 3488 iu
1800 3421 1908 3502 00440,
1932 3421 2013 3500 sicut
2038 3421 2241 3490 indubitatur
2264 3423 2296 3490 in
2317 3425 2437 3490 hahita-

1484 3529 1572 3596 cula:
1602 3529 1797 3612 «Templum
1820 3529 1876 3596 Dei
1896 3535 2040 3596 sanatum
2062 3537 2126 3610 004,
2151 3531 2235 3616 quad
2249 3531 2324 3598 00440
2341 3549 2395 3598 uas
2407 3559 2437 3612 s,

1484 3633 1603 3718 primae
1625 3633 1665 3698 04
1687 3631 1865 3700 Corinthios
1886 3633 1989 3700 tertia.

1571 3737 1624 3804 30.
1649 3739 1749 3822 (Vers.
1775 3741 1854 3820 24).
1879 3739 1945 3820 Qui
1968 3737 2061 3804 habet
2088 3741 2260 3808 mandata.
2287 3741 2436 3826 Tangitur
2457 3763 2557 3810 0000.

1482 3841 1534 3908 440
1550 3841 1695 3922 tertium,
1711 3839 1829 3908 seilicet
1854 3841 1927 3926 quia
1941 3841 2183 3910 observantibus
2201 3845 2346 3910 mandata
2357 3865 2436 3928 pra-

1482 3947 1626 4014 mittitur
1644 3947 1847 4032 praemium.
1872 3947 1908 4014 44
1930 3947 2010 4014 ratio
2035 3949 2129 4014 huius
2161 3955 2225 4030 004,
2252 3949 2436 4034 quietalis,

1482 4053 1537 4138 qui
1560 4037 1665 4120 serrat
1681 4051 1839 4132 mandata,
1862 4051 2002 4138 diligitur
2026 4055 2205 4134 aDomino,
2229 4061 2259 4122 et
2282 4055 2352 4122 idea
2366 4057 2437 4124 hea-

1483 4159 1620 4226 4400400
1641 4167 1673 4226 04
1694 4159 1905 4244 glorificatum
1928 4165 2057 4246 prepter
2073 4161 2158 4246 quod
2180 4161 2271 4228 dicit:
2298 4159 2364 4244 Qui
2377 4159 2436 4228 du-

1475 4267 1530 4332 404
1552 4267 1716 4332 mandata
1739 4285 1811 4332 meu
1833 4273 1863 4334 cl
1883 4273 1994 4332 seruat
2017 4285 2075 4344 ea,
2100 4267 2238 4348 4440004,
2267 4261 2330 4356 Ι004
2361 4269 2435 4336 dili-

1480 4373 1530 4460 qil
1551 4393 1620 4450 me,-
1642 4371 1734 4458 quia,
1756 4373 1840 4438 04004
1855 4371 1929 4440 44044
1943 4373 2113 4458 Gregorius
2126 4375 2163 4452 ¹¹,
2192 4399 2210 4432 <c
2225 4375 2367 4458 prabatio
2390 4375 2435 4440 di-

1482 4479 1621 4548 lectionis
1655 4479 1808 4546 00444440
1840 4485 1887 4546 004
1918 4479 2022 4564 operis
2042 4505 2077 4558 »3
2113 4479 2196 4546 0040
2231 4481 2262 4546 40
2297 4481 2434 4548 Psalmo:

1484 4583 1632 4650 «10044440
1649 4585 1734 4652 414400
1748 4585 1781 4650 40
1803 4583 1884 4650 lilios
1900 4583 2038 4650 liliorum
2060 4585 2109 4652 his
2125 4585 2177 4670 qui
2201 4593 2327 4652 servant
2344 4593 2435 4652 testa-

1481 4695 1621 4756 mentum
1646 4691 1714 4756 eius
1742 4695 1775 4756 04
1796 4705 1950 4770 memores
1985 4695 2058 4756 sunl
2090 4687 2307 4756 mandatorum
2337 4693 2436 4776 ipsius

1479 4795 1519 4860 04
1542 4795 1718 4860 laciendum
1739 4811 1777 4860 00
1792 4821 1821 4858 a.
1848 4795 1907 4876 Qui
1930 4795 1975 4860 040
1997 4801 2118 4874 servat,
2143 4795 2193 4862 4440
2219 4795 2344 4880 quidem
2366 4797 2436 4864 dili-

1480 4899 1525 4984 git
1547 4915 1635 4978 400,
1661 4917 1722 4966 000
1745 4899 1843 4966 verba
1865 4905 2004 4978 tautum,
2030 4899 2110 4966 04004
2125 4899 2187 4980 4144,
2204 4903 2241 4968 40
2258 4901 2373 4988 quihus
2390 4903 2435 4968 di-

1480 5299 1542 5350 000.
1555 5285 1620 5348 net,
1634 5289 1694 5338 0040
1708 5285 1734 5338 7.
1745 5281 1809 5338 Cod.
1823 5285 1842 5336 E
1856 5285 1944 5338 iustus
1958 5297 2034 5338 meus
2045 5297 2082 5338 erc
2094 5281 2146 5354 440
2158 5297 2210 5338 suu
2222 5283 2298 5338 04004.
2314 5287 2433 5350 August,

1478 5371 1504 5424 40
1524 5375 1593 5426 ioan.
1612 5375 1713 5438 Evaag.
1730 5377 1761 5424 tr.
1781 5371 1823 5438 44.
1844 5385 1869 5422 n.
1883 5371 2002 5434 3,dicit,
2019 5373 2093 5438 quad
2108 5371 2198 5424 ednas
2217 5373 2433 5436 resurrectionen
2520 5439 2521 5442 Ἴ

1442 5491 1444 5504 =
1478 5477 1553 5516 sunm
1570 5461 1667 5516 scilicet
1683 5475 1744 5514 mat
1765 5463 1878 5512 suturam
1898 5467 1923 5514 04
1941 5465 2055 5514 nostram
2070 5461 2096 5512 in
2107 5461 2204 5514 saeculi
2217 5461 2269 5512 fine
2281 5467 2433 5526 remmam,

1384 5541 1386 5548 '
1442 5553 1444 5580 ³
1477 5551 1587 5606 duabus
1611 5551 1701 5602 verbis
1728 5551 1872 5614 praesentis
1900 5551 2025 5616 temporis
2042 5547 2104 5618 [eqo
2123 5549 2196 5620 0400]
2222 5555 2247 5602 04
2271 5551 2348 5602 loturi
2372 5551 2433 5620 [000

1478 5639 1581 5708 0400440]
1600 5641 1732 5704 eleganter
1750 5637 1918 5704 breviterque
1937 5639 2058 5704 promisit
2072 5659 2097 5690 4.

1514 5779 1516 5782 .
1549 5725 1572 5758 ²⁰
1591 5727 1641 5782 Cir.
1660 5743 1738 5794 supra
1757 5743 1784 5780 0.
1804 5729 1846 5780 44.
1864 5727 1975 5780 -Dno
2003 5741 2077 5794 seqq.
2100 5727 2150 5778 laci
2173 5731 2232 5780 suot
2253 5729 2323 5780 1000.
2343 5727 2388 5794 45,
2408 5727 2431 5778 4.

1478 5831 1547 5884 sequ
1561 5817 1661 5870 4400040
1679 5815 1707 5868 40
1725 5829 1781 5884 me,
1794 5821 1821 5868 04
1840 5829 1890 5878 ego
1908 5815 1932 5866 in
1954 5813 2057 5868 uobis..
2070 5817 2125 5880 Ego
2145 5829 2204 5866 sum
2222 5815 2295 5878 uitis,
2316 5831 2361 5868 vas
2382 5815 2432 5880 pel-

1477 5905 1570 5970 mites;
1590 5911 1614 5956 et
1634 5907 1652 5956 l.
1668 5903 1728 5958 Car.
1748 5905 1779 5968 3,
1798 5905 1841 5956 47.
1865 5905 1956 5956 Glossa
1978 5901 2175 5958 interlinearis:
2198 5903 2268 5968 Quia
2294 5917 2343 5972 eqo
2370 5917 2432 5956 suut

1441 6013 1442 6018 ¹
1476 5993 1506 6046 in
1525 5995 1606 6046 Putre
1622 6007 1695 6058 meo,
1715 5999 1743 6046 ut
1765 5979 1853 6046 radius
1882 5993 1906 6046 in
1934 5993 2002 6056 sole,
2021 6007 2103 6046 noum
2122 6007 2182 6046 cnm
2204 5995 2261 6058 4000
2272 6013 2278 6056 ;
2296 5995 2323 6046 el
2339 6005 2386 6046 nos
2404 5985 2436 6042 iu'

1475 6093 1533 6146 rue,
1550 6085 1580 6132 ut
1597 6079 1718 6146 palmites
1744 6079 1771 6130 in
1798 6079 1864 6146 vile;
1884 6083 1910 6134 et
1931 6091 1980 6148 eqo
2009 6079 2037 6132 iu
2063 6077 2151 6142 00440,
2174 6085 2203 6130 04
2230 6079 2267 6131 ait
2292 6079 2442 6142 Apostolus·

1440 6165 1441 6240 J
1475 6165 1566 6236 [Ram.
1587 6169 1614 6232 8,
1638 6167 1709 6236 to.]:
1727 6167 1761 6222 Si
1777 6171 1866 6222 orclem
1887 6165 2009 6222 Christus
2032 6165 2061 6220 iu
2082 6165 2157 6220 nobis
2175 6165 2321 6236 [Vulgalnz
2340 6163 2368 6216 in
2387 6177 2431 6218 00-

1477 6253 1517 6310 440
1535 6255 1661 6324 00444144.
1680 6259 1800 6320 Atrgust,
1818 6257 1845 6308 ia
1863 6257 1932 6308 ioan.
1951 6259 2049 6320 Evang.
2071 6259 2100 6306 tr.
2119 6253 2162 6306 74.
2182 6267 2211 6304 n.
2228 6253 2254 6304 4.

1440 6343 1441 6376 ³
1547 6343 1568 6374 ¹¹
1589 6343 1660 6400 Libr.
1679 6347 1709 6398 11.
1727 6345 1821 6398 Hamil.
1840 6345 1869 6396 in
1884 6347 1981 6410 Euang.
2001 6343 2196 6396 1000441340.
2217 6343 2241 6392 4.
2261 6367 2295 6380 -
2316 6339 2431 6394 Subinde
2520 6367 2529 6386 v

1440 6421 1442 6430 ’
1474 6435 1620 6500 allegantur
1640 6437 1680 6486 rs.
1699 6435 1764 6496 ton,
1784 6433 1827 6486 ra.
1846 6433 1888 6486 40,
1907 6439 1932 6484 a
1952 6435 1968 6484 r.
1985 6433 2054 6484 roan
2068 6433 2096 6496 3,
2117 6431 2159 6482 rs.
2178 6431 2297 6492 august,
2318 6427 2343 6478 0
2362 6429 2431 6480 roan.

1474 6523 1577 6586 Euerg.
1596 6527 1626 6574 tr.
1646 6521 1689 6574 74.
1709 6535 1734 6574 n.
1757 6523 1788 6574 5:
1811 6519 1863 6586 Qui
1881 6517 1959 6574 habet
1975 6519 2001 6570 in
2021 6517 2147 6568 memoria
2165 6519 2191 6570 el
2208 6517 2300 6568 seruat
2319 6517 2343 6568 in
2361 6517 2412 6568 0440
2423 6539 2430 6580 ;

1476 6609 1526 6678 qui
1541 6607 1620 6664 habet
1642 6611 1666 6662 in
1693 6609 1858 6662 sermonibus
1877 6611 1903 6662 et
1918 6609 2010 6660 seruat
2027 6607 2052 6658 in
2073 6605 2208 6674 moribus;
2225 6603 2275 6672 qui
2291 6605 2369 6660 habel
2386 6623 2430 6660 00-

1476 6697 1575 6750 440040
1592 6699 1616 6750 04
1634 6699 1724 6750 subal
1742 6697 1879 6774 inciend03
1903 6699 1949 6748 aut
1973 6691 2022 6760 qui
2042 6691 2121 6748 440404
2145 6693 2265 6746 iaciendo
2291 6697 2318 6748 el
2339 6701 2430 6750 seroul

1476 6785 1686 6852 perseverando,
1705 6783 1761 6850 ipse
1778 6787 1832 6850 est,
1850 6781 1949 6850 inquit,
1967 6781 2016 6850 qui
2030 6781 2119 6850 dillqit
2137 6795 2189 6836 mc.

2288 6891 2322 6944 54
