5908 8266
569 601 636 668 [168

450 793 456 802 ’
566 779 653 844 caelo
675 785 708 844 et
730 777 762 844 in
785 783 871 844 terra
887 803 918 854 »,
951 781 981 844 et
1014 775 1075 844 hoe
1105 773 1145 842 ad
1174 775 1307 840 salutem
1323 799 1330 838 ε
1348 771 1405 840 'bt
1435 791 1528 840 omne

565 885 654 972 qood
675 881 795 950 dedisti
816 883 864 962 ei,
890 899 946 968 per
977 881 1293 968 praedestinationem
1317 877 1452 958 scilicet,
1475 879 1527 946 det

565 991 612 1058 eis
636 991 738 1056 eitum
762 997 951 1068 ueternum,
975 1005 1032 1072 per
1055 985 1323 1074 glorificationem.
1350 985 1454 1052 Omne
1468 1003 1527 1070 pro

566 1095 680 1174 omnm
710 1111 807 1180 supra
839 1095 976 1162 sexlo1:
1006 1121 1022 1154 ιι
1037 1093 1116 1160 llaec
1141 1097 1188 1162 est
1211 1093 1355 1158 voluntas
1379 1091 1449 1158 eius
1470 1093 1526 1178 qui

564 1201 650 1268 misit
679 1219 729 1268 me
761 1201 860 1268 Patris
870 1247 887 1280 ‚.
909 1207 948 1268 ut
977 1218 1087 1280 omne,
1118 1197 1204 1284 quod
1225 1197 1312 1264 dedit
1334 1197 1431 1280 mihi,
1462 1217 1524 1266 non

564 1309 693 1392 perdam
725 1323 768 1372 ex
797 1323 852 1386 eo,
885 1307 939 1372 sed
969 1305 1154 1372 resuscitem
1184 1303 1263 1370 illud
1292 1303 1326 1370 in
1355 1303 1525 1372 novissimo

563 1413 613 1480 die
629 1441 660 1478 »,
686 1413 720 1478 lit
743 1411 909 1498 explanat,
935 1429 1017 1498 quae
1039 1411 1080 1480 sit
1101 1411 1248 1478 istavita
1271 1417 1419 1480 aeterna:

653 1521 683 1586 5.
709 1519 809 1605 (Vers.
836 1517 891 1606 3.).
914 1519 1007 1586 Haec
1029 1519 1120 1598 esti,
1144 1517 1266 1603 inquit,
1282 1519 1352 1586 otto
1368 1527 1522 1600 aeterno,

564 1631 600 1690 ut
621 1633 822 1712 cognoscent
842 1631 889 1702 te,
904 1625 1013 1690 solum
1029 1625 1135 1690 Deum
1154 1643 1286 1704 oerum,
1302 1633 1443 1714 atquem
1461 1625 1523 1690 mi-

563 1731 642 1816 sisti
659 1731 771 1798 lesum
794 1729 987 1810 Christum
1011 1731 1094 1798 tertii
1111 1735 1229 1816 Regum
1246 1733 1389 1798 decimo:
1410 1731 1522 1798 «Beati

529 1825 537 1846 ⁶
565 1837 624 1906 uiri
648 1837 712 1918 tul,
744 1843 776 1906 et
806 1837 887 1906 beati
915 1839 999 1906 servi
1024 1839 1088 1920 tui,
1114 1837 1146 1906 hi
1169 1839 1223 1924 qui
1247 1845 1330 1906 stant
1353 1855 1460 1906 coram
1493 1843 1522 1904 ιε

564 1961 687 2028 semper
704 1951 733 2010 et
750 1933 882 2014 audiunt
902 1945 1085 2032 sapientiam
1105 1957 1191 2014 tuam
1208 1975 1238 2012 u.
1261 1975 1275 2004 <t
1292 1947 1434 2012 Nassete
1450 1961 1522 2010 oon-

563 2041 717 2118 summata
741 2053 858 2120 iustitia
882 2059 929 2120 est
944 2081 974 2132 »‚
1000 2053 1174 2140 Sapientiae
1197 2053 1320 2120 decimo
1338 2053 1467 2138 quinto;
1492 2055 1522 2116 et

563 2157 661 2244 gloria
686 2175 747 2224 non
770 2167 817 2226 ast
839 2159 925 2226 aliud
950 2179 1044 2246 quam
1063 2161 1182 2228 iustitia
1198 2165 1431 2238 consummata,
1448 2157 1521 2242 quia

492 2295 494 2298 ·
570 2291 585 2322 r
600 2263 682 2332 scire
705 2265 855 2332 iustitiam
881 2273 910 2332 ει
935 2267 1085 2334 virtutem
1109 2275 1196 2334 luam
1219 2265 1312 2332 radix
1328 2269 1377 2332 est
1391 2263 1521 2330 immor-

564 2371 737 2452 talitatis»,
761 2377 791 2440 ει
815 2371 883 2440 ideo
905 2371 1164 2440 vitaeraeternae.

653 2479 682 2544 o.
707 2479 808 2564 (Vers.
833 2473 888 2558 1.).
923 2481 991 2564 Epo
1022 2485 1051 2544 te
1081 2477 1277 2560 clarificavi.
1311 2475 1443 2544 Notatur
1470 2473 1521 2542 bio

564 2583 711 2664 tertium,
735 2585 852 2652 scilicet
875 2583 1077 2668 expediendi
1098 2583 1189 2650 rote'o
1201 2605 1212 2660 ,·
1238 2587 1268 2648 ει
1286 2583 1350 2648 'hoc
1374 2587 1442 2648 erat
1457 2599 1521 2648 me-

564 2691 658 2758 ritum
677 2689 824 2768 Christi,
857 2707 921 2774 quo
944 2689 1127 2756 merebatur
1148 2687 1319 2772 glorificari
1343 2687 1408 2752 siue
1432 2685 1533 2752 olari*

563 2797 666 2876 licari;
691 2795 760 2862 ideo
781 2795 878 2862 dicit:
903 2797 971 2882 Epo
997 2801 1023 2860 ιε
1048 2791 1236 2876 cturitiocoe'
1250 2809 1351 2878 super
1376 2799 1519 2870 terrum,

565 2911 692 2988 propter
722 2903 781 2968 hoc
814 2917 937 2968 mereor
960 2919 978 2966 a
1002 2907 1032 2968 ιε
1057 2895 1239 2976 clarificari;
1263 2915 1346 2980 opus
1370 2915 1521 2964 comunt-

564 3007 672 3086 muci,
697 3007 783 3094 quod
815 3003 935 3070 dedisti
954 3001 1058 3082 mihi,
1082 3009 1120 3068 ut
1140 2999 1332 3086 sueorena³,·
1356 3001 1426 3068 ideo
1448 3019 1521 3066 oon-

563 3111 748 3190 summarit,
780 3109 855 3196 quia
885 3127 988 3196 usque
1010 3109 1049 3176 ad
1073 3113 1208 3174 mortem
1232 3105 1387 3186 obedivit;
1421 3109 1521 3174 Lucae

424 2603 457 2648 De
470 2601 543 2648 terlio.

562 3215 765 3284 duodecimo:
796 3211 1293 3300 «1111111111ιειεοιιριιιε1ι;
1317 3219 1348 3280 ει
1365 3211 1520 3298 quomodo
1566 3247 1568 3250 ·

447 3363 453 3378 .
527 3351 528 3354 ¹
563 3329 721 3403 coarctor,
746 3323 843 3390 donec
867 3321 1051 3408 perficiatur
1065 3327 1103 3388 »t
1118 3321 1163 3386 De
1179 3319 1239 3386 hac
1254 3319 1521 3386 consummatione

490 3415 491 3418 ¹
561 3431 601 3496 ad
624 3429 777 3496 Hebraeos
802 3429 957 3496 secundo:
990 3455 1005 3488 «
1021 3427 1156 3496 Docebat
1172 3443 1263 3504 eram,
1280 3433 1411 3512 propter
1427 3443 1520 3510 quem

563 3535 686 3615 omnia,
710 3543 741 3604 ει
764 3553 821 3620 per
844 3553 939 3622 quem
963 3535 1085 3614 omnia,
1111 3533 1164 3620 qui
1188 3535 1305 3600 multos
1320 3533 1401 3598 lilios
1424 3531 1520 3620 addu-

564 3649 654 3710 xerat
677 3643 708 3708 in
733 3643 882 3730 gloriam,
914 3647 1075 3710 auctorem
1103 3639 1213 3708 salutis
1237 3657 1346 3706 eorum
1371 3657 1428 3724 per
1450 3657 1520 3724 pas·-

563 3749 683 3816 sionem
713 3767 933 3818 consummare
948 3775 980 3814 1.
1012 3747 1050 3814 lit
1071 3747 1146 3834 quia
1170 3751 1271 3814 totum
1295 3747 1428 3826 lecerat,
1451 3745 1520 3814 ideo

564 3853 708 3922 exaudiri
732 3857 873 3922 debebat.
1321 3939 1326 3946 ι

653 3967 685 4030 7.
710 3965 811 4048 (Vens.
836 3963 890 4046 5.).
920 3965 946 4028 Ε
980 3981 1070 4030 nunc
1094 3959 1247 4046 clarifico
1268 3979 1318 4026 nae
1343 3967 1389 4040 te,
1409 3961 1518 4024 Pater.

411 4087 443 4132 Da
458 4087 543 4142 anain.
563 4067 712 4156 'tangitur
736 4069 787 4134 hic
810 4074 979 4154 quartum,
996 4069 1114 4136 scilicet
1129 4067 1205 4152 ipsu
1217 4067 1349 4152 petitio,
1366 4085 1428 4150 qua
1444 4065 1521 4150 petit

563 4175 712 4242 claritatis
736 4193 811 4242 suae
835 4173 1138 4252 mmitestationem3
1165 4173 1402 4258 propterquod
1425 4171 1520 4240 dicit:

565 4281 604 4348 m
626 4301 716 4348 nunc
740 4281 891 4366 adelasiae
917 4301 966 4348 me
989 4289 1044 4360 tn,
1068 4283 1189 4360 Pater,
1207 4279 1302 4364 opud
1316 4279 1521 4366 teoaettpsum

563 4389 733 4468 ctoritate,
749 4407 853 4476 quone
869 4385 991 4468 habui,
1004 4387 1211 4476 priusquam
1226 4387 1374 4452 maurotus
1388 4385 1480 4470 steret
1490 4387 1520 4465 4,

563 4495 657 4582 opud
680 4503 730 4572 te‚·
752 4493 864 4574 idest,
880 4495 966 4560 illam
983 4495 1156 4562 claritatem
1172 4491 1353 4572 manifesta,
1369 4497 1422 4572 ut,
1439 4491 1521 4558 siout

632 4897 642 4928 ²
664 4903 736 4954 Vens.
755 4901 790 4952 39
800 4919 807 4964 ;
827 4899 888 4954 uide
908 4899 972 4954 ibid.
989 4915 1016 4952 u.
1038 4899 1080 4952 aa.
1100 4905 1124 4952 ει
1143 4913 1166 4952 c.
1181 4899 1224 4951 lo.
1235 4915 1262 4952 n.
1277 4899 1318 4952 51.
1333 4927 1366 4936 -
1379 4899 1426 4952 Ed.
1440 4897 1522 4954 Omne

560 5003 612 5056 pro
631 4987 755 5044 omnibus
776 4987 805 5056 [C
824 4993 851 5042 et
869 4989 1002 5042 Gerranus
1028 4989 1150 5042 omittunt
1168 4989 1233 5040 haee
1256 4987 1353 5052 verba,
1370 4987 1470 5056 quibus
1486 4987 1524 5038 in-

561 5079 693 5142 sinuatur,
713 5079 755 5130 hio
775 5093 831 5130 esse
851 5079 1007 5146 antiptosln3
1037 5081 1083 5132 cir.
1111 5091 1189 5142 supra
1220 5093 1281 5144 pag.
1310 5077 1375 5140 111,
1396 5083 1456 5130 nota
1475 5077 1521 5146 6.],

560 5175 587 5222 ει
605 5169 631 5220 in
650 5175 710 5222 nota
732 5167 833 5220 adiecta
853 5167 948 5220 Bonelli
969 5167 1045 5230 dicit,
1064 5167 1137 5236 qnod
1156 5165 1302 5218 secundnm
1321 5167 1422 5220 Cornel.
1442 5181 1458 5218 a
1477 5169 1522 5218 La-

561 5259 624 5324 pide
641 5257 760 5310 hocloco
784 5277 797 5304 «
809 5263 849 5310 εει
866 5257 1033 5310 hebraismus
1051 5257 1201 5324 significans
1220 5271 1310 5308 ornnes
1328 5255 1448 5310 homines
1465 5257 1523 5308 red·

560 5335 743 5412 ditque'hunc
761 5359 885 5398 sensnm:
912 5353 938 5398 ut
964 5345 1088 5398 omnibus
1112 5343 1278 5410 hominibuS‚
1302 5359 1370 5410 qnos
1399 5345 1461 5398 Filio
1480 5345 1523 5398 de·

561 5435 621 5488 disti
650 5449 696 5500 per
725 5435 1002 5500 praedestinationem,
1023 5433 1067 5486 det
1085 5435 1164 5486 Filius
1182 5433 1262 5486 vitam
1291 5439 1422 5486 aeternam
1436 5453 1449 5480 a
1472 5439 1520 5488 etc.

561 5523 688 5590 Superius
707 5537 756 5588 pro
776 5521 819 5576 dei
836 5521 873 5578 eis
893 5525 981 5590 plures
1004 5521 1098 5590 codd,
1121 5525 1151 5574 ut
1169 5521 1360 5574 EFHlKLN
1368 5563 1374 5584 ,
1394 5521 1466 5576 dedit
1481 5521 1520 5588 ei,

559 5611 727 5678 respicientes
745 5611 781 5664 ad
799 5611 935 5664 lectionem
956 5615 1071 5662 nostram
1093 5609 1176 5664 Omne
1196 5623 1250 5678 pro
1277 5607 1369 5674 amath·
1391 5611 1435 5662 eir.
1455 5611 1520 5662 inira

560 5717 588 5752 n.
607 5701 649 5752 10.

632 5785 642 5816 ²
665 5787 775 5852 Vulgata
786 5787 858 5840 addit
867 5789 967 5840 aulem.
977 5815 1014 5824 -
1025 5785 1090 5836 Tres
1103 5799 1175 5850 seqq.
1187 5785 1236 5836 loci
1246 5789 1306 5836 sunt
1316 5787 1353 5838 lll.
1367 5787 1430 5850 Reg.
1444 5787 1483 5852 lo,
1494 5787 1521 5840 8.

483 5937 484 5942 ¹
560 5879 588 5926 et
606 5877 667 5942 Sap.
688 5875 735 5942 la,
755 5875 780 5926 3.
800 5875 857 5944 (eh.
876 5887 957 5938 snpra
976 5869 1145 5938 Commeat).
1163 5871 1301 5938 Bernard.‚
1317 5869 1404 5926 Tract.
1417 5873 1451 5926 de
1465 5887 1520 5938 gra·

560 5963 595 6016 tia
613 5967 639 6016 et
658 5961 704 6016 lib.
722 5961 779 6016 arb.
799 5977 822 6014 e.
842 5963 866 6014 6.
886 5977 911 6014 n.
926 5963 958 6012 le
971 5979 976 6012 :
990 5961 1035 6012 Est
1046 5965 1135 6012 autem
1148 5957 1283 6014 ordinatio
1296 5959 1448 6014 omnimoda
1462 5973 1520 6014 con-

560 6053 648 6106 versio
667 6053 807 6106 volnnlatis
834 6051 867 6104 ad
886 6053 971 6104 Deum
989 6057 1015 6102 el
1034 6063 1064 6102 ex
1084 6055 1136 6102 tota
1155 6061 1182 6100 se
1194 6049 1348 6100 'uoluntaria
1369 6049 1520 6116 devotaque

560 6142 696 6196 subiectio.
717 6143 782 6196 Huic
794 6155 858 6194 vero
871 6147 924 6194 tam
933 6139 1070 6208 perfectae
1088 6135 1206 6190 iustiliae
1225 6135 1350 6200 debatur,
1370 6137 1452 6188 immo
1465 6139 1519 6190 11111-

559 6231 630 6294 gitur
644 6229 741 6296 gloriae
754 6229 908 6298 plenitnd03
926 6229 987 6296 quia
1009 6229 1045 6280 sic
1064 6241 1093 6280 se
1111 6227 1271 6280 comitantur
1286 6225 1341 6278 dno
1353 6225 1416 6288 isla,
1430 6231 1458 6278 ut
1469 6241 1518 6278 nec

559 6317 672 6372 institiae
689 6319 773 6384 possit
796 6319 889 6370 haberi
915 6319 1040 6384 perfectio
1063 6317 1112 6368 nisi
1131 6313 1157 6366 in
1181 6315 1258 6380 plena
1283 6313 1380 6380 gloria,
1400 6325 1447 6366 nec
1466 6309 1519 6376 glo·

558 6405 614 6458 riae
633 6405 768 6472 plenitudo
785 6405 888 6472 absque
905 6409 1021 6470 perlecta
1040 6403 1144 6458 institia.
1163 6401 1215 6454 Cn.
1239 6403 1365 6468 August,
1390 6401 1459 6454 XlX.
1483 6401 1518 6452 de

559 6493 615 6548 clv.
635 6495 696 6562 ner,
715 6509 736 6546 c.
758 6493 799 6548 aa.
1277 6481 1280 6486 ’
1537 6535 1538 6538 ,

630 6579 641 6610 ³
655 6583 767 6648 Vulgata
780 6583 891 6652 foetum.
902 6613 937 6622 —
948 6585 1097 6652 Sequuntur
1109 6585 1172 6636 Luc.
1188 6581 1290 6648 lesbii.
1304 6587 1330 6634 et
1342 6579 1419 6634 Hebr.
1436 6583 1460 6646 2,
1475 6581 1518 6632 to,

559 6667 708 6736 chrysost,
727 6671 758 6722 in
773 6675 843 6724 ioan.
862 6673 955 6724 homil.
974 6673 1017 6724 80.
1038 6673 1111 6740 (alias
1131 6669 1185 6736 79.)
1206 6685 1230 6722 u.
1250 6673 1284 6724 2:
1302 6671 1383 6722 Recte
1400 6669 1518 6722 dixitne·

556 6769 607 6824 per
626 6761 750 6824 terrama
769 6775 829 6814 narn
849 6761 875 6814 in
894 6763 965 6814 caelo
984 6763 1145 6826 glorineatus
1157 6766 1225 6822 erat,
1239 6775 1299 6814 eum
1313 6759 1458 6812 naturalem
1471 6759 1518 6808 ha-

560 6841 633 6894 beret
653 6847 763 6908 gloriam
781 6853 807 6900 ει
825 6847 858 6900 ab
878 6849 984 6914 Angelis
1010 6851 1172 6902 adoraretur.
1200 6849 1255 6900 Non
1281 6863 1347 6914 ergo
1376 6849 1409 6900 de
1437 6847 1517 6912 gloria

560 6927 720 6984 substantiae
746 6935 803 6986 eius
829 6937 935 7000 propria
954 6937 1041 6988 dicit...
1061 6937 1107 6990 sed
1127 6939 1194 6988 hano
1214 6935 1240 7004 [i.
1265 6951 1287 6988 e.
1313 6937 1347 6988 da
1371 6935 1422 7004 illa]
1449 6949 1517 7002 quae

1251 595 1444 664 conluunt.
1469 597 1506 664 ΙΝ
1529 595 1696 664 loannem
1719 595 1751 690 C.
1777 597 1863 666 XVII.

1592 772 1633 840 ab
1655 781 1782 842 aeterno
1813 775 1856 842 tui
1883 771 1937 838 tibi
1960 773 2118 858 aequalis,
2141 773 2469 856 antequammunous
2494 775 2548 840 lie-

1592 887 1658 962 ret,
1682 873 1725 948 ita
1749 881 1840 948 etiam
1865 879 1905 948 sit
1928 877 1998 946 aliis
2021 879 2229 946 manifestum.
2255 879 2386 965 Propter
2400 877 2484 964 quod
2502 879 2549 946 in-

1589 985 1639 1054 ira
1661 987 1772 1054 eodem
1793 985 1927 1052 dicitur:
1950 1009 1965 1042 a
1983 985 2043 1070 Ego
2060 985 2249 1052 clarificatus
2270 1003 2341 1052 sum
2358 985 2390 1052 in
2407 985 2452 1052 eis
2468 1011 2501 1064 n,
2516 983 2547 1048 id

1589 1099 1638 1158 est
1658 1093 1692 1158 in
1708 1091 1874 1176 apostolis,
1897 1089 1971 1174 quia
1987 1089 2045 1176 ipsi
2067 1091 2235 1158 credebant
2258 1091 2360 1174 ipsum
2384 1093 2548 1178 aequalem

1590 1199 1688 1278 Patri3
1712 1215 1810 1282 supra
1831 1195 1952 1264 decimo
1974 1201 2082 1262 sexto:
2112 1223 2128 1256 κ
2143 1197 2232 1264 Nunc
2252 1197 2424 1276 credimus,
2441 1197 2549 1282 quiae

1588 1305 1653 1372 Deo
1665 1303 1800 1384 existi»;
1814 1319 1910 1388 supra
1922 1301 2037 1384 primo:
2050 1327 2070 1360 .«
2078 1303 2215 1370 Verbum
2230 1309 2298 1370 erat
2309 1303 2392 1390 apud
2404 1303 2547 1384 Deum»,

1589 1411 1708 1478 scilieet
1729 1411 1860 1496 aequale
1884 1407 1961 1488 Deo,
1992 1435 2009 1468 o
2022 1415 2055 1476 ει
2077 1411 2162 1478 Deus
2186 1411 2462 1478 ε1ε11ε111111111.

1949 1621 2179 1704 Qulnsrlonns

1676 1835 1705 1900 8.
1723 1833 1847 1918 Quaest.
1872 1833 1890 1898 l.
1908 1831 2078 1918 Quaeritur
2093 1833 2133 1900 de
2148 1835 2223 1912 hoc,
2240 1835 2323 1918 quod
2334 1833 2434 1904 Filius
2456 1843 2545 1904 orat:

1586 1939 1678 2026 quia,
1702 1939 1727 2008 si
1752 1961 1851 2008 orare
1874 1947 1921 2006 est
1941 1939 2131 2026 indigentis⁶
2147 1945 2180 2008 et
2194 1941 2388 2026 impotentis;
2406 1949 2438 2010 et
2451 1943 2548 2010 Filius

1585 2049 1690 2116 omnia
1712 2055 1831 2134 potest:
1857 2065 1932 2132 ergo
1953 2065 2016 2114 non
2039 2047 2132 2114 debet
2147 2065 2249 2114 orare.
2266 2085 2309 2098 -
2326 2049 2365 2116 Si
2378 2057 2415 2116 tu
2431 2049 2545 2130 dicos,

1585 2155 1670 2240 quod
1686 2161 1755 2222 orat
1778 2155 1951 2224 secundum
1967 2153 2052 2240 quod
2068 2155 2181 2234 homo;
2201 2153 2261 2220 hoc
2277 2153 2357 2218 nihil
2372 2161 2436 2236 est,
2452 2155 2544 2242 qnia,

1585 2261 1740 2348 quidquid
1769 2263 1886 2330 meruit
1910 2261 2082 2330 secundum
2108 2261 2190 2347 qaod
2222 2263 2334 2342 homo,
2366 2261 2484 2328 meruit
2504 2263 2547 2328 ab

1585 2369 1712 2436 instanti
1738 2371 1956 2456 conceptionis.

1675 2477 1876 2542 Rnsaonnno:
1899 2477 2088 2556 Dicendum,
2114 2477 2196 2562 quod
2213 2475 2358 2544 Christus
2378 2475 2482 2542 orauit
2496 2491 2546 2542 se-
2562 2479 2638 2536 liesn·

1585 2579 1725 2644 cundum
1742 2581 1824 2664 quod
1841 2581 1948 2660 homo;
1975 2581 2146 2648 secundum
2164 2583 2246 2650 enim
2269 2589 2417 2650 naturam
2432 2583 2545 2650 huma-

1584 2703 1658 2750 nam
1681 2701 1745 2750 non
1766 2683 1872 2752 omnia
1894 2687 2052 2768 poteratss.
2077 2687 2138 2752 Etsi
2165 2687 2277 2772 dignus
2300 2695 2368 2756 erat
2390 2709 2447 2774 per
2473 2709 2545 2776 gra-

1585 2789 1680 2868 tiam,
1702 2789 1783 2854 nihil
1805 2791 2006 2876 impediebat,
2032 2793 2091 2858 hoc
2108 2791 2211 2876 ipsum
2234 2795 2350 2860 mereri
2372 2795 2455 2860 bona
2471 2815 2545 2882 ope-

1586 2893 1723 2974 ratione3
1748 2895 1830 2962 unde
1855 2895 1999 2982 patiendo
2022 2905 2054 2964 ει
2075 2899 2193 2964 orando
2217 2899 2334 2966 meruit
2364 2899 2543 2986 glorificari.

1586 3001 1644 3068 Sed
1669 3000 1729 3068 hoc
1751 3019 1812 3068 non
1828 3001 1888 3070 fuit
1913 2999 1950 3068 de
1967 3001 2105 3070 indebito
2126 3003 2266 3072 debitum
2291 3003 2408 3086 faeere,
2432 3007 2487 3074 sed
2504 3005 2544 3074 de
2563 3009 2693 3056 nouarum.

1585 3105 1691 3174 debito
1713 3127 1778 3174 unc
1802 3109 1893 3176 modo
1918 3109 2024 3176 iacere'
2043 3109 2183 3178 debitum
2206 3111 2353 3196 pluribus
2364 3113 2385 3178 ⁷.
2524 3199 2525 3202 Ἴ

1676 3217 1704 3280 ll.
1731 3215 1856 3298 Quaest.
1880 3215 1914 3280 ll.
1938 3215 2015 3282 ltem
2045 3217 2227 3300 quaeritur:
2253 3222 2282 3285 l.
2310 3217 2351 3286 de
2381 3221 2439 3286 hao
2465 3219 2544 3306 peti-

1586 3321 1689 3388 tione:
1710 3321 1812 3388 Peter
1836 3319 1989 3406 clarifico
2012 3324 2061 3390 vel
2082 3321 2260 3410 pierideu⁸
2289 3325 2413 3392 Filium
2437 3333 2542 3394 tuere.
2603 3363 2605 3368 ,
2634 3383 2635 3386 .

1586 3463 1626 3478 —
1647 3427 1788 3494 Contra:
1812 3429 1914 3516 Supra
1931 3429 2079 3496 nonunt:
2105 3431 2175 3514 Epo
2192 3431 2340 3518 plurium
2355 3433 2463 3500 adeona
2478 3451 2544 3500 non

1586 3553 1730 3628 quaero.-
1752 3551 1827 3618 ergo
1852 3553 1913 3601 non
1936 3532 2069 3602 debebat
2093 3541 2199 3620 petere
2224 3537 2382 3622 propriam
2411 3535 2543 3624 gloriani

1586 3641 1634 3708 uel
1659 3641 1818 3726 propriam
1844 3643 2025 3708 claritatem.
2325 3643 2329 3650 '

1676 3751 1704 3814 1.
1730 3751 1819 3828 ltem,
1837 3747 2010 3816 secundum
2033 3767 2125 3834 quam
2143 3755 2289 3820 naturam
2304 3751 2364 3818 hoc
2387 3751 2484 3838 petiti
2499 3791 2544 3800 -·

1586 3853 1763 3922 Secundum
1781 3855 1930 3922 diuinum
1954 3873 2036 3934 noo,
2056 3855 2130 3940 quia
2147 3857 2318 3924 secundom
2337 3855 2421 3924 illam
2440 3859 2545 3924 omnia

1584 3967 1702 4048 potest;
1729 3961 1902 4030 secundum
1925 3959 2110 4028 demonum
2141 3983 2222 4042 non,
2246 3963 2322 4050 quia
2345 3963 2418 4032 dicit
2449 3967 2543 4050 paulo

1586 4073 1656 4152 post
1669 4069 1712 4132 1⁰:
1732 4067 1890 4154 Ciurifieo
1907 4067 2075 4150 ctoritate,
2093 4087 2195 4156 palum
2211 4067 2328 4150 debui,
2339 4069 2542 4160 priusquam

1585 4173 1865 4258 mendositatem
1890 4177 1948 4240 hoo
1973 4195 2034 4240 non
2060 4175 2164 4260 poluit
2186 4195 2253 4242 esse
2285 4177 2457 4244 secundum
2481 4177 2541 4246 hu-

1585 4297 1711 4344 manam
1735 4287 1891 4348 naturam.

1674 4385 1875 4452 Rnsnonnno:
1907 4385 1948 4452 hd
1975 4387 2112 4470 primum
2145 4387 2328 4468 dicendum}
2359 4389 2444 4474 quod
2475 4389 2541 4476 ipse
2561 4389 2670 4446 neonae
2685 4391 2706 4432 ¹·

1585 4491 1757 4560 claritatem
1775 4491 1964 4580 quaerebat,
1987 4501 2024 4558 ut
2047 4511 2089 4560 ex
2112 4495 2165 4560 illa
2191 4495 2421 4588 glorificaretur
2442 4497 2540 4576 Deus
2633 4489 2636 4494 “

1586 4901 1700 4952 humano
1719 4903 1789 4954 cultu
1807 4885 1974 4954 exhibetur...
1993 4889 2121 4954 utentem
2137 4899 2232 4966 discas,
2246 4899 2319 4952 illum
2338 4901 2372 4954 de
2390 4901 2541 4954 huiusmodi

1586 4991 1667 5056 gloria
1685 4991 1773 5056 loqui,
1792 4991 1853 5042 audi
1878 4989 2030 5056 sequentia:
2060 4987 2135 5058 Opus
2162 4989 2375 5044 consummant...
2402 4993 2541 5056 Quomodo

1585 5095 1650 5144 ergo
1668 5079 1731 5134 dicit
1748 5077 1959 5134 consummant?
1978 5079 2025 5132 Vel
2052 5093 2082 5132 so
2108 5079 2183 5146 quod
2204 5081 2226 5132 in
2246 5095 2275 5134 se
2298 5089 2353 5132 erat
2381 5085 2464 5134 totum
2483 5083 2541 5134 elle·

1586 5167 1668 5230 eisse3
1687 5169 1728 5220 vel
1747 5169 1821 5236 quod
1841 5171 1957 5222 laturum
1975 5173 2016 5220 est
2033 5173 2060 5220 ut
2080 5171 2174 5222 lactum
2195 5169 2271 5234 dirit5
2298 5171 2340 5220 vel
2359 5169 2448 5236 potius
2470 5169 2541 5224 dica-

1586 5263 1643 5320 tur,
1661 5263 1744 5310 tolum
1766 5257 1818 5308 iam
1839 5259 1935 5310 laclram
1956 5257 2048 5320 scrisse,
2069 5257 2129 5324 qnia
2145 5257 2195 5308 iam
2214 5257 2287 5310 radix
2307 5257 2439 5312 honorum
2458 5259 2541 5324 posita

1586 5351 1653 5414 erat,
1672 5359 1703 5398 ex
1721 5361 1773 5412 qua
1791 5345 1940 5398 necessario
1953 5345 2115 5410 producendi
2136 5349 2232 5400 tructus
2246 5351 2331 5410 erarii,
2344 5361 2426 5416 sequa
2445 5347 2475 5400 iis
2495 5349 2540 5416 qui

1586 5441 1644 5502 post
1663 5435 1740 5488 loturi
1762 5443 1848 5500 eraut,
1866 5437 2008 5488 ellatinum
2028 5449 2099 5502 esse,
2118 5449 2179 5488 cum
2199 5437 2264 5500 ipsis
2282 5436 2506 5502 coniungendum.

1655 5521 1666 5554 ⁴
1685 5527 1797 5590 'Vulgata
1811 5527 1887 5578 esset.
1899 5553 1934 5562 —
1949 5521 2065 5576 Subinde
2078 5525 2220 5588 allegantur
2233 5527 2304 5576 loan.
2319 5525 2365 5586 17,
2382 5525 2427 5588 10;
2443 5525 2483 5590 la,
2499 5527 2538 5578 30.

1585 5617 1609 5664 et
1630 5613 1653 5676 l,
1673 5613 1698 5664 l.
1716 5641 1752 5650 -
1772 5613 1879 5666 interius
1899 5611 1972 5662 multi
1991 5611 2068 5664 codd.
2097 5611 2219 5662 omittunt
2246 5611 2328 5676 sicul,
2356 5619 2382 5666 ει
2408 5614 2540 5680 aliquanto

1585 5701 1693 5752 interius
1712 5701 1873 5754 substituunt
1892 5699 2004 5768 aequate
2022 5713 2117 5776 aearum
2138 5713 2186 5764 pro
2204 5699 2316 5768 capanule
2334 5701 2408 5766 Deo,·
2428 5705 2473 5754 cir.
2501 5719 2540 5756 su-

1584 5803 1632 5854 pra
1651 5803 1674 5842 e.
1695 5793 1720 5844 l.
1738 5805 1764 5842 n.
1784 5791 1807 5842 3.

1654 5875 1665 5908 ⁶
1685 5883 1811 5944 August,
1839 5879 1864 5932 in
1887 5881 1957 5932 ioan.
1975 5877 2077 5942 Euang.
2094 5881 2127 5928 tr.
2147 5877 2205 5930 lbi.
2224 5893 2251 5932 n.
2273 5881 2297 5932 3.
2316 5879 2342 5932 in
2361 5865 2430 5932 line:
2449 5881 2538 5934 Petilio

1583 5979 1698 6034 namque
1716 5969 1827 6022 alieuius
1847 5971 1887 6020 est
1910 5965 2076 6030 indigentiae.
2096 5965 2147 6018 Clr.
2167 5981 2247 6032 snpra
2266 5983 2328 6034 pag.
2348 5969 2413 6032 dih,
2433 5975 2494 6022 nota
2514 5971 2538 6022 9.

1653 6053 1735 6112 6(111.
1755 6071 1834 6122 supra
1853 6069 1877 6108 c.
1897 6055 1938 6106 ll.
1958 6067 1980 6104 n.
2003 6053 2051 6116 35,
2072 6051 2117 6106 obi
2137 6055 2158 6106 in
2180 6061 2240 6108 nota
2255 6057 2354 6110 adiecta
2367 6059 2538 6124 allegavimus

1583 6144 1619 6196 lll.
1641 6147 1709 6198 Sent.
1728 6147 1756 6198 d.
1775 6145 1819 6198 ll.
1839 6157 1862 6196 a.
1883 6145 1907 6196 i.
1927 6157 1954 6208 q.
1974 6141 1998 6206 l,
2017 6141 2042 6192 in
2063 6157 2115 6208 qua
2134 6145 2282 6210 quaeritur:
2312 6145 2402 6198 lltrnm
2423 6147 2552 6200 decuerit.

1582 6231 1713 6286 Christum
1730 6247 1816 6288 orare.
2571 6289 2572 6292 ,

1652 6315 1661 6348 ²
1682 6321 1751 6374 Vide
1770 6333 1848 6384 snpra
1868 6333 1892 6374 c.
1911 6318 1953 6370 13.
1971 6333 1998 6370 n.
2018 6319 2060 6370 52.
2078 6325 2104 6370 ει
2123 6321 2158 6372 lll.
2179 6323 2249 6374 Sent.
2267 6321 2294 6372 d.
2315 6321 2355 6372 la.
2376 6333 2424 6388 per
2442 6327 2536 6386 totam,

1582 6409 1724 6472 praecipue
1743 6423 1766 6460 a.
1786 6409 1855 6476 l.q.
1877 6409 1906 6468 2,
1926 6405 1972 6458 ubi
2001 6407 2109 6460 solvitur
2137 6409 2272 6474 quaestio:
2300 6411 2392 6462 Utrum
2420 6409 2538 6464 Christus
2633 6407 2634 6410 ’

1582 6493 1680 6562 aliquid
1700 6497 1824 6556 martrerii
1841 6499 1901 6560 post
1919 6495 2131 6564 conceptionenn3
2154 6497 2182 6550 ln
2200 6499 2274 6550 cuius
2293 6499 2421 6550 solutione
2443 6499 2536 6550 eadem

1582 6579 1711 6636 distinctio
1730 6585 1765 6636 de
1781 6583 1863 6636 modo
1884 6583 2001 6636 merendi
2019 6585 2134 6648 ponitur.

1651 6667 2109 6738 88ε11111111111111111ς1111.,11110111.
2138 6675 2236 6738 Evang.
2266 6681 2298 6728 tr.
2328 6675 2385 6728 lot.
2415 6691 2442 6728 11.
2461 6675 2487 6728 3.
2512 6679 2537 6726 ει

1580 6763 1611 6810 tr.
1635 6761 1695 6814 lta.
1713 6777 1738 6814 n.
1760 6765 1787 6826 3,
1808 6777 1859 6814 vox
1878 6765 1975 6816 Graeca
1996 6759 2104 6822 διξασον
2124 6763 2212 6816 Latine
2232 6765 2306 6816 reddi
2319 6769 2403 6830 potest
2417 6771 2468 6818 eta
2482 6763 2538 6830 qni-

1581 6847 1695 6902 lmsdam
1713 6853 1815 6904 reddita
1834 6859 1890 6906 ast:
1909 6851 2045 6924 clarifico,
2069 6855 2111 6904 vel
2130 6853 2261 6924 glorifico.

1650 6931 1662 6964 ⁹
1682 6939 1757 6990 Vera.
1775 6931 1818 6992 50.
2375 6935 2397 6970 ¹⁰
2417 6941 2492 6994 Vers.
2511 6941 2535 6994 b.
