5916 8276
523 617 585 686 l36

518 801 629 872 mata,
653 791 771 860 scilicet
790 785 926 858 hominis
941 785 1032 866 iusti,
1058 785 1193 872 boupam
1207 785 1311 858 citam
1334 783 1472 860 iniusti·

428 905 432 912 “
518 893 669 968 Glossa1:
700 895 764 962 «ld
785 899 834 962 est
848 891 1058 978 persecutoris
1073 917 1104 972 s,
1129 893 1204 980 quia
1218 891 1289 976 plus
1313 887 1386 956 boni
1401 887 1473 958 iecit

518 1013 658 1088 tempore
681 999 803 1066 modico
833 1017 928 1084 quam
951 995 1004 1064 ille
1033 999 1150 1078 multo,
1182 995 1266 1064 unde
1301 995 1473 1064 districtius

518 1097 725 1184 iudicandum
749 1101 947 1190 Apocalypsis
962 1101 1116 1170 secundo:
1145 1101 1249 1170 «Dedi
1271 1101 1317 1168 illi
1333 1107 1473 1186 teman,

412 1195 415 1200 ’
519 1217 555 1280 ut
578 1209 797 1294 poenitentiam
820 1215 940 1292 ageret,
963 1215 996 1274 et
1017 1225 1080 1274 non
1103 1209 1171 1276 rull
1193 1209 1353 1296 poenitere
1369 1233 1385 1266 t
1414 1213 1472 1274 etc.

607 1315 708 1398 (Vers.
721 1317 795 1400 td).
813 1313 966 1382 Videbunt
978 1319 1035 1382 etc.
1049 1313 1103 1382 Hic
1115 1315 1242 1400 ponitur
1251 1315 1371 1402 duplex
1385 1313 1473 1380 ratio

354 1493 360 1502 ,
390 1439 499 1502 senuna,
518 1421 696 1508 praedictae
710 1419 1005 1502 condemnationis,
1021 1421 1139 1490 scilicet
1149 1419 1344 1508 ipaorantia
1356 1427 1387 1488 et
1399 1439 1474 1486 con—

353 1505 432 1600 blii‘ii.
445 1495 501 1536 ’πω
519 1535 667 1612 temptas.
693 1525 846 1592 Primam
862 1525 949 1612 ponit
971 1525 1095 1598 dicens:
1120 1527 1277 1596 Videbunt
1300 1523 1401 1604 enirn,
1419 1523 1474 1592 sci-

518 1631 590 1702 licet
605 1631 711 1716 impii,
725 1629 840 1716 dmin,
858 1657 875 1690 (ι
887 1631 918 1698 id
933 1637 979 1698 est
995 1637 1131 1700 mortem
1142 1661 1174 1714 t,
1187 1639 1221 1700 ut
1233 1631 1313 1726 dicit
1324 1629 1432 1696 Glossa
1443 1629 1473 1706 ²3

422 1737 424 1742 “
518 1737 697 1824 supientia·
712 1735 832 1804 Glossa:
861 1763 878 1796 «
893 1737 926 1806 ld
947 1745 996 1806 θεῖ
1010 1739 1154 1826 Martyris
1170 1763 1205 1820 »3
1226 1727 1311 1806 unde
1332 1735 1374 1802 de
1394 1737 1473 1802 Mar·

519 1849 588 1930 tyre
611 1843 725 1928 legi-tur
749 1843 827 1912 illud
848 1845 1053 1916 Ecclesiastici
1075 1847 1195 1914 decimo
1214 1849 1342 1932 quarte:
1370 1841 1475 1908 «Dea-

520 1955 573 2018 tus
593 1949 653 2030 rir,
681 1949 735 2036 qui
759 1949 789 2018 in
815 1949 963 2036 sapientia
987 1951 1206 2036 morabitur».
1232 1953 1273 2018 m
1295 1967 1362 2016 reon
1384 1945 1475 2014 iutel-

520 2055 636 2144 lipeut,
659 2057 741 2144 quid
762 2057 955 2144 capitanerit
968 2059 1017 2126 de
1032 2057 1086 2126 illo
1103 2059 1211 2138 Dens,
1226 2081 1251 2124 ,n
1265 2055 1298 2122 id
1313 2060 1374 2136 est,
1391 2045 1491 2140 quod

519 2163 547 2232 ei
572 2163 753 2250 cogitauerit
774 2163 849 2232 dare
873 2165 903 2232 in
935 2163 1061 2244 tuturo,
1085 2165 1260 2234 secundum
1291 2161 1474 2242 Glossami,

520 2267 615 2336 vitam
645 2275 805 2340 aeternam
821 2293 851 2350 »;
887 2269 1129 2336 proverbiorum
1159 2267 1310 2354 vigesimo
1343 2273 1474 2334 octavo:

479 2433 481 2436 .
524 2399 540 2432 «
557 2373 622 2442 Viri
645 2375 718 2440 mali
742 2391 805 2442 nan
828 2375 963 2462 cogitant
987 2373 1137 2440 indicium
1155 2399 1186 2440 n.
1212 2375 1252 2442 m
1274 2393 1380 2462 quare
1402 2393 1476 2438 mu-

520 2481 621 2550 nierit
642 2481 737 2548 illum
761 2481 942 2560 Dominus,
965 2479 1083 2546 scilicet
1106 2479 1139 2546 in
1161 2481 1332 2564 praesenti;
1349 2479 1475 2546 Glossa:

527 2587 657 2654 «armis
680 2587 753 2654 tidei
767 2613 800 2666 n,
824 2585 998 2654 secundum
1026 2583 1105 2648 illud
1129 2583 1168 2648 ad
1195 2585 1343 2668 Ephesios
1367 2587 1475 2666 sextam

527 2695 591 2760 «ln
614 2693 759 2760 omnibus
781 2697 940 2758 sumentes
968 2693 1093 2756 scutum
1118 2687 1189 2754 hdei
1207 2693 1242 2768 t;
1266 2687 1359 2756 item:
1388 2713 1404 2744 «
1429 2687 1477 2752 ln-

519 2799 606 2866 duite
629 2815 685 2864 ras
707 2803 898 2864 armaturam
923 2793 978 2862 Dei
994 2819 1023 2858 n.

608 2897 709 2988 (Vers.
737 2901 811 2984 t8.).
843 2901 959 2968 Deinde
991 2899 1077 2984 ponit
1100 2899 1280 2966 secundam
1313 2897 1486 2966 rationem

396 3023 503 3068 sana.
520 3009 642 3078 dicens:
675 3005 830 3074 Videbunt
863 3025 952 3084 eum,
986 3005 1075 3092 quasi
1104 3005 1203 3072 dicat:
1228 3010 1259 3072 et
1293 3003 1368 3090 qnia
1398 3003 1476 3070 haec

520 3133 582 3182 non
597 3113 793 3200 intelligunt,
816 3111 968 3180 uidebant
989 3129 1078 3192 eum,
1103 3111 1209 3180 Glossa
1221 3113 1250 3178 4:
1271 3137 1287 3170 «
1304 3109 1380 3176 Mori
1397 3135 1432 3190 »3
1448 3117 1477 3176 et

520 3225 720 3286 contemnent
743 3217 855 3298 illum,
879 3219 962 3286 unde
987 3217 1067 3284 inira
1088 3217 1226 3304 capitula
1248 3219 1377 3302 quinto:
1406 3241 1423 3276 «
1440 3215 1476 3284 Hi

520 3329 611 3404 sunt,
635 3341 714 3410 quos
737 3323 902 3410 aliquando
934 3323 1105 3392 habuimus
1127 3323 1161 3390 in
1190 3323 1330 3392 derisum
1354 3349 1369 3380 s
1397 3329 1476 3402 etc.;

520 3431 593 3498 item
618 3427 669 3494 lob
692 3427 937 3496 duodecimam«
953 3429 1121 3496 Deridetur
1144 3429 1218 3496 iusti
1244 3427 1425 3514 simplicitas
1445 3455 1475 3494 t.

520 3535 570 3602 Sic
591 3539 848 3620 contempserunt
870 3533 973 3602 ludaei
997 3533 1155 3602 Christum
1180 3533 1374 3602 morientem.

610 3641 687 3706 illos
708 3647 838 3720 numm,
864 3641 980 3708 scilicet
1010 3641 1139 3726 impios,
1168 3641 1327 3708 Dominus
1357 3639 1477 3706 irride-

521 3745 583 3824 bit,·
608 3745 756 3812 Glossa⁵:
786 3771 803 3806 a
818 3745 851 3812 ln
875 3745 988 3812 iudicio
1004 3771 1035 3826 n,
1061 3745 1092 3812 id
1115 3751 1179 3828 est,
1202 3747 1312 3832 dignos
1331 3743 1477 3814 irrisione

519 3851 670 3920 iudicabit
692 3857 728 3918 ut
750 3851 870 3932 iatuos;
900 3851 1058 3920 emimus:
1088 3851 1179 3938 «Qui
1202 3851 1322 3920 habitat
1352 3851 1383 3918 in
1409 3869 1477 3918 cae-

519 3957 559 4026 lis
587 3955 732 4024 irridebit
756 3973 809 4024 eos
824 3983 840 4016 ε
877 3963 934 4026 θῖθ.
962 3957 1023 4022 Νθθ
1056 3957 1157 4024 solum
1181 3957 1213 4024 in
1235 3955 1350 4022 indicio
1384 3973 1477 4040 gene-

519 4061 596 4140 rali,
620 4061 782 4128 sedetiam
804 4061 1053 4148 inperitantem,
1075 4061 1107 4128 id
1130 4069 1178 4130 est
1193 4061 1230 4128 ia
1252 4067 1375 4140 marim
1391 4061 1476 4128 unde

520 4167 761 4236 Proverhiorum
777 4169 893 4254 primo:
923 4193 939 4226 «
950 4167 1013 4252 Ego
1029 4185 1156 4254 queque
1172 4169 1201 4232 in
1227 4169 1357 4236 interitu
1373 4173 1478 4236 restro

503 4270 661 4340 ridebo»
689 4275 748 4338 etc.

612 4377 711 4462 (Vers.
739 4379 813 4458 tan.
832 4379 862 4442 Ε
887 4385 986 4442 errant
996 4383 1071 4462 post
1086 4373 1184 4456 daeo,
1201 4377 1317 4446 scilicet
1332 4383 1403 4460 post
1422 4378 1478 4444 bo-

369 4499 634 4566 amunte-norum
659 4481 908 4566 persecutionem
932 4487 963 4548 et
986 4481 1107 4548 Domini
1137 4481 1332 4558 irrisionem,
1358 4479 1477 4562 idest,

357 4555 510 4670 iiipqiiiud‘iff
520 4593 687 4674 postquam
708 4589 807 4654 bonos
822 4587 855 4654 in
870 4585 1026 4672 praesenti
1050 4585 1236 4666 afflixerint,
1259 4593 1291 4652 et
1306 4585 1365 4670 ipsi
1380 4603 1399 4652 a
1415 4586 1479 4652 Deo

357 4663 465 4706 ‘mmmm'
520 4695 553 4760 in
569 4701 670 4760 marte
685 4693 778 4760 derisi
795 4691 928 4772 inerint;
944 4699 1044 4758 erunt
1058 4691 1253 4772 decidentes,
1271 4691 1365 4760 idest
1386 4691 1479 4758 dear-

521 4817 591 4866 snm
616 4817 672 4884 per
698 4815 807 4864 casum
828 4797 939 4864 mortis
962 4795 993 4862 in
1016 4793 1175 4862 internum
1208 4798 1370 4874 cadentes;
1395 4795 1479 4862 Psal-

522 4903 636 4972 musi:
667 4901 965 4988 «Quemadmodum
996 4901 1081 4970 olera
1105 4901 1277 4970 herbarum
1308 4901 1369 4968 cito
1396 4899 1479 4968 neci-

522 5009 596 5078 dent
612 5037 641 5074 t.
668 5007 745 5076 Sine
766 5005 903 5086 bonore,
927 5007 958 5072 id
982 5013 1027 5074 est
1051 5007 1205 5074 sacietatis
1237 5007 1421 5086 beatorum;
1449 5013 1480 5072 et

523 5117 560 5184 in
581 5115 793 5194 contumelia,
817 5115 933 5182 scilicet
956 5107 1144 5180 confusionis
1173 5115 1403 5200 reproborum;
1427 5113 1479 5180 iu-

524 5231 571 5290 ter
590 5229 760 5300 ¹mortuom
785 5221 904 5288 Glossa:
933 5219 1132 5286 «Danmatos
1148 5243 1179 5300 »3
1203 5219 1240 5288 in
1259 5227 1477 5306 perpetuum,

522 5331 624 5398 idest
658 5327 725 5394 sine
757 5327 834 5408 line;
858 5325 1003 5396 leremiae
1038 5325 1186 5412 vigesimo
1221 5327 1330 5394 tertio:
1360 5351 1376 5384 a
1392 5327 1479 5400 Dabo,

424 5491 426 5494 .
523 5451 578 5504 ros
602 5433 632 5498 in
656 5431 862 5518 opprobrium
888 5429 1116 5516 sempiternum
1139 5437 1172 5498 et
1193 5429 1227 5498 in
1256 5432 1478 5498 contumeliam

1193 609 1385 678 COMMENT.
1409 609 1447 674 ΙΝ
1470 607 1688 674 statuariam
1710 607 1743 674 C.
1767 607 1816 674 lV.

1628 781 1792 866 Quoniam
1817 783 2002 870 disrumpet
2021 791 2080 852 etc.
2103 781 2155 848 Mic
2173 783 2313 868 tangitur
2333 803 2493 854 commen·
2509 793 2565 890 2ξὲ
2582 793 2649 890 ,Ἥξει

1535 889 1620 956 datio
1642 889 1800 966 iustarum
1830 887 1864 952 in
1886 889 2119 974 comparatione
2146 887 2317 974 impiorum
2347 901 2493 960 mortuo·
2507 857 2649 944 retirem-

1535 1015 1636 1074 rum‚·
1658 999 1691 1060 et
1719 991 1822 1078 primo
1845 993 1986 1076 tangitur
2014 993 2231 1082 separation
2259 1013 2415 1082 corpora·
2444 1013 2493 1064 se-

1537 1101 1657 1178 cundo,
1681 1097 1804 1166 anubin
1835 1101 2023 1166 amurato:
2058 1103 2098 1168 dt
2125 1097 2353 1178 commonebam
2383 1099 2493 1178 tertio,

1537 1205 1683 1272 eaelusio
1705 1223 1728 1268 u
1748 1201 1880 1290 pieria:
1904 1205 1944 1268 m
1966 1223 2070 1292 usque
2091 1205 2138 1272 ad
2159 1223 2345 1286 summum,
2369 1207 2419 1276 rel
2437 1225 2495 1272 su-

1534 1329 1708 1396 premum·
1732 1313 1864 1394 quarto,
1884 1307 2030 1376 detrusio
2048 1313 2082 1378 in
2093 1331 2256 1396 poenam:
2273 1313 2315 1378 m
2327 1319 2427 1380 eraut
2438 1331 2493 1398 pe-

1538 1421 1679 1492 mentes,·
1701 1413 1829 1498 quinto,
1853 1411 1964 1482 deletio
1988 1415 2030 1482 ab
2055 1415 2225 1484 bominum
2248 1417 2428 1484 numeria.-
2451 1421 2494 1484 m

1537 1519 1699 1586 numeria
1721 1537 1836 1584 carrum
1853 1519 1992 1604 peribit,
2016 1523 2066 1590 rel
2087 1523 2198 1604 periet.

1628 1625 1728 1712 (Vers.
1756 1623 1830 1706 ta).
1856 1625 2004 1712 Sequitur
2026 1627 2139 1712 igitur:
2159 1631 2323 1712 Quoniam
2346 1631 2493 1700 disrum-
2510 1635 2595 1682 nermo.

1534 1737 1590 1818 pet
1612 1737 1670 1798 etc.
1694 1729 1774 1810 Bene
1798 1727 1879 1810 dixi,
1902 1731 1988 1814 quod
2010 1739 2110 1798 erunt
2123 1733 2301 1802 decidentes
2322 1743 2397 1816 etc..
2414 1755 2493 1826 quo-

1538 1837 1633 1904 niam
1655 1835 1841 1922 disrumpet
1863 1835 1950 1916 illos,
1982 1863 1998 1896 ε
2012 1837 2130 1904 scilicet
2159 1837 2359 1922 Dominus»,
2381 1859 2493 1910 secun-

1538 1943 1614 2010 dum
1648 1943 1787 2012 Glossam
1805 1943 1833 2022 7;
1870 1941 1947 2010 Osee
1982 1941 2101 2010 decimo
2135 1943 2249 2010 tertio:
2278 1971 2294 2002 «
2310 1945 2493 2030 Dirumpam

1539 2051 1690 2119 interiora
1711 2049 1824 2118 iecoris
1850 2067 1962 2118 eorum
1979 2075 2009 2114 ».
2036 2047 2129 2128 Illos,
2165 2049 2310 2136 inquam,
2339 2051 2492 2136 influus,

1539 2161 1632 2224 rento
1655 2155 1836 2240 superbiam
1862 2155 1982 2242 primae
2003 2155 2042 2222 ad
2064 2153 2242 2226 Corinthios
2264 2155 2395 2242 quinto:
2425 2155 2493 2222 alit

1539 2281 1595 2330 ras
1617 2261 1714 2330 inflati
1745 2263 1836 2342 estis,
1861 2269 1890 2330 et
1922 2281 1985 2330 nou
2007 2261 2108 2348 magis
2138 2261 2259 2328 luctum
2291 2261 2443 2330 habuistis
2459 2289 2491 2328 n.

1541 2369 1618 2436 Siue
1649 2387 1740 2446 noce,
1768 2369 2010 2436 «excusationis
2027 2393 2061 2450 »3
2085 2367 2232 2434 Matthaei
2264 2367 2415 2452 vigesimo
2447 2381 2493 2434 se·

1540 2473 1660 2540 cundo:
1690 2477 1757 2540 «nt
1779 2473 1830 2542 ille
1854 2475 2012 2542 obmutuit
2027 2503 2058 2540 s.
2087 2477 2125 2540 m
2147 2473 2357 2542 commonebit
2377 2475 2450 2542 illos
2471 2493 2492 2540 a
2510 2481 2617 2528 senuna.

1540 2573 1791 2664 fundamentis‚·
1823 2579 1932 2646 Glossa
1946 2579 1981 2646 ⁸:
2021 2607 2037 2640 a
2060 2579 2184 2648 Evertet
2216 2581 2312 2648 uitam
2348 2581 2492 2660 illorum,

1541 2699 1635 2768 qnam
1667 2681 1808 2750 stabilem
1830 2699 1914 2750 esse
1937 2685 2089 2768 putabant
2111 2709 2146 2762 »3
2179 2687 2232 2754 lob
2262 2687 2412 2774 vigesimo
2444 2703 2493 2754 se-

1541 2785 1659 2854 cundo:
1688 2811 1704 2842 s
1729 2785 1788 2870 Qui
1819 2787 1932 2854 sublati
1964 2795 2039 2856 sunt
2060 2795 2131 2856 ante
2164 2797 2289 2875 tempus
2318 2809 2431 2872 suum,
2463 2797 2493 2858 et
2552 2791 2556 2798 '

1540 2891 1658 2960 fluvius
1679 2891 1832 2960 subvertit
1856 2893 2094 2966 fundamentum
2126 2913 2237 2962 eorum
2259 2923 2291 2962 n.
2320 2899 2362 2964 Et
2391 2917 2493 2986 usquc
2513 2903 2595 2950 retra.
2665 2939 2666 2942 =

1541 2999 1587 3064 od
1608 3017 1801 3086 secpremum
1817 2999 2064 3080 desolabuntur,
2081 2999 2113 3066 id
2135 2999 2232 3068 estin
2253 3007 2393 3082 tantum,
2411 3003 2493 3088 quod

1540 3105 1643 3172 locum
1667 3123 1851 3190 supremum
1883 3107 2041 3188 amittent,
2075 3107 2177 3176 idest
2210 3125 2312 3194 usque
2347 3109 2383 3176 ad
2416 3111 2492 3188 hoc,

1541 3211 1625 3296 quod
1646 3231 1665 3278 a
1688 3211 1871 3278 celsitudine
1893 3211 2010 3296 gloriae
2033 3211 2260 3294 excludentur,
2286 3215 2367 3282 sicut
2388 3215 2491 3282 fatuae

1540 3317 1695 3402 virgines,
1717 3317 1833 3402 quibus
1865 3317 1980 3404 legitur
2001 3317 2087 3404 quad
2114 3343 2130 3376 s
2154 3317 2259 3386 clausa
2282 3325 2330 3386 est
2352 3319 2445 3386 ianua
2462 3347 2493 3398 s,
2520 3305 2521 3308 ’

1540 3423 1684 3490 Matthaei
1708 3423 1857 3508 vigesimo
1879 3423 1990 3508 quinto
2006 3423 2028 3488 ⁹.
2062 3425 2103 3490 m
2123 3443 2227 3512 usque
2249 3427 2295 3492 acl
2324 3445 2493 3494 suutmum

1541 3529 1788 3608 desolabuntur,
1811 3527 1842 3594 id
1865 3537 1931 3610 est,
1954 3533 2140 3616 punientur,
2165 3551 2331 3618 quousque
2363 3533 2493 3600 reddant

1541 3635 1746 3722 quadrantem
1778 3635 2001 3716 novissimum,
2034 3637 2133 3705 idest
2165 3655 2297 3722 poenam
2319 3657 2377 3724 pro
2409 3639 2491 3706 omni

1539 3747 1684 3828 peccato,
1708 3747 1771 3808 tam
1796 3759 1908 3828 magno
1924 3761 2016 3828 quarn
2042 3743 2187 3824 minimo;
2204 3743 2350 3812 Matthaei
2367 3745 2491 3830 quinto:

1546 3873 1560 3906 (ε
1576 3849 1642 3914 Non
1667 3845 1753 3914 exies
1769 3847 1857 3926 inde,
1877 3847 1977 3916 donec
1992 3849 2103 3916 reddas
2117 3847 2320 3916 nouissimum
2337 3851 2493 3936 quadran-

1540 3959 1604 4020 tem
1619 3979 1649 4018 ».
1676 3953 1778 4018 Prima
1801 3959 1905 4020 nmen
1928 3953 2082 4040 expositio
2106 3953 2203 4040 magis
2228 3957 2394 4022 concordat
2419 3943 2505 4024 cum

1540 4057 1690 4124 divisione
1725 4057 1891 4142 praedicta.
1929 4061 1971 4124 m
1991 4065 2088 4124 erunt
2117 4067 2295 4144 pauentem
2325 4061 2431 4130 Glossa
2448 4061 2497 4154 ¹⁰:J
2513 4071 2601 4126 Quare·

1547 4189 1562 4222 a
1579 4163 1613 4228 ln
1635 4161 1756 4248 poenis;
1782 4161 1856 4248 qnia
1877 4163 1965 4230 nulla
1987 4163 2195 4232 consolatione
2226 4165 2450 4234 relevabuntur
2465 4193 2493 4232 t.

1465 4295 1471 4310 ·
1544 4269 1581 4334 nt
1597 4265 1759 4334 memorio
1776 4287 1911 4346 eorum,
1933 4287 1995 4334 non
2011 4287 2247 4354 quaecumque,
2264 4271 2317 4338 sed
2333 4271 2428 4340 felicis
2444 4267 2494 4340 re-
2514 4281 2602 4338 Quinto·

1542 4373 1742 4454 cordationis;
1762 4373 1884 4460 periet,
1910 4375 1993 4460 apud
2016 4375 2116 4442 Deum
2139 4383 2171 4442 et
2192 4377 2353 4460 homines,
2384 4397 2495 4446 secun-

1541 4479 1616 4546 dum
1639 4481 1717 4546 illud
1747 4481 1878 4546 Psalmi:
1910 4481 2053 4548 «Vultus
2076 4481 2199 4548 Domini
2231 4499 2326 4568 super
2350 4485 2495 4554 iacientes

1541 4584 1639 4662 mala,
1664 4591 1698 4650 ut
1723 4584 1832 4670 perdat
1856 4585 1893 4652 de
1918 4591 2002 4652 terra
2024 4587 2206 4653 memoriam
2230 4607 2382 4656 aarum».

1631 4691 1731 4772 (Vers.
1763 4691 1841 4772 22).
1879 4691 2007 4758 Venient
2043 4691 2183 4770 tandem,
2219 4693 2401 4766 sotheoth
2431 4691 2493 4762 tine
2514 4705 2565 4748 inm
2586 4707 2661 4758 auare

1541 4795 1667 4874 mundi;
1690 4793 1960 4886 uudeGlossa11:
1988 4823 2004 4856 s
2021 4795 2063 4862 Ad
2085 4795 2235 4874 iudicium
2251 4823 2287 4878 ε,
2310 4805 2387 4868 tunc
2410 4799 2490 4868 enim
2514 4763 2661 4866 ἷῧῗῖἶῖιῖῗθῖἷ

1541 4899 1579 4966 de
1603 4899 1725 4966 inferno
1740 4901 1881 4966 exibunt.
1908 4899 2054 4982 Venient,
2078 4901 2224 4988 inquam,
2248 4905 2285 4970 in
2300 4905 2495 4994 capitatione

1541 5013 1750 5090 peccatorum
1780 5027 1938 5086 suorum,
1972 5009 2169 5076 remordente
2204 5027 2256 5078 ees
2290 5013 2494 5092 conscientia,

1542 5111 1728 5192 liniendo
1760 5131 1860 5200 paena
1882 5113 2062 5196 inierenda;
2088 5115 2169 5184 inira
2195 5117 2332 5204 capitulo
2365 5119 2493 5204 quinto:

1547 5219 1724 5286 «videntes
1746 5219 1962 5304 tnrbabuntur
1978 5221 2090 5288 timore
2111 5223 2254 5290 horribili
2269 5251 2298 5290 t.
2316 5229 2356 5290 Et
2379 5225 2496 5294 tradu-

1542 5331 1611 5392 cent
1634 5325 1725 5402 ittos;
1748 5325 1856 5392 Glossa
1868 5327 1913 5392 13ε
1934 5353 1950 5386 «
1963 5329 1995 5394 ln
2015 5329 2117 5414 ignem
2135 5339 2297 5396 aeternum
2314 5357 2349 5410 »3
2372 5351 2413 5398 ec
2435 5333 2495 5398 ad·

1541 5451 1651 5510 ncrs0;
1673 5431 1797 5499 Glossa:
1826 5459 1842 5492 «
1858 5435 2045 5504 accusantes
2066 5453 2120 5502 eos
2137 5461 2168 5516 n,
2192 5435 2274 5503 sicut
2295 5437 2495 5504 adversarius

524 5539 762 5624 sempiternam,
787 5555 868 5622 quae
889 5555 1053 5622 nunqnam
1077 5535 1233 5606 oblivione
1254 5537 1411 5604 delebitur
1424 5563 1454 5602 t.
1507 5541 1511 5620 t
1541 5543 1668 5606 accusat
1688 5537 1904 5606 aduersarium
1922 5557 2034 5624 suam;
2057 5539 2246 5628 iniquitates
2271 5541 2439 5626 ipsorum,
2465 5543 2495 5608 id

596 5881 606 5912 ¹
627 5883 729 5936 Scilicet
746 5881 936 5936 interlinearis.
953 5911 990 5918 -
1009 5881 1130 5948 Sequitur
1148 5885 1231 5948 Apoc.
1250 5885 1280 5948 2,
1300 5883 1344 5934 2ῖ.

595 5969 606 6002 ²
619 5971 687 6024 llaec
694 5975 720 6024 et
726 5971 877 6036 seminasse
886 5975 926 6024 est
935 5967 1123 6024 interlinearis.
1131 5999 1167 6008 -
1175 5969 1297 6036 Sequitur
1303 5969 1379 6022 Eecli.
1388 5971 1397 6020 t
1406 5969 1429 6036 t,
1437 5973 1481 6022 22.

596 6055 606 6088 ³
624 6059 725 6124 Nempe
743 6057 960 6112 interlinearem:
986 6059 1087 6122 «Quod
1106 6057 1201 6110 scilicet
1220 6057 1251 6110 sit
1274 6059 1383 6110 daturus
1403 6059 1426 6110 ei
1445 6059 1482 6110 vi·

525 6157 578 6204 tam
594 6151 726 6200 aeternam
739 6167 750 6194 t
761 6163 767 6212 ;
780 6161 837 6212 seq.
850 6147 939 6200 Glossa
957 6143 1035 6198 etiarn
1054 6149 1094 6198 est
1111 6143 1300 6200 interlinearis.
1313 6171 1350 6182 -
1362 6143 1482 6196 Subinde

526 6239 670 6300 allegantur
688 6235 764 6288 Drnr.
783 6235 831 6298 28,
851 6233 883 6296 53
904 6235 969 6298 Eph.
986 6233 1015 6296 6,
1037 6233 1079 6284 lb.
1098 6238 1123 6285 et
1143 6233 1184 6284 tt.

596 6319 609 6350 ⁴
626 6323 729 6376 Scilicet
746 6319 933 6376 interlinearis.
953 6321 1062 6374 -Duo
1082 6335 1157 6388 seqq.
1175 6321 1224 6374 leci
1243 6325 1304 6374 sunt
1321 6319 1384 6386 Sap.
1403 6319 1433 6382 b,
1454 6319 1479 6372 3.

527 6419 552 6464 et
570 6409 615 6464 lob
635 6413 683 6480 ῖ2,
702 6411 728 6464 t.

597 6495 727 6566 ⁵Nempe
749 6497 939 6554 interlinearis.
958 6525 993 6538 -
1010 6501 1161 6566 Sequuntur
1184 6499 1224 6552 Ps.
1250 6501 1281 6566 2,
1307 6497 1332 6550 t.
1356 6501 1381 6550 et
1406 6497 1482 6550 Pron.

529 6587 552 6652 t,
570 6585 614 6638 26.
630 6615 668 6624 —-
686 6589 704 6638 E
723 6587 801 6642 codd.
819 6587 1000 6652 supplevimus
1019 6587 1074 6644 Nec
1092 6585 1208 6642 solum...
1226 6585 1325 6642 ridebo.

596 6669 608 6700 ⁶
626 6675 720 6728 Psatm.
734 6675 783 6740 36,
796 6677 820 6728 2.
833 6703 867 6716 -
884 6675 1002 6728 Subinde
1020 6677 1164 6740 allegantur
1181 6677 1272 6728 Glossa
1291 6669 1481 6736 initulincaris,

527 6763 552 6810 et
575 6759 621 6810 ler.
647 6761 693 6824 23,
721 6761 768 6826 til,
794 6761 839 6814 nbi
866 6777 915 6828 pro
941 6761 1130 6818 contumatiam
1159 6761 1351 6830 sempiternam
1369 6761 1482 6824 Vulgata

527 6843 705 6914 ipnominiom
724 6851 870 6902 aeternam.

599 6927 608 6958 a
629 6933 729 6984 Scilicet
752 6933 960 6990 interlinearem.
984 6935 1125 6988 Rabanusz
1151 6935 1306 7006 Disrnrmpel
1331 6937 1401 6990 enim
1427 6935 1483 6988 illos

1544 5885 1670 5936 Dominus
1694 5883 1818 5948 superbia
1843 5883 1960 5950 inflatos,
1979 5883 2035 5938 sine
2058 5897 2120 5936 uoce
2145 5885 2330 5950 excissationis,
2349 5889 2381 5942 ita
2402 5895 2430 5942 nt
2449 5889 2499 5942 sint

1545 5975 1607 6022 tnnc
1630 5983 1678 6034 per
1703 5969 1790 6022 omnia
1814 5969 1999 6024 inexcusabiles
2019 5977 2067 6024 ete.
2086 5999 2120 6010 -
2141 5973 2289 6040 Sequuntur
2312 5977 2378 6030 Osee
2398 5979 2445 6044 ta,
2465 5979 2478 6028 8
2489 5999 2497 6042 ;

1544 6059 1562 6108 l.
1580 6055 1640 6110 Cor.
1660 6059 1689 6120 ὅ,
1709 6059 1734 6110 2.
1754 6059 1953 6126 allelluia,
1974 6059 2016 6110 m.

1614 6139 1626 6172 ⁸
1645 6147 1745 6210 Nempe
1763 6143 1954 6200 interlinearis.
1972 6175 2007 6184 -
2026 6149 2086 6216 Seq.
2104 6149 2176 6202 locus
2195 6157 2233 6204 est
2251 6151 2297 6206 leb
2317 6155 2364 6216 22,
2386 6155 2426 6206 lb.

1609 6227 1626 6278 1*ἲ
1646 6233 1719 6286 Vers.
1739 6233 1788 6296 tc;
1806 6233 1869 6286 ibid.
1889 6235 1919 6298 b,
1938 6237 1981 6288 26.
2001 6241 2040 6290 θεῖ
2057 6251 2113 6304 seq.
2133 6239 2215 6292 locus.

1615 6317 1638 6350 ²⁰
1655 6323 1755 6386 Nempe
1774 6321 1963 6390 interlinearis,
1976 6337 2007 6378 ex
2019 6323 2137 6380 liubane.
2149 6357 2183 6366 -
2198 6329 2320 6396 Sequitur
2339 6329 2381 6382 Ps.
2393 6329 2442 6394 33,
2456 6327 2498 6380 tt.
2570 6313 2571 6316 ¹

1616 6407 1638 6438 ²¹
1659 6409 1759 6464 Scilicet
1778 6409 1966 6466 interlinearis.
1984 6413 2120 6468 Rabanns:
2135 6419 2162 6488 ln
2179 6415 2304 6470 iudicium
2319 6431 2383 6482 ergo
2396 6413 2501 6470 acuunt

1546 6495 1618 6560 intpit
1645 6499 1797 6552 conscientia
1812 6503 1988 6568 peccatorum
2015 6517 2129 6560 suorum
2157 6503 2256 6572 timidi,
2281 6505 2343 6572 qnia
2370 6505 2499 6570 cogitatus

1545 6597 1638 6638 eorum
1657 6593 1780 6640 accusant
1796 6603 1843 6642 eos
1860 6593 1910 6642 ete.
1928 6617 1964 6632 -
1982 6591 2098 6644 Subinde
2115 6593 2241 6656 allegatur
2261 6595 2322 6658 Sap.
2340 6593 2370 6660 5,
2391 6595 2415 6646 2.

1616 6671 1639 6702 ¹²
1658 6677 1727 6728 Haec
1744 6679 1771 6728 et
1789 6689 1843 6744 seq.
1862 6677 2009 6732 Glossa'est
2027 6677 2216 6742 interlinearis.
2228 6707 2265 6720 ·-
2278 6683 2334 6734 Dno
2356 6695 2430 6748 seqq.
2450 6679 2497 6734 loci

1546 6767 1605 6812 sunt
1622 6765 1670 6814 ler.
1688 6765 1719 6830 2,
1739 6765 1782 6818 ta.
1799 6771 1825 6818 et
1843 6767 1920 6818 Rom.
1939 6771 1969 6836 2,
1988 6769 2031 6822 l5.
2048 6783 2111 6836 seq,
2125 6767 2169 6820 nbi
2190 6769 2224 6822 de
2243 6769 2382 6834 gentibue,
2401 6771 2445 6836 qni
2465 6769 2499 6820 le·

1547 6863 1608 6912 gem
1625 6851 1773 6902 naturalem¹
1794 6853 1909 6908 habent:
1927 6857 1992 6908 inter
2018 6871 2046 6910 se
2071 6857 2182 6908 invicem
2208 6855 2407 6920 cogitationibus
2425 6869 2500 6908 accu-

1546 6935 1671 7000 santibus,
1685 6941 1818 6992 autetiam
1835 6941 2034 6998 defendentibus
2046 6945 2074 6996 in
2087 6943 2138 7006 die,
2157 6957 2217 6996 cum
2230 6943 2355 6998 iudicabit
2367 6945 2437 6998 Deus
2449 6947 2499 6996 etc.
