5900 8266
521 625 565 692 at
1178 617 1370 686 contulit.
1395 619 1433 686 ΙΝ
1454 617 1722 684 scettsttstslt
1737 619 1775 684 C.
1801 617 1833 684 Η.

521 817 635 888 sapere
653 805 702 868 est
723 799 756 866 in
779 795 871 864 honis
892 801 924 862 et
945 795 1053 874 malis,
1076 793 1138 880 qui¹
1154 793 1272 862 hahent
1286 793 1479 862 intellectum

520 897 732 974 illuminatum
755 901 794 970 ad
817 901 985 968 ridendum
1007 899 1107 966 multa
1123 915 1197 966 uera
1211 897 1251 964 de
1264 897 1330 964 Deo
1345 903 1378 966 et
1391 915 1479 966 crea-

521 1011 624 1090 turis;
652 1007 792 1076 secundo
822 1003 914 1072 modo
944 1009 1067 1072 tantum
1095 1009 1143 1072 est
1174 1003 1205 1072 in
1240 1005 1338 1072 honis.
1376 1005 1479 1072 Primo

369 1145 372 1160 τ
412 1159 426 1202 4
460 1167 462 1172 .
521 1115 615 1184 modo
637 1111 867 1200 perseuerauit,
898 1111 972 1198 qula
1002 1109 1237 1198 intelligentiam
1262 1131 1326 1180 non
1353 1113 1476 1192 amisit;

459 1207 461 1212 ’
521 1219 658 1288 meando
689 1219 780 1284 modo
808 1217 924 1296 amisit,
956 1233 1027 1284 eum
1059 1219 1198 1304 peccavit
1228 1223 1259 1286 et
1287 1219 1404 1288 stultus
1434 1219 1478 1284 i·

522 1333 591 1394 otus
614 1331 670 1392 est.
1373 1365 1374 1368 ,

610 1429 657 1496 IV.
683 1429 852 1514 Quaeritur
875 1429 927 1498 hic
948 1429 989 1498 de
1010 1431 1068 1498 boo
1091 1431 1177 1518 quod
1198 1433 1294 1500 dicit:
1326 1433 1368 1498 Et
1391 1429 1479 1498 bono

521 1543 621 1602 ratas
642 1551 718 1600 saera
738 1541 871 1620 partem
892 1555 1019 1616 meant,
1043 1537 1074 1604 si
1096 1543 1206 1604 uterer
1231 1537 1340 1604 labore
1364 1555 1443 1602 meo.

521 1687 522 1690 ,
554 1681 558 1688 -
614 1643 640 1706 l.
665 1639 748 1726 Ergo
768 1639 910 1722 ridetur,
936 1643 1018 1728 quod
1042 1645 1185 1710 Salomon
1216 1643 1313 1710 itterit
1338 1643 1378 1708 de
1408 1659 1478 1708 sen-

522 1747 619 1814 tentia
640 1747 884 1832 Epicureorum,
907 1747 961 1836 qui
987 1767 1049 1816 non
1071 1755 1211 1834 ponunt,
1228 1747 1314 1816 aliud
1328 1747 1478 1832 gaudium

521 1871 588 1920 esse
612 1853 671 1920 nisi
694 1853 726 1920 in
749 1851 927 1940 praesentm'
949 1861 981 1922 et
1003 1855 1062 1924 hoc
1085 1861 1141 1924 est
1156 1853 1361 1930 haereticum.

611 1963 640 2026 2.
666 1959 757 2042 Item,
773 1959 801 2026 si
815 1961 882 2046 ipse
902 1959 963 2026 luit
986 1961 1109 2044 sapiens
1130 1965 1163 2036 et
1181 1957 1356 2042 intelligens
1371 1961 1402 2022 et
1418 1955 1478 2020 hoc

472 2101 473 2104 π
521 2063 646 2150 posuit:
671 2083 746 2150 ergo
768 2065 1051 2150 praesumendum,
1073 2061 1159 2148 quod
1182 2063 1242 2128 hoo
1257 2063 1339 2128 esset
1355 2073 1476 2124 verum.

612 2171 812 2258 Respondeo:
842 2169 1026 2248 dicendum,
1058 2167 1142 2254 quod
1173 2167 1292 2248 duplex
1322 2167 1370 2230 est
1395 2161 1478 2228 iudi-

365 2287 502 2386 ddittridffi
521 2275 606 2344 oium
622 2277 658 2342 in'
670 2275 781 2344 nohis:
806 2273 960 2362 quoddam
976 2271 1119 2340 rationis
1133 2269 1344 2336 deliberantis
1359 2273 1389 2334 et
1403 2287 1478 2332 cora

471 2433 474 2438 .
506 2373 675 2468 'smentis,
692 2381 848 2466 quoddam
865 2377 1111 2446 aestimationis.
1125 2375 1217 2452 Dico,
1235 2373 1318 2458 quod
1334 2371 1477 2438 Salomon

521 2485 636 2554 iudicio
659 2485 789 2552 rationis
812 2481 1020 2552 deliberantis·
1043 2477 1292 2570 eteonserentis
1313 2495 1478 2562 uunquam

521 2591 580 2656 hoc
604 2595 693 2658 ratus
722 2596 769 2657 est
801 2605 858 2656 nec
884 2587 944 2654 luit
966 2585 1057 2652 istius
1079 2581 1266 2662 sententiae,
1296 2581 1350 2650 sed
1363 2659 1365 2664 ,
1380 2583 1478 2650 solius

449 2769 450 2772 Ἴ
521 2695 771 2774 aestimationis,
790 2695 872 2762 sicut
885 2689 987 2758 omnis
1001 2695 1145 2776 peccator
1157 2689 1318 2770 aestimat,
1334 2689 1393 2756 sibi
1410 2707 1478 2756 esse

519 2803 638 2868 honeun
660 2817 811 2886 peccare;
834 2797 919 2866 unde
941 2801 1074 2862 nonest
1096 2795 1138 2862 ihi
1163 2813 1253 2862 error
1268 2795 1476 2874 infidelitatis,

521 2905 575 2974 sed
596 2905 702 2992 potius
725 2921 815 2972 error
836 2901 1020 2970 deviationis
1043 2919 1063 2966 a
1083 2899 1176 2968 hono.
1203 2899 1348 2986 Epicurei
1371 2907 1479 2968 autem

521 3031 583 3078 non
608 3011 709 3078 solum
732 3011 792 3076 hoc
821 3007 1002 3086 aestimant,
1025 3007 1122 3074 immo
1144 3007 1405 3072 certitudinaliter
1428 3025 1477 3074 as-

521 3117 661 3196 serunt,
680 3133 743 3180 non
764 3131 832 3196 esse
856 3113 941 3180 aliud
962 3113 1100 3190 bonum3
1124 3117 1155 3178 et
1178 3111 1246 3178 ideo
1269 3117 1344 3178 sunt
1367 3111 1478 3178 haere-

464 3295 466 3300 ,
521 3221 573 3288 tici
596 3225 628 3286 et
650 3219 801 3286 infideles.

611 3329 639 3392 i.
665 3325 755 3410 Quod
776 3323 898 3404 oblinit,
923 3323 1007 3410 quod
1030 3323 1152 3408 sapiens
1184 3329 1259 3404 etc.;
1292 3323 1476 3404 dicendum,

371 3449 451 3524 serpae
464 3461 503 3504 op
521 3431 616 3520 quod,
629 3431 686 3498 etsi
701 3429 824 3518 sapiens
836 3429 948 3510 luerit,
965 3437 1068 3496 tamen
1081 3431 1114 3497 ln
1126 3431 1186 3496 hoc
1197 3429 1380 3516 insipienter
1396 3429 1475 3514 egit,

373 3505 498 3556 ‘mmmm'
520 3543 553 3604 et
573 3535 642 3604 ideo
666 3555 729 3602 non
758 3541 806 3602 est
834 3535 1020 3616 imitandum
1046 3535 1137 3614 siout
1153 3535 1251 3602 Dauid
1274 3535 1376 3602 honus
1398 3535 1475 3616 luit,

521 3649 709 3710 tamennon
733 3641 917 3722 benefecit,
934 3657 1005 3706 cum
1030 3641 1134 3708 Uriam
1159 3641 1232 3708 fecit
1253 3639 1394 3720 occidi2;
1420 3657 1477 3708 nec

520 3747 580 3814 hoo
604 3745 680 3814 dicit
700 3747 740 3814 ad
761 3745 963 3826 imitandum,
989 3745 1043 3814 sed
1064 3745 1105 3812 ad
1127 3745 1430 3832 reprehendendum.

520 3955 657 4028 Secundo
680 3955 883 4048 reprehendit
905 3973 995 4028 suam
1016 3955 1233 4028 curiositatem
1256 3955 1293 4026 oh
1312 3955 1476 4028 iuuentam

609 4060 804 4150 uanitatem,
833 4081 913 4154 quae
942 4059 1086 4132 consistit
1113 4059 1146 4132 in
1170 4059 1410 4150 mutabilitate,
1442 4061 1476 4132 et

608 4165 707 4258 primo
730 4165 933 4258 reprehendit
954 4185 1023 4238 eam
1048 4165 1251 4258 generaliter.

611 4381 755 4468 Curtaque
786 4401 836 4448 rae
866 4381 1104 4448 conuertissem.
1135 4379 1204 4466 Egit
1232 4381 1389 4468 saprade
1417 4397 1476 4446 sua

411 4485 720 4566 divasterinensem,
752 4487 804 4552 hic
825 4483 1031 4570 reprebendit
1052 4503 1121 4552 eam
1143 4487 1185 4552 ob
1206 4487 1365 4554 inventam
1386 4485 1475 4554 vani-

518 4595 630 4672 tatem,
663 4609 744 4676 quae
770 4591 910 4658 consistit
932 4591 965 4656 in
988 4591 1203 4662 mutabilitate.
1237 4591 1272 4656 Et
1300 4591 1377 4658 haec
1400 4609 1474 4676 pars

518 4697 614 4764 habet
635 4697 735 4764 duas:
758 4695 832 4782 quia
856 4695 957 4780 primo
980 4713 1038 4762 sua
1052 4713 1148 4780 opera
1163 4695 1288 4762 curiosa
1301 4697 1475 4780 reprehen-

518 4801 799 4888 digereretur,
827 4801 963 4868 secundo
989 4799 1192 4886 specialiter,
1222 4801 1287 4866 ihi:
1317 4799 1476 4866 Transicc'

518 4909 564 4976 od
587 4907 880 4992 contemplandam..

608 5015 708 5100 (Vers.
737 5013 810 5096 ti).
827 5011 945 5078 invenit
968 5011 1064 5098 igitur
1088 5011 1255 5078 uanitatem
1280 5017 1311 5080 et
1332 5011 1475 5078 afflictio-

353 5135 504 5202 uxpopnem-
517 5139 589 5188 nem
613 5121 644 5188 in
668 5119 832 5206 operibus,
857 5135 937 5204 quae
959 5119 1074 5184 iecerat
1098 5117 1238 5196 curiose,
1260 5121 1390 5202 propter
1406 5117 1475 5184 dili-

354 5189 504 5298 {erimar
517 5231 639 5312 gentem
675 5223 974 5304 considerationem3
1008 5223 1050 5290 oh
1084 5239 1180 5308 quam
1216 5239 1343 5290 oausam
1376 5221 1473 5290 dicit:

519 5331 665 5420 Curaque
686 5349 738 5398 me
759 5329 987 5398 eminentiorem
1009 5329 1055 5394 act
1077 5327 1237 5394 anioersa
1252 5347 1373 5412 opera,
1389 5345 1475 5416 quae

421 5491 422 5496 ,
517 5437 930 5524 fecerantntannsnaene,
954 5433 1069 5514 idest,
1094 5433 1257 5520 diligenter
1282 5433 1474 5502 consideras-

518 5559 602 5622 sem,
635 5541 810 5608 secundum
843 5541 921 5608 illud
953 5539 1089 5626 Apostoli
1121 5541 1163 5608 ad
1188 5539 1311 5608 Galatas
1335 5539 1473 5608 sextat:

523 5675 540 5708 «
554 5647 640 5734 Opus
671 5653 776 5716 autern
808 5665 903 5716 suum
931 5646 1044 5734 probet
1073 5647 1293 5734 unusquisque
1308 5673 1340 5714 a.
1367 5649 1407 5714 nt
1428 5647 1476 5714 od

518 5751 664 5832 labores,
695 5753 732 5820 t'n
760 5753 880 5842 quibas
910 5749 1046 5838 bactro
1067 5753 1290 5832 uastauerant,
1313 5753 1383 5818 ideo
1406 5753 1474 5820 fru-

517 5863 600 5940 stra,
624 5859 698 5944 quia
721 5877 783 5926 non
806 5863 934 5945 propter
957 5859 1057 5926 Deum
1080 5861 1214 5938 lecerat,
1229 5863 1260 5924 et
1280 5857 1350 5924 ideo
1372 5857 1406 5924 in
1421 5877 1475 5924 va-

516 5983 594 6030 num
617 5965 828 6046 laboraveram
855 5965 1028 6050 Sapientiae
1052 5965 1166 6030 tertio:
1188 5965 1326 6030 «Vacua
1341 5969 1388 6030 est
1404 5981 1475 6048 spes

516 6067 661 6148 illorum,
685 6077 717 6136 et
738 6071 826 6138 lahor
850 6071 915 6136 sine
931 6071 1038 6138 fructu
1053 6095 1084 6136 ».
1108 6067 1182 6134 Vidi
1196 6067 1233 6134 in
1247 6065 1401 6134 omnibns
1415 6085 1475 6136 ua-

516 6177 653 6240 nitatem
677 6183 705 6242 et
727 6175 936 6262 afflictionem
960 6175 1120 6262 spartana,
1137 6183 1167 6240 et
1181 6171 1266 6240 nibet
1278 6191 1475 6258 permonere

588 6549 597 6580 ¹
616 6551 669 6604 cu.
686 6555 714 6606 ll.
733 6557 798 6616 Reg.
818 6557 861 6620 ll,
875 6557 915 6610 tt.
935 6571 1008 6624 seqq.

587 6635 690 6692 ²Vers.
719 6643 742 6694 t.
763 6671 798 6682 -
821 6645 942 6710 Sequitur
967 6647 1029 6712 Sap.
1052 6647 1067 6698 3
1079 6685 1087 6712 ,
1113 6649 1157 6700 ll.
1180 6649 1230 6700 Pro
1256 6645 1334 6700 labor
1358 6647 1471 6712 Vulgata

517 6721 628 6778 labores.
1371 6733 1372 6736 ’

586 6805 598 6838 ³
617 6811 690 6890 Vers.
712 6813 759 6864 te:
780 6813 941 6868 substantiae
954 6819 1109 6872 iniustorum
1127 6823 1194 6874 sieut
1213 6829 1260 6874 etc.
1274 6851 1308 6862 ·-
1322 6825 1472 6890 Sequuntur

516 6901 534 6952 l.
553 6901 621 6952 toan.
641 6901 672 6966 2,
691 6899 733 6952 tt.
752 6907 778 6952 et
796 6903 872 6956 Prov.
891 6907 937 6970 st,
958 6907 1002 6958 30:
1023 6907 1107 6960 Fallax
1126 6911 1210 6972 gratia
1229 6915 1254 6962 et
1274 6925 1341 6964 arana
1359 6917 1409 6964 etc.

1541 793 1602 860 snb
1625 793 1708 874 sote·
1732 793 1801 862 ideo
1822 799 1914 862 erant
1935 811 2026 862 oona
2050 797 2079 860 et
2104 791 2283 878 affliettoo,
2306 791 2380 876 quia
2402 793 2497 858 insta-

1541 901 1625 970 bilia.
1648 901 1691 968 Eo
1713 901 1797 968 enim
1820 901 1904 988 quod
1928 919 1991 968 non
2011 903 2215 986 pennanent,
2240 901 2313 964 sunt
2335 915 2443 976 uana·
2459 913 2496 964 eo

1543 1007 1627 1092 quod
1647 1005 1837 1074 amittuntur
1862 1013 1891 1074 et
1915 1025 1977 1072 non
1999 1007 2196 1090 permanent,
2222 1005 2296 1070 sunt
2317 999 2496 1086 afflietiva3

1542 1111 1746 1180 Ecclesiastlci
1764 1111 2003 1198 quadragesimo
2015 1111 2050 1178 ³:
2078 1137 2096 1170 «
2111 1105 2307 1178 substantae
2328 1105 2496 1190 impiorum

1543 1219 1624 1288 sicut
1644 1219 1762 1286 durius
1778 1219 1998 1298 siccabuntur,
2014 1217 2141 1284 et-sicut
2158 1213 2332 1282 tonitruum
2348 1229 2496 1298 magnum

1542 1325 1574 1390 in
1585 1325 1692 1410 pluvia
1702 1323 1918 1408 personabunt
1931 1345 1962 1402 »ς
1976 1321 2058 1390 unde
2070 1323 2190 1408 primae
2206 1319 2326 1388 loannis
2343 1315 2496 1386 secundo:

1548 1429 1702 1496 «Transit
1732 1429 1869 1494 mundus
1891 1435 1924 1494 et
1937 1427 2195 1512 concupiscentia
2219 1427 2286 1492 eius
2301 1449 2331 1506 »3
2357 1429 2388 1492 et
2411 1423 2495 1492 ideo:

1548 1535 1685 1600 «Fallax
1706 1539 1755 1600 est
1777 1531 1845 1598 eius
1868 1531 1985 1616 gratia,
2007 1536 2040 1598 et
2062 1549 2141 1598 rana
2165 1537 2211 1598 est
2234 1531 2461 1616 pulcritudo».

1542 1723 1656 1778 Secundo
1674 1719 1837 1792 reprehendit
1856 1734 1929 1774 suana
1952 1717 2131 1774 curiositatem
2156 1719 2317 1792 specialiter,
2338 1723 2364 1776 et
2381 1723 2428 1778 hee
2446 1723 2496 1778 du·

1611 1805 1734 1878 pliciterr
1758 1805 1855 1878 primo,
1880 1805 1962 1876 quoad
1987 1805 2103 1860 studium
2123 1807 2271 1864 ordinatum
2290 1807 2321 1864 ed
2341 1809 2495 1880 sapientiam

1613 1891 1774 1966 quadruplici
1793 1891 1902 1948 ratione.

1637 2053 1797 2120 Transiui
1823 2053 1871 2120 od
1900 2053 2193 2140 contemplandam.
2226 2053 2279 2122 Hic
2303 2053 2340 2122 in
2360 2055 2496 2142 speciali
2515 2069 2606 2114 Divisio-

1541 2159 1675 2226 ostendit
1703 2159 1737 2224 in
1767 2161 1833 2227 suis
1864 2161 2011 2244 operibus
2042 2161 2231 2242 raniatem3
2261 2167 2294 2228 et
2323 2160 2493 2230 dividitur:

1541 2265 1616 2350 quia
1641 2265 1746 2350 primo
1777 2267 1911 2334 ostendit
1941 2269 2109 2334 vanitatem
2138 2269 2171 2334 in
2198 2267 2347 2354 operibus
2368 2269 2433 2336 siue
2463 2269 2495 2334 in

1541 2369 1643 2438 studio
1674 2371 1815 2440 ordinato
1838 2372 2123 2458 adsentantium·
2155 2373 2305 2454 secundo,
2337 2373 2368 2440 in
2393 2373 2521 2440 studio

1541 2475 1683 2544 ordinato
1712 2475 1752 2542 ad
1782 2477 1999 2564 opabntiam,
2033 2481 2204 2548 secundum
2233 2479 2369 2566 duplicia
2399 2497 2494 2564 opera

1541 2583 1731 2650 curiositatis
1759 2583 2082 2668 praedeterminatat,
2115 2593 2145 2654 et
2176 2587 2236 2654 hoc
2266 2587 2330 2654 ihi:
2363 2587 2494 2654 Rursus

1541 2689 1715 2754 detestatas
1737 2707 1814 2756 sum
1837 2707 1965 2756 omnem
1987 2689 2200 2758 industriam.

1616 2795 1732 2862 ¹Primo
1754 2795 1851 2880 igitur
1872 2797 2034 2884 redarguit
2056 2815 2145 2864 suam
2169 2799 2380 2866 curiositatem
2411 2799 2493 2866 circa
2507 2809 2602 2906 &Cirr
2614 2813 2660 2904 dul

1541 2899 1680 2968 studium
1701 2899 1871 2986 sapientiae
1893 2903 1953 2968 hoc
1976 2903 2106 2970 ordine:
2132 2903 2236 2988 primo
2258 2905 2397 2970 insinuat
2419 2923 2493 2972 suae
2509 2873 2664 3012 effide&

1541 3005 1796 3074 considerationis
1817 3007 2047 3094 diligentiam
2069 3007 2206 3076 secundo
2229 3007 2332 3076 innuit
2348 2981 2523 3094 sapientisp
2596 2999 2601 3010 '

1540 3113 1578 3178 ad
1603 3113 1735 3180 stultum
1757 3119 1948 3198 compertam
1970 3115 2265 3200 praeeminentiam
2277 3137 2289 3192 ;
2311 3113 2421 3194 tertio,
2444 3113 2493 3180 ul-

1541 3217 1639 3286 terius
1674 3217 1831 3286 inventam
1866 3219 2182 3308 aequiparandam
2206 3225 2337 3304 quarto,
2359 3237 2402 3286 ex
2433 3220 2493 3286 hoc

1541 3323 1696 3392 concludit
1730 3323 1910 3390 nouitatem
1943 3329 1975 3390 et
2007 3323 2289 3410 reprehensionem
2321 3325 2493 3394 secundum

1541 3429 1818 3496 considerationem
1842 3429 2001 3514 propriam
2014 3431 2037 3496 ⁵.

1628 3535 1728 3620 (Vers.
1756 3535 1819 3616 la.)
1846 3535 1947 3602 Primo
1971 3535 2066 3622 igitur
2096 3535 2196 3604 innuit
2221 3555 2295 3604 suae
2318 3539 2658 3646 COUSldflffl·E¹t’,Qattg’¹t·

1540 3641 1631 3708 tionis
1646 3641 1899 3730 diligentiamin
1922 3641 2142 3726 pertractando
2165 3661 2218 3724 ea,
2240 3643 2274 3712 in
2297 3645 2412 3730 quihus
2426 3653 2493 3714 stu·
2514 3655 2550 3700 De
2563 3633 2642 3710 priuo-

1539 3745 1662 3814 duerat.
1684 3747 1814 3832 Propter
1838 3749 1896 3814 hoc
1919 3745 2013 3814 dicit:
2044 3749 2200 3814 Transioi
2216 3749 2261 3814 oct
2276 3751 2493 3838 contemplan-

1539 3849 1619 3920 dam
1640 3853 1859 3940 sapientiam,
1882 3859 2039 3940 quantum
2054 3853 2094 3920 ad
2108 3853 2280 3940 eligenda5
2302 3875 2493 3944 erroresque

1538 3963 1567 4024 et
1589 3957 1782 4038 stultitiam,
1813 3965 1967 4044 quantum
1996 3959 2037 4024 ad
2058 3959 2208 4026 uitanda.
2240 3961 2415 4040 Tronaior',
2445 3961 2492 4028 in·

1538 4081 1644 4149 quam,
1657 4065 1860 4150 auolaptate3
1872 4063 1956 4132 unde
1969 4065 2171 4132 Ecclesiastioi
2186 4065 2337 4152 vigesimo
2348 4067 2491 4152 quartat

1544 4195 1560 4228 «
1576 4171 1719 4238 Transito
1740 4171 1780 4238 ad
1802 4189 1853 4238 me
1868 4187 1990 4252 omnes,
2006 4171 2061 4259 qui
2078 4171 2297 4258 concupiscitis
2312 4189 2361 4240 me
2377 4199 2393 4232 >2
2414 4177 2490 4252 etc.;

1538 4275 1593 4342 sed
1615 4277 1686 4344 licet
1702 4283 1785 4344 esset
1805 4277 1838 4342 ln
1862 4279 1899 4342 eo
1923 4277 2111 4364 diligentia,
2135 4297 2197 4344 uon
2219 4283 2322 4344 mmen
2338 4285 2406 4344 erat
2419 4275 2491 4366 saf-

1537 4381 1681 4468 licientia
1692 4405 1704 4462 ;
1736 4383 1819 4450 unde
1847 4383 1974 4452 subdit:
2000 4385 2088 4468 Quid
2110 4393 2172 4464 est,
2197 4385 2354 4474 inquam,
2378 4381 2490 4464 borno,

1537 4493 1575 4554 at
1597 4489 1689 4576 sequi
1706 4489 1812 4576 possit
1834 4491 1970 4576 Repem,
1991 4487 2155 4576 sartorem
2176 4489 2305 4558 suana?
2330 4491 2422 4576 Quasi
2446 4491 2492 4558 di-

1538 4597 1607 4658 cat:
1629 4591 1821 4660 insufficiens
1846 4601 1892 4660 est
1915 4593 1953 4660 ad
1977 4591 2235 4660 considerandum
2267 4601 2297 4660 et
2324 4593 2492 4662 ridendum

1537 4715 1617 4782 quae
1639 4697 1791 4764 hominus
1805 4697 1974 4782 praevidet.
1992 4699 2082 4780 Quid
2096 4705 2140 4764 est
2156 4693 2274 4764 bomo?
2289 4699 2377 4786 quasi
2393 4701 2490 4768 dicat:

1537 4819 1671 4888 parvum
1686 4809 1719 4870 et
1733 4803 1941 4884 insufficiens3
1968 4805 2150 4872 Psalmus⁷2
2179 4805 2288 4888 «Quid
2309 4811 2356 4872 est
2379 4807 2490 4888 homo,
2594 4811 2595 4814 ’

1537 4907 1621 4992 quod
1645 4925 1765 4974 memor
1789 4927 1821 4976 es
1845 4909 1913 4976 eius
1927 4917 1965 4976 »t
1993 4909 2034 4976 tlt
2054 4911 2150 4998 sequi
2165 4911 2272 4996 possit
2287 4911 2457 5000 degens
2478 4951 2491 4962 -

1537 5019 1658 5080 ctorem
1678 5033 1799 5094 suana,
1822 5014 1924 5081 idest
1947 5015 2048 5080 Deum
2071 5023 2261 5096 creatorem;
2286 5017 2379 5086 Isaiae
2401 5035 2490 5086 sexa-

1537 5119 1654 5206 gesimo
1676 5125 1810 5206 quarto:
1841 5147 1857 5180 «
1871 5119 1908 5188 Et
1922 5137 2025 5200 nunc,
2048 5121 2194 5202 Domine,
2219 5129 2307 5208 pater
2331 5131 2436 5192 noster
2458 5143 2490 5192 es

1538 5233 1590 5306 tu,
1614 5245 1672 5294 nos
1693 5245 1769 5294 vero
1792 5227 1893 5292 lutum
1905 5251 1916 5308 ;,
1935 5233 1968 5296 et
1989 5227 2081 5296 lictor
2102 5233 2209 5296 noster
2231 5247 2265 5296 es
2281 5237 2334 5310 tu,
2350 5237 2380 5296 et
2396 5249 2491 5314 opera

1537 5349 1688 5400 manuum
1712 5337 1839 5398 tuarum
1861 5351 1971 5400 omnes
1991 5351 2049 5400 nos
2064 5359 2096 5400 ».
2117 5335 2205 5402 Hunc
2221 5353 2313 5400 nemo
2328 5341 2428 5420 potest
2444 5351 2490 5402 se-

1537 5437 1609 5522 qui;
1634 5437 1686 5504 lob
1710 5437 1895 5506 undecimo:
1925 5439 2097 5506 «Forsitan
2119 5439 2248 5524 vestigia
2272 5439 2327 5504 Dei
2350 5455 2491 5532 compre-

1538 5545 1671 5624 hendes,
1703 5551 1734 5612 et
1764 5563 1865 5632 usque
1895 5545 1934 5612 ad
1965 5545 2138 5632 perlectum
2169 5545 2429 5630 omnipotentem
2443 5563 2492 5612 re-

1537 5651 1640 5734 peries
1655 5657 1692 5716 »t

1625 5757 1727 5842 (Vens.
1745 5757 1794 5824 13.
1812 5755 1885 5842 tt).
1901 5759 1941 5824 at
1951 5757 2039 5836 cidi,
2051 5759 2139 5846 qnod
2152 5763 2282 5824 centnm
2294 5761 2351 5822 etc.
2367 5755 2420 5822 llio
2436 5775 2491 5824 no
2511 5767 2541 5812 De
2554 5769 2649 5812 secundo

1538 5865 1622 5928 tatur
1646 5861 1836 5942 secundum,
1859 5863 1976 5930 scilicet
1998 5863 2166 5948 sapientiae
2188 5861 2228 5926 ad
2251 5861 2413 5928 stultitiam
2445 5863 2514 5930 in»
2729 5853 2730 5858 ’

1537 5973 1629 6032 vena
1649 5967 1928 6052 praeeminentia,
1946 5967 2021 6052 quia
2036 5965 2125 6052 quasi
2142 5965 2490 6051 improportionahiliter

1537 6071 1701 6138 antecellit.
1727 6073 1856 6156 Propter
1878 6071 1964 6156 quod
1985 6071 2081 6138 dicit:
2112 6073 2154 6136 Et
2183 6071 2272 6152 nidi,
2303 6073 2392 6160 qnod
2416 6079 2490 6142 taa-

1538 6183 1608 6240 tam
1620 6177 1828 6260 praecederet
1850 6175 2016 6262 snpientia
2038 6175 2231 6256 stultitiam,
2248 6177 2280 6244 id
2294 6185 2342 6246 est
2356 6179 2489 6248 nobilior

1604 6553 1617 6584 ⁴
1634 6555 1686 6610 Cir.
1705 6571 1785 6622 supra
1803 6549 1991 6622 expositionem
2010 6571 2032 6610 e.
2053 6559 2078 6624 l,
2098 6559 2141 6612 li.
2159 6565 2184 6612 et
2204 6575 2224 6614 e.
2245 6563 2276 6624 2,
2296 6559 2321 6612 t.

1605 6639 1616 6670 ⁵
1635 6647 1670 6696 lta
1688 6647 1722 6712 Ε,
1740 6647 1782 6698 elit
1801 6649 1827 6698 et
1847 6643 1904 6698 Vat.
1921 6643 2068 6700 condatem
2086 6647 2289 6716 reprehensione
2305 6643 2357 6700 sibi
2364 6643 2488 6714 propria

1605 6727 1709 6788 ⁸Vers.
1730 6735 1774 6786 26.

1604 6815 1614 6848 ²
1633 6821 1727 6874 Psalm.
1747 6825 1779 6886 8,
1797 6823 1822 6874 ὅ.
1835 6851 1869 6862 -
1884 6823 2033 6890 Sequuntur
2051 6827 2108 6880 lsai.
2128 6825 2175 6892 bt,
2195 6829 2219 6878 8.
2239 6829 2265 6876 et
2282 6823 2328 6876 lob
2348 6823 2391 6892 lt,
2408 6823 2434 6876 7.
