5916 8276
1243 581 1517 650 quhxliohlhht
1541 581 1571 648 C.
1597 585 1617 648 l.
2210 605 2212 610 ’
2382 583 2420 650 xl

446 785 497 836 biis
515 777 667 834 auctoribus
685 775 728 826 rel
746 763 915 830 commuuio,
934 761 977 812 vel
995 757 1110 826 similla,
1130 761 1179 812 secl
1195 759 1284 824 potius
1301 761 1354 812 tola
1366 755 1401 808 in·

446 891 518 944 doles
538 887 626 956 operis
643 889 671 936 et
687 877 832 948 proprietas
851 871 900 926 stili
916 864 1091 922 ‘examinanda
1111 871 1136 918 et
1155 867 1328 932 ponderanda
1351 869 1398 916 est.

446 995 576 1064 imprimis
595 997 633 1046 esi
658 983 860 1042 attendendum,
882 989 946 1028 444
967 973 992 1026 44
1010 971 1128 1026 doctrina
1148 973 1189 1024 vel
1213 971 1270 1024 stilo
1291 971 1400 1022 inveniri

446 1103 528 1170 possit
539 1091 696 1166 “cllfferrutiu
714 1097 741 1142 ei
758 1079 956 1142 dissimilitudo.
968 1105 1004 1118 --
1015 1077 1131 1130 instituio
1151 1079 1230 1142 igilur
1247 1077 1316 1130 circa
1336 1079 1401 1128 44444

446 1199 664 1268 examine,aobis
676 1193 891 1262 persuasimus,
904 1187 938 1238 iia
948 1187 1018 1238 bitae
1031 1183 1254 1238 commentarium
1270 1183 1374 1238 dilierre
1385 1197 1400 1234 a

446 1313 567 1382 legitimis
578 1297 851 1364 S.⁹lioctorisscriptis‚
860 1301 888 1348 ut
897 1293 958 1346 satis
972 1293 1297 1366 luculentermunstreiur,
1311 1289 1399 1354 ipsum

446 1417 630 1484 compositum,
640 1409 783 1462 velsaltem
796 1409 901 1456 aucium
916 1405 939 1454 et
948 1403 1077 1452 4444444
1092 1397 1172 1450 inisse
1181 1395 1215 1448 ab
1225 1397 1274 1450 aiio
1285 1401 1400 1450 anctore.

515 1523 603 1574 Primo
622 1515 732 1568 enimin
748 1511 843 1564 eodem
857 1507 1018 1576 desideratur
1037 1503 1170 1568 singulare
1188 1503 1250 1556 illud
1270 1503 1399 1568 seraphici

446 1625 563 1682 [lectoris
579 1621 714 1688 ingenium
734 1619 814 1670 multa
833 1623 859 1670 et
876 1605 981 1668 diversa
995 1625 1044 1676 per
1053 1611 1188 1700 quandam
1202 1609 1347 1676 synthesim
1364 1611 1398 1662 44

445 1747 527 1788 4444
547 1729 682 1800 quoddam
700 1733 783 1779 toturn
808 1721 966 1784 reducendi,
984 1719 1041 1772 sive
1061 1723 1144 1772 tottam
1166 1717 1277 1784 aliquem
1301 1715 1398 1768 libram

445 1841 501 1892 sire
512 1833 671 1904 principales
689 1831 803 1898 partium
815 1829 969 1892 sententias,
988 1825 1060 1892 quod
1072 1823 1209 1876 manifeste
1226 1837 1254 1876 se
1273 1821 1360 1888 prodit
1371 1823 1400 1874 in

446 1943 566 2010 genuinis
584 1937 778 1994 commentariis
797 1941 822 1988 et
839 1923 1086 1998 lacile'perspicitu·
1106 1929 1160 1982 solu
1173 1929 1265 1982 intuitu
1286 1931 1399 1982 schema-

444 2057 513 2114 tum,
527 2059 597 2114 quae
609 2045 717 2108 singulis
730 2041 919 2096 subiunximus.
932 2039 1029 2090 444444
1047 2051 1110 2090 vero
1123 2035 1201 2088 huius
1214 2035 1400 2090 commentarii

446 2153 531 2216 magis
549 2152 638 2204 haeret
656 2149 682 2200 in
700 2147 810 2212 singulis
829 2143 961 2212 particulis
980 2141 1145 2206 explicandis.
1164 2141 1274 2206 Saepius
1290 2141 1398 2192 eaedem

444 2259 586 2312 sententiae
606 2269 635 2308 ac
653 2253 736 2306 verbe
762 2253 798 2304 ad
815 2251 931 2304 taedium
950 2251 1111 2312 repetuntur.
1130 2249 1191 2300 item
1212 2247 1344 2312 longiores
1360 2259 1400 2298 re·

444 2363 581 2428 petitiones
609 2365 759 2422 occurrunt,
790 2363 817 2410 ui
844 2371 924 2408 ncxxrs
944 2355 1058 2418 partium
1079 2353 1238 2406 ostendatur.
1256 2355 1398 2406 Nun1-raro

443 2471 561 2536 quinque
579 2465 621 2520 vei
640 2479 684 2518 sex
703 2465 823 2518 diversae
843 2461 1017 2528 expositiones
1036 2475 1083 2526 per
1107 2461 1260 2526 particulam
1280 2457 1322 2514 uel
1340 2473 1399 2512 con·

443 2577 531 2630 iuncta
548 2575 598 2630 sibi
617 2575 768 2626 succedunt.
781 2575 851 2626 Haec
863 2573 949 2624 omnia
964 2571 1062 2624 insolita
1077 2575 1137 2624 suni
1151 2571 1176 2622 S.
1188 2571 1398 2622 Boaaveniurae.

515 2681 650 2744 Secundo,
677 2679 806 2732 nonnullis
832 2677 894 2744 locis
927 2675 1035 2744 quidam
1062 2675 1091 2726 in
1117 2675 1197 2728 inodo
1217 2673 1400 2742 1444444444-

443 2803 533 2844 cessus
551 2793 575 2840 ei
594 2785 759 2852 exaggeratio
779 2783 993 2850 deprehenditur;
1013 2783 1059 2850 qui
1076 2783 1191 2836 deiectus
1211 2783 1308 2834 alienus
1328 2787 1398 2834 esta

444 2893 624 2950 moderatione
642 2893 722 2944 animi
749 2897 776 2944 et
793 2891 920 2946 modestia
948 2893 975 2942 S.
1001 2891 1208 2942 Boaaveniurae.
1232 2891 1267 2942 lia
1295 2889 1344 2940 col.
1363 2889 1398 2942 83

443 3017 468 3054 n.
488 3001 532 3052 68.
550 2999 657 3062 iegitur:
679 3017 691 3044 4
707 2997 782 3050 Tunc
800 2997 882 3050 aderit
900 2993 1074 3050 stultissimus
1094 2997 1164 3048 Plato
1182 2975 1242 3046 cum
1263 2993 1409 3058 discipulis

443 3107 498 3160 suis
510 3125 537 3158 b.
556 3107 654 3158 Verum
674 3103 782 3170 quidem
802 3107 852 3164 est,
870 3101 1025 3166 sapientiam
1047 3101 1137 3152 mnndi
1157 3105 1335 3164 comparatam
1359 3113 1399 3152 sa·

441 3215 554 3278 pientiae
571 3211 617 3264 Dei
635 3215 706 3262 recte
725 3209 776 3262 dici
794 3209 950 3272 stultitiam,
970 3209 1016 3260 sed
1028 3209 1110 3274 ipsam
1123 3207 1236 3260 Platonis
1247 3219 1397 3276 personum

442 3319 468 3370 S.
486 3319 667 3368 bonaventura
692 3315 756 3366 alias
775 3329 909 3380 nunquam
933 3315 1040 3366 vocarit
1055 3311 1258 3380 stultissimum,
1283 3313 1330 3366 sed
1349 3327 1397 3378 4ο-

441 3425 493 3476 4444
510 3425 600 3488 ipsum
619 3419 707 3472 iaudat
725 3425 803 3486 atque
820 3425 937 3472 recenset
954 3419 1019 3470 inter
1037 3419 1137 3472 nobiles
1150 3419 1320 3486 philosophos
1340 3419 1396 3488 (lle-

440 3527 524 3580 4444.
544 3527 633 3580 Collai.
653 3525 692 3576 Vl.
708 3539 733 3578 4.
752 3527 777 3576 l.
797 3523 890 3590 644).
905 3525 1025 3578 Similiter
1037 3525 1085 3578 col.
1100 3525 1151 3578 438
1164 3541 1187 3578 4.
1202 3525 1261 3578 664.
1280 3527 1397 3578 udoclu·

441 3647 484 3684 res
500 3631 684 3696 philosophos,
704 3635 732 3682 ui
749 3629 892 3692 Platonem,
911 3631 1086 3694 Pythagoram
1105 3635 1130 3682 et
1149 3631 1338 3686 Aristotelem»
1358 3631 1397 3686 di·

438 3737 474 3788 cii
491 3749 549 3788 esse
564 3735 622 3788 illos
640 3737 787 3802 4444444444,
806 3735 841 3788 de
859 3735 957 3800 444444
974 3741 1013 3786 est
1031 3749 1117 3788 sermo
1137 3737 1219 3800 apoc.
1238 3739 1269 3802 ii,
1289 3739 1331 3788 49.

509 3839 611 3902 Tertio,
630 3839 686 3902 ipse
704 3841 732 3890 P.
750 3839 848 3890 Bonelli
861 3839 1032 3906 (Praelocuiio
1049 3853 1077 3890 n.
1091 3839 1124 3906 4.)
1140 3839 1288 3908 confitetur,
1301 3843 1328 3892 in
1341 3841 1395 3906 plu·

438 3943 512 3996 ribus
531 3943 594 3996 lucis
611 3955 669 3994 esse
689 3963 704 3990 a
718 3943 803 4010 aliqua
822 3917 988 3998 4444444444
1001 3941 1134 4010 nitroque
1147 3941 1285 4010 punctuliu
1298 3943 1395 3996 adver-

437 4065 484 4102 sus
500 4051 557 4102 eius
576 4049 633 4100 aevi
655 4049 750 4100 clerum
770 4049 989 4116 atquepraeiatos
1002 4067 1015 4094 x
1038 4053 1062 4100 ei
1081 4047 1158 4100 nimis
1178 4067 1192 4094 a
1206 4047 1298 4100 acriter
1318 4061 1393 4112 gene·

438 4155 578 4222 raliierque
597 4151 665 4206 dicia
678 4173 704 4204 4.
722 4153 876 4206 Huiusmodi
896 4151 977 4206 rerba
995 4151 1064 4204 dicta
1087 4157 1173 4204 contra
1193 4155 1306 4214 clerum,
1329 4151 1394 4220 quin

438 4261 514 4314 iaciat
533 4261 609 4314 ullam
629 4261 820 4324 exceptionem,
840 4261 963 4324 leguntur
980 4271 1002 4310 e.
1019 4275 1043 4324 g.
1061 4259 1110 4310 cul.
1128 4259 1162 4310 il
1180 4273 1209 4312 4.
1227 4259 1274 4310 56:
1297 4259 1394 4310 «Vere

437 4367 606 4420 obscuratum
625 4371 665 4418 444
681 4379 776 4418 auriam
788 4365 917 4418 Ecclesiae
929 4363 1023 4426 hodie,
1040 4365 1102 4430 quia
1115 4379 1168 4416 uun
1181 4365 1249 4418 lucei
1268 4363 1394 4430 splendor

436 4471 579 4538 sapientiae
596 4475 621 4522 et
639 4469 792 4524 scientiae...
809 4471 873 4522 Tres
893 4469 1029 4522 machinae
1046 4467 1144 4522 babent
1155 4469 1232 4522 hodie
1250 4469 1392 4522 Ecclesiam

436 4577 577 4642 dissipare:
597 4577 753 4640 perversitas
773 4577 799 4628 in
818 4573 990 4642 exsequendis
1004 4573 1120 4638 iudiciis,
1140 4577 1272 4628 temeritas
1289 4575 1315 4628 in
1334 4589 1392 4640 pro·

437 4681 549 4734 terendis
568 4679 712 4744 sententiis,
730 4681 928 4746 pusillanimitas
948 4679 973 4730 in
986 4679 1149 4742 corrigendis
1166 4679 1243 4732 vitiis.
1264 4683 1329 4732 isiae
1340 4685 1393 4732 tres

435 4787 572 4840 machinae
592 4787 747 4850 dispergunt
760 4787 840 4838 hodie
851 4787 951 4850 lapides
971 4787 1121 4838 sanctuarii.
1142 4787 1206 4838 Nam
1219 4799 1266 4838 nec
1284 4787 1392 4852 praelati

434 4905 483 4944 nec
501 4891 628 4958 capellani
647 4905 694 4944 nec
714 4891 755 4942 alii
775 4891 860 4944 clerici
878 4897 970 4946 curant
987 4891 1065 4944 hodie
1090 4891 1123 4944 de
1143 4893 1248 4946 scientia
1268 4893 1393 4946 catholica

434 5011 483 5048 nec
501 4997 536 5048 de
561 4995 688 5060 Ecclesia,
709 4997 756 5048 sed
780 4999 839 5050 lacti
865 5003 925 5050 sunt
949 4997 1014 5048 laici¹
1031 5003 1155 5052 vacantes
1177 4999 1230 5052 ulio
1256 4999 1281 5052 in
1305 4997 1393 5064 capite

434 5099 552 5152 omnium
572 5099 718 5162 platearum
731 5119 755 5150 x.
777 5099 873 5152 Similia
893 5101 971 5154 etiam
989 5099 1049 5152 alibi
1062 5108 1089 5155 ei
1106 5103 1205 5168 passim
1223 5103 1281 5156 siue
1297 5101 1392 5156 restri-

434 5201 521 5258 ctione
539 5203 669 5256 dicuntur.
689 5205 744 5256 Non
764 5209 801 5258 esi
820 5205 944 5270 dubium,
964 5207 1037 5272 quod
1055 5207 1111 5272 ipse
1124 5213 1215 5262 444444
1232 5209 1308 5270 velit,
1328 5211 1392 5260 haec

434 5321 490 5360 esse
509 5321 569 5360 cum
596 5321 676 5370 granu
696 5309 756 5360 salis
784 5309 949 5374 intelligenda
968 5315 992 5364 et
1017 5313 1196 5378 restringenda
1221 5313 1256 5366 ad
1274 5311 1391 5378 multoe,

432 5415 489 5466 sire
503 5411 654 5480 plurimos,
672 5413 778 5468 cumin
795 5407 849 5466 ’4444
866 5415 923 5468 4444
943 5417 1108 5480 confiteatur,
1128 5417 1212 5470 bunos
1235 5419 1314 5470 etiam
1333 5431 1392 5470 esse

432 5521 569 5582 praelatos.
598 5519 649 5570 Sed
675 5519 703 5570 in
730 5531 810 5584 opere
834 5519 974 5572 scientifico
993 5521 1072 5572 etiem
1091 5519 1173 5574 44444
1193 5535 1244 5574 444
1265 5521 1392 5574 excedant

432 5631 535 5688 oportet
552 5623 648 5676 limites
665 5623 790 5676 recitatis.
810 5627 836 5676 ln
855 5623 942 5688 prima
962 5623 1000 5672 iila
1020 5623 1134 5678 editione
1151 5639 1165 5676 4
1184 5627 1213 5678 P.
1233 5627 1304 5678 dela
1318 5627 1391 5690 haye

433 5735 521 5782 curata
546 5733 612 5782 haec
630 5729 735 5784 duriora
755 5729 862 5784 adiectis
880 5729 969 5782 verbis
986 5729 1080 5796 nautii,
1099 5733 1143 5784 vel
1154 5729 1273 5798 plurimi
1291 5737 1391 5798 temne-

430 5843 486 5888 rata
505 5843 580 5900 sunt,
598 5851 664 5904 quas
677 5837 801 5890 lectiones
820 5837 951 5890 variantes
969 5837 996 5888 P.
1017 5837 1110 5888 bonelli
1126 5837 1150 5888 in
1162 5813 1277 5892 4044444
1289 5839 1388 5890 calcem

431 5945 535 6006 allegat.
550 5944 717 6008 ignoramus
735 5949 823 5996 444444
839 5945 902 5996 haec
914 5943 1040 5996 restrictio
1052 5957 1068 5996 4
1082 5943 1167 6008 primo
1184 5915 1284 5996 editore
1302 5950 1389 5998 sumta

431 6047 464 6098 sit
481 6061 512 6100 ex
530 6049 620 6102 codice
639 6051 830 6116 4444444444,
848 6065 881 6104 44
901 6051 935 6104 ab
955 6051 1012 6116 ipso
1030 6065 1080 6104 suo
1097 6059 1179 6104 marie
1198 6053 1308 6108 adiecta.

500 6153 534 6204 Ul
542 6159 629 6204 44444
644 6155 708 6208 haec
720 6155 882 6228 duriuscule
893 6171 946 6210 nun
959 6171 1017 6224 esse
1030 6157 1111 6210 aliena
1125 6173 1139 6212 4
1153 6161 1178 6212 S.
1190 6161 1387 6212 bonaventurae

429 6255 557 6308 modestia
577 6257 709 6324 ostendat,
732 6261 829 6316 Bonelli
857 6269 928 6316 recle
947 6263 1053 6332 quidem
1082 6265 1158 6330 dicit,
1186 6267 1304 6320 eiusdem
1333 6281 1387 6320 mo·

429 6361 539 6414 desdam
552 6349 638 6412 ¹luisse
656 6365 713 6428 pari
731 6367 785 6418 zelo
803 6369 981 6434 coniunctam,
1000 6371 1143 6438 ipsumque
1160 6373 1195 6426 ad
1214 6377 1279 6426 hanc
1303 6387 1387 6428 curre·

428 6467 546 6530 4444444
566 6479 624 6518 4444
636 6469 803 6534 444444444
817 6487 833 6524 4
846 6489 950 6528 44444
963 6449 1207 6546 centuplicemque
1220 6481 1305 6534 444444
1323 6487 1386 6534 4444

428 6571 574 6626 laborabat.
592 6575 692 6626 Prolert
710 6575 787 6628 eiiam
800 6581 954 6632 senientiam
973 6581 1054 6644 ipsius
1067 6585 1280 6654 bonaventurae,
1299 6587 1344 6656 qui
1357 6587 1399 6640 in·
1426 6589 1427 6592 ’

428 6677 527 6730 Libello
544 6677 708 6744 apologetico
727 6685 816 6734 contre
836 6685 939 6752 eosqui
958 6683 1046 6740 Ordini
1066 6689 1112 6740 FF.
1131 6689 1191 6742 hlin.
1211 6691 1384 6746 adversantur

428 6781 467 6850 (4.
487 6784 511 6836 4.
529 6785 555 6836 in
575 6783 636 6850 line)
664 6785 782 6850 scripsit:
804 6807 819 6836 u
832 6787 936 6844 clericis
963 6801 1103 6856 possumus
1130 6797 1155 6848 in
1184 6797 1304 6862 capitulis
1328 6799 1383 6854 suis

427 6887 515 6938 omnia
533 6887 648 6952 pericula
666 6903 714 6944 sua
733 6889 759 6942 in
784 6892 950 6948 sermonibus
970 6895 1122 6952 litteralibus
1141 6903 1251 6956 seorsim
1277 6903 1341 6970 (scil.
1367 6917 1382 6956 a

1464 755 1572 826 pupulo)
1595 759 1731 812 ostendere
1755 773 1816 812 cum
1837 761 1982 812 reverentia
2000 759 2112 812 caritatis
2138 763 2165 812 et
2181 759 2329 812 maturitate
2348 759 2420 812 beni·

1465 875 1555 926 gna».
1576 863 1616 918 44
1640 867 1689 916 huc
1715 863 1924 918 confirmandum
1949 865 2019 918 idern
2039 877 2067 918 ex
2093 863 2169 916 citato
2194 867 2322 928 opusculo
2347 867 2419 920 alieri

1464 983 1573 1034 gravem
1593 974 1660 1023 hanc
1677 971 1738 1022 cleri
1762 971 1890 1022 interioris
1908 971 2155 1034 reprehensionem:
2183 989 2196 1016 «
2211 971 2293 1038 Quam
2318 955 2418 1038 paucis·

1463 1075 1523 1128 simi
1541 1075 1566 1126 in
1586 1075 1662 1130 terris
1679 1073 1734 1128 istis
1748 1075 1802 1128 iam
1820 1079 1993 1142 reperiuntur,
2012 1079 2057 1146 qui
2077 1075 2165 1130 debito
2183 1091 2258 1130 mure
2277 1079 2418 1132 ministeria

1464 1187 1597 1246 praestent
1613 1179 1750 1234 animabus
1769 1181 1819 1234 sibi
1838 1183 2001 1247 commissis3
2021 1185 2094 1252 quud
2106 1183 2181 1236 nimis
2201 1191 2238 1238 est
2258 1185 2417 1254 miserabile;

1464 1294 1489 1341 ei
1505 1287 1551 1354 qui
1569 1293 1615 1340 aui
1632 1289 1735 1340 deiectu
1754 1289 1832 1354 44444,
1853 1295 1899 1340 444
1916 1289 2052 1358 scientiae,
2075 1297 2118 1342 aui
2138 1291 2223 1356 ritae,
2247 1299 2293 1346 aul
2311 1295 2418 1358 diligen·

1436 1381 1437 1386 '
1464 1393 1512 1446 tiae
1533 1393 1601 1446 circa
1624 1409 1683 1458 eas,
1702 1399 1746 1446 aui
1772 1393 1866 1448 liberae
1886 1395 2056 1448 exsecutionis
2075 1397 2136 1450 nihii
2149 1397 2242 1452 habeat
2260 1403 2418 1466 reprehensi·

1464 1495 1531 1562 bile,
1548 1505 1594 1550 aut
1610 1499 1682 1566 quod
1702 1511 1747 1552 eos
1767 1499 1809 1552 tali
1829 1501 1914 1552 cilicio
1935 1499 2030 1554 reddat
2045 1499 2177 1564 indignos.
2197 1503 2335 1568 Quomodo
2354 1517 2417 1558 reru

1464 1601 1524 1656 tota*
1535 1605 1648 1658 Ecclesia
1672 1619 1721 1670 per
1747 1607 1814 1656 4444
1835 1607 1952 1670 exempla
1978 1607 2131 1658 clericorum
2151 1611 2175 1658 ei
2201 1607 2337 1660 avaritiam
2363 1623 2418 1660 cur-

1462 1717 1600 1776 rumpaiur
1617 1715 1644 1764 ei
1661 1711 1847 1776 negligentiam
1865 1711 2028 1774 deformetur
2045 1717 2072 1764 et
2090 1727 2104 1762 a
2123 1717 2189 1764 siaiu
2210 1713 2297 1766 dehita
2317 1715 2418 1780 elonge-

1463 1821 1517 1880 tur,
1536 1821 1560 1868 44
1580 1823 1676 1882 quanta
1706 1829 1737 1868 ex
1760 1819 1809 1868 huc
1829 1817 1945 1882 quotidie
1973 1823 2080 1882 peccata
2108 1817 2268 1886 increscant,
2294 1825 2321 1870 et
2345 1821 2417 1886 4444

1463 1921 1532 1976 bona
1549 1921 1716 1988 negligantur
1733 1935 1782 1986 per
1799 1923 1944 1986 444444,
1963 1923 2005 1976 rix
2018 1923 2110 1990 aliquis
2129 1925 2223 1976 sufficit
2241 1925 2415 1980 aestimare».

1462 2027 1560 2082 -Sed
1580 2031 1628 2080 hoc
1648 2029 1795 2092 exemplum
1814 2043 1910 2092 parum
1926 2029 2067 2110 'assertioni
2087 2031 2114 2082 P.
2141 2029 2237 2082 Bonelli
2258 2033 2334 2084 lavet.
2351 2033 2415 2084 Nam

1463 2135 1553 2200 gravia
1573 2137 1637 2188 haec
1657 2135 1752 2202 verba,
1773 2149 1842 2202 quae
1865 2141 1956 2188 444444
1972 2137 2079 2200 protulit
2096 2141 2214 2202 coactus,
2240 2143 2341 2190 44444
2369 2139 2416 2192 sibi

1461 2245 1604 2294 assumtam
1622 2239 1759 2306 probaret,
1779 2241 1812 2290 ita
1833 2239 1931 2306 spirant
1950 2255 2042 2294 verum
2062 2241 2147 2294 zelum
2162 2243 2214 2306 'pru
2233 2243 2315 2306 gloria
2333 2243 2379 2294 Dei
2394 2249 2418 2296 et

1463 2349 1545 2402 salute
1562 2349 1723 2416 animarum,
1741 2353 1772 2400 ut
1788 2347 1898 2404 minime
1915 2349 2041 2402 excedunt
2060 2349 2184 2402 terminos
2204 2349 2337 2418 ueritatis,
2355 2365 2416 2404 444

1463 2455 1585 2520 44444444
1603 2467 1663 2506 444
1681 2453 1857 2516 restrictione,
1877 2453 1959 2504 immo
1976 2467 2027 2506 nec
2045 2453 2170 2506 terminus
2195 2453 2316 2510 caritatis
2336 2459 2360 2508 ei
2378 2469 2417 2510 re·

1463 2555 1603 2612 4444444444.

1534 2663 1646 2732 Qtaartu,
1664 2665 1721 2728 ipse
1739 2663 1825 2714 editor
1845 2663 1944 2728 (Prodr.
1964 2665 2013 2716 col.
2036 2663 2088 2716 652
2109 2677 2135 2714 n.
2159 2663 2196 2730 8.)
2225 2669 2308 2728 notat,
2332 2669 2415 2716 44444-

1462 2783 1519 2822 444
1539 2771 1615 2822 liuius
1643 2769 1831 2822 Curnmentarii
1856 2769 1884 2822 in
1903 2771 2018 2836 quadam
2045 2783 2145 2822 44444
2170 2771 2330 2822 4444444444
2354 2783 2414 2822 444

1462 2879 1656 2942 bonaventura,
1672 2875 1721 2944 Ι444
1739 2875 1766 2928 in
1784 2877 1865 2928 collat.
1886 2877 1944 2930 XV.
1957 2873 1994 2944 [a.
2010 2875 2047 2946 3.]
2068 2877 2093 2928 in
2105 2877 2228 2930 Hexabm.
2246 2879 2279 2930 de
2297 2877 2417 2930 antichri-

1461 2991 1500 3038 sio
1520 2985 1595 3038 dicit:
1611 3003 1624 3032 ι
1638 2983 1723 3052 Aliqui
1741 2985 1836 3037 uolunt
1847 2983 1952 3048 dicere,
1970 2985 2042 3050 quud
2061 2983 2095 3036 ad
2106 2983 2216 3036 litteram
2236 2985 2284 3036 erit
2302 2981 2416 3038 detribu

1460 3091 1530 3154 bam
1548 3097 1637 3146 uirum
1656 3095 1743 3142 autem
1763 3089 1794 3142 iia
1808 3091 1853 3156 sit,
1866 3105 1917 3142 nun
1936 3089 2062 3142 auderem
2081 3089 2211 3140 affirmare
2223 3109 2250 3142 x.
2270 3091 2294 3142 ln
2315 3089 2415 3142 Postilla

1454 3189 1524 3248 ‘vero
1553 3195 1593 3264 (4.
1616 3197 1687 3264 480.)
1709 3197 1802 3248 dicitur
1827 3197 1956 3260 expressis
1982 3197 2084 3262 verbis,
2108 3197 2188 3248 isium
2210 3197 2265 3248 lure
2288 3211 2319 3248 ex
2346 3197 2415 3248 tribu

1441 3353 1442 3356 ,
1460 3305 1525 3356 Dan.
1542 3305 1614 3356 Hanc
1634 3303 1806 3356 abiectionem
1821 3303 1904 3356 editor
1922 3317 1954 3356 eo
1967 3305 2058 3368 solvit,
2078 3303 2149 3368 quod
2167 3317 2220 3356 non
2238 3305 2334 3356 sithiu
2354 3317 2415 3368 pru·

1460 3407 1518 3474 4444
1535 3407 1671 3472 antilogia,
1692 3413 1719 3460 ei
1736 3407 1809 3476 quod
1831 3409 1855 3458 S.
1874 3409 1970 3460 Ductor
1988 3409 2016 3460 in
2034 3407 2125 3460 ultimo
2150 3421 2199 3462 suo
2222 3421 2316 3474 opere,
2335 3413 2416 3460 aetate

1460 3515 1584 3580 grandior
1601 3521 1626 3566 44
1652 3515 1752 3568 doctior
1779 3517 1876 3578 lacius,
1904 3515 2019 3578 priorum
2045 3515 2200 3566 sententiam
2222 3515 2414 3578 temperaverit.

1460 3617 1533 3672 Certe
1551 3621 1615 3670 haec
1634 3633 1675 3672 res
1695 3633 1746 3670 nun
1766 3623 1803 3670 est
1824 3619 1912 3686 magni
1932 3621 2066 3674 momenti.

1530 3725 1654 3776 Nolumus
1672 3725 1750 3776 etiam
1770 3725 1881 3776 4444444
1908 3737 2016 3790 urgere,
2043 3725 2116 3792 quod
2135 3725 2159 3776 in
2186 3727 2236 3778 hoc
2255 3725 2415 3780 Communia·

1458 3827 1496 3880 rio
1516 3827 1665 3880 inseruntur
1684 3829 1751 3880 41444
1765 3827 1797 3880 45
1817 3827 1935 3882 44444444
1947 3841 2103 3884 sermonum
2125 3829 2172 3896 (ita
2187 3843 2266 3894 saepe
2282 3831 2415 3884 nominan-

1458 3929 1509 3998 444)
1529 3933 1591 3986 satis
1607 3933 1702 3986 diiiuse
1720 3931 1837 3996 exposita
1861 3933 1957 3998 aliique
1984 3947 2109 3986 excursus
2138 3935 2262 3998 murales;
2289 3935 2316 3986 id
2343 3937 2414 4004 quud

1458 4041 1482 4090 S.
1502 4039 1597 4092 Ductor
1615 4037 1643 4090 in
1661 4037 1859 4092 Commentariis
1880 4041 1999 4106 genuinis
2018 4055 2069 4094 non
2088 4041 2155 4092 lacit.

1528 4145 1623 4212 Quinto
1637 4157 1715 4208 vero,
1727 4145 1787 4208 4444
1799 4145 1894 4198 ceteris
1910 4161 1959 4200 nos
1971 4153 2075 4210 movet,
2093 4147 2165 4214 quod
2180 4147 2205 4198 in
2218 4147 2337 4212 plurimis
2350 4148 2413 4202 iocis

1457 4251 1535 4304 huius
1552 4249 1736 4304 commentarii
1757 4265 1851 4316 magna
1872 4251 2016 4306 verborum
2030 4259 2055 4306 ei
2069 4253 2117 4304 stili
2132 4253 2272 4306 differentia
2291 4259 2413 4320 apparet,

1457 4371 1526 4424 quae
1538 4357 1664 4422 insinuat,
1685 4361 1818 4410 auctorem
1832 4373 1884 4412 non
1897 4359 1975 4412 luisse
1989 4361 2016 4412 S.
2030 4361 2255 4426 Boaaveniuram,
2268 4361 2316 4412 sed
2327 4361 2414 4424 polius

1457 4443 1646 4518 aliumsaeculi
1663 4465 1732 4520 XIV.
1751 4469 1809 4532 lpse
1822 4467 1847 4518 P.
1861 4467 1956 4520 Bonelli
1969 4469 2037 4520 hanc
2050 4467 2220 4520 differentiam
2234 4467 2414 4532 aliquomodo

1457 4571 1569 4622 sensisse
1587 4571 1701 4624 videtur.
1719 4571 1788 4624 Licet
1815 4571 1885 4624 enim
1912 4571 1973 4624 alibi
2003 4577 2191 4626 commemoret
2214 4571 2410 4624 similitudinem

1456 4675 1589 4730 doctrinae
1605 4683 1632 4730 et
1646 4675 1806 4748 4444444444,
1826 4691 1874 4744 444
1888 4693 1941 4744 444
1959 4679 2032 4730 alieri
2051 4679 2181 4746 quosdam
2194 4679 2265 4730 locos
2282 4691 2314 4730 ex
2333 4679 2412 4730 Bona·

1456 4789 1567 4836 ventura
1592 4783 1778 4850 transcripi0s;
1803 4785 1941 4850 tamenin
1958 4783 2150 4838 Praelucuiiune
2171 4783 2207 4852 (4.
2226 4783 2280 4850 al.)
2306 4783 2412 4838 scribit:

1459 4887 1585 4954 «Quodsi
1603 4889 1681 4940 etiarn
1707 4889 1784 4940 huius
1809 4887 1995 4942 commentarii
2021 4889 2094 4942 stilus
2112 4889 2247 4940 videretur
2271 4889 2349 4952 44444
2374 4889 2414 4940 di-

1455 5007 1547 5048 versus
1567 4993 1600 5046 ab
1625 4995 1680 5048 aliis
1706 4993 1824 5046 eiusdem
1843 4993 1929 5060 iibr1s3
1955 4995 2040 5048 adhuc
2064 4993 2131 5046 44444
2156 5007 2235 5046 causa
2261 4999 2340 5056 assei,
2366 5007 2411 5046 cur

1432 5131 1434 5136 ,
1456 5099 1541 5152 eidem
1561 5099 1755 5152 abiudicaretnr
1769 5121 1791 5150 i.
1812 5101 1884 5154 idem
1901 5101 1929 5152 in
1948 5099 2139 5154 Praelucuiiune
2157 5101 2228 5152 etin
2249 5099 2316 5154 notis
2334 5101 2415 5153 eiiam

1455 5207 1549 5274 allegat
1568 5207 1682 5260 minutas
1709 5207 1837 5272 4444444
1865 5221 1922 5270 444,
1951 5221 2052 5274 quaea
2080 5207 2158 5258 modo
2177 5207 2280 5260 dicendi
2310 5213 2334 5258 ei
2353 5219 2412 5260 cun·

1454 5313 1575 5366 nectendi
1591 5315 1619 5366 S.
1637 5315 1734 5366 44444.
1749 5315 1851 5372 differre
1871 5315 2007 5378 videniur,
2020 5319 2048 5366 44
2067 5313 2129 5366 illud
2141 5311 2283 5378 contiuuo,
2306 5315 2408 5376 uoluta,

1455 5419 1519 5472 illud
1544 5419 1784 5484 frequentissimum
1811 5417 1848 5472 itu
1874 5417 1947 5486 dicul,
1965 5427 1991 5472 et
2013 5417 2142 5472 interdum
2160 5417 2223 5474 4444
2249 5417 2321 5486 dial,
2351 5431 2415 5472 uere

1454 5521 1517 5576 dirui
1526 5529 1576 5576 etc.
1589 5523 1641 5576 Sed
1653 5527 1717 5576 haec
1729 5525 1773 5576 rel
1784 5523 1878 5576 similia
1891 5525 1917 5576 in
1931 5525 2049 5590 genuinis
2069 5523 2267 5576 Commentariis
2280 5525 2412 5578 interdum

1454 5645 1591 5684 occurrere
1608 5645 1661 5684 444
1677 5643 1820 5696 negamus3
1833 5645 1882 5684 neu
1893 5633 1957 5684 haec
1970 5631 2059 5696 magni
2073 5643 2130 5682 esse
2142 5631 2267 5684 maurenti
2280 5633 2412 5684 contendi·

1454 5747 1521 5788 mus.
1540 5735 1595 5786 Alia
1616 5735 1686 5788 enirn
1706 5741 1766 5788 suni
1783 5737 1810 5786 et
1830 5735 1911 5786 rerba
1932 5741 1956 5786 ei
1972 5735 2078 5788 dicendi
2096 5735 2183 5798 modi,
2201 5749 2270 5802 quae
2288 5735 2410 5790 lectorem

1453 5841 1596 5894 offendunt.
1610 5869 1646 5882 -··
1658 5841 1850 5894 Praemittimus
1864 5841 1997 5908 4444444
2007 5839 2217 5894 observationem
2231 5845 2343 5896 auctoris
2357 5843 2413 5912 qui·

1453 5947 1515 6000 dena
1533 5949 1663 6014 suspecti,
1683 5947 1738 6002 scii.
1757 5945 1866 6010 044444,
1886 5947 1933 6000 444
1951 5947 2040 6026 quoad
2058 5961 2087 6000 ea
2100 5961 2169 6014 quae
2188 5955 2340 6016 sequuntur,
2360 5963 2412 6002 non

1450 6055 1601 6120 spernendi.
1621 6055 1687 6110 Cura
1707 6053 1785 6118 igitur
1804 6053 1923 6108 oudinus
1943 6053 2009 6122 (loc.
2021 6055 2064 6110 cii.
2076 6057 2127 6108 col.
2145 6055 2208 6122 393)
2222 6055 2283 6110 44444
2302 6061 2412 6122 opuscu-

1450 6161 1506 6214 lum
1523 6161 1693 6232 Prluaipiuut
1710 6173 1731 6214 s.
1752 6161 1926 6230 Scripturas,
1940 6161 1972 6216 de
1991 6177 2044 6230 quo
2063 6177 2141 6228 supra
2161 6163 2177 6230 g
2196 6165 2220 6216 4.
2241 6163 2358 6228 egimuS,
2380 6177 2414 6216 ex

1449 6267 1684 6320 Bonavenlurianis
1703 6265 1843 6332 asparagi,
1863 6267 1990 6320 rationem
2004 6269 2097 6334 accipit
2117 6281 2145 6320 ex
2163 6269 2241 6320 nimis
2259 6267 2373 6320 barbaro
2387 6273 2413 6320 et

1450 6359 1567 6430 44444444
1585 6377 1664 6428 huius
1684 6373 1773 6440 scripti
1790 6375 1857 6428 stilo.
1878 6375 1930 6428 Sed
1948 6375 1981 6428 de
1994 6375 2116 6440 legitimis
2134 6373 2259 6440 operibus
2276 6375 2409 6428 Bonaren·
2483 6427 2484 6436 ,

1450 6487 1524 6534 turae
1541 6481 1590 6544 aii,
1610 6481 1636 6532 in
1654 6481 1694 6534 eis
1715 6479 1803 6532 «nihil
1817 6481 1928 6534 inveniri
1946 6481 1995 6534 nisi
2008 6495 2103 6548 grave,
2123 6481 2185 6534 nihil
2204 6479 2319 6534 infantile
2331 6485 2411 6548 atque

1448 6587 1608 6652 affectatum,
1628 6587 1687 6640 licet
1704 6585 1777 6648 stilus
1802 6587 1944 6654 aliquando
1961 6587 2086 6656 tantisper
2106 6587 2211 6640 humilis
2229 6587 2262 6640 sii
2280 6603 2311 6652 »3
2328 6587 2406 6650 item,

1446 6707 1499 6776 11un
1517 6707 1576 6746 esse
1592 6693 1621 6746 in
1640 6693 1740 6746 eisdem
1765 6693 1905 6746 dictionem
1924 6693 2078 6756 barbara1n3
2102 6707 2172 6760 4444
2189 6707 2286 6746 44444
2314 6691 2405 6746 barba·

1445 6799 1497 6854 ries
1521 6797 1661 6852 invaluerit
1685 6799 1787 6852 saeculo
1814 6799 1882 6866 XlV,
1906 6799 1983 6854 simul
2007 6811 2069 6852 cum
2091 6799 2210 6850 affectato
2236 6805 2261 6850 et
2282 6797 2413 6852 continuo
2489 6791 2491 6796 ’

1448 6919 1500 6958 444
1518 6903 1684 6974 superlativo
1709 6903 1954 6971 (emittentlssimis,
1978 6901 2204 6974 affluentissimis,
2226 6903 2414 6974 perspicuisn-
