5908 8266
588 605 682 676 58.

587 785 684 852 buius
706 781 785 850 ratio
809 785 873 848 est:
893 777 969 862 quia
995 793 1056 842 non
1079 773 1256 842 considerat
1275 775 1442 844 utilitatem
1464 795 1545 862 opu-

587 885 807 968 lentina,··ideo
829 885 918 950 docet
941 899 1010 950 eam
1030 881 1223 960 discernere,
1245 881 1403 968 inquiens:
1427 881 1545 950 Utilior

586 1001 633 1062 ert
653 989 820 1080 sapientia
848 1007 926 1052 corn
948 985 1090 1064 diuitiis,
1124 985 1198 1072 quia
1219 987 1463 1056 proverbiorum
1491 989 1544 1058 de·

500 1145 504 1154 ·
587 1097 667 1166 cimo
684 1095 815 1164 terlt01:
835 1091 1044 1178 «Redemptio
1059 1091 1181 1160 animae
1202 1091 1262 1160 viri
1285 1091 1411 1162 divitiae
1431 1095 1542 1164 eius».

587 1205 630 1270 Et
650 1201 761 1288 inopie
777 1199 915 1284 prodeat
937 1197 1120 1264 uidentibus
1140 1199 1258 1280 enan,
1282 1199 1377 1268 idest
1398 1201 1544 1270 habenti-

585 1309 646 1374 bus
676 1311 794 1374 recmm
825 1301 1049 1384 intentionem3
1079 1303 1154 1390 quia
1190 1307 1391 1376 Ecclesiastici
1424 1307 1544 1382 decimo

586 1409 701 1478 tertio:
730 1435 747 1470 ε
762 1409 843 1474 Βεεθ
868 1413 914 1476 θεῖ
944 1409 1129 1490 substantia,
1151 1409 1202 1478 cui
1226 1431 1289 1478 non
1310 1419 1357 1480 est
1379 1419 1544 1498 peccatum

524 1589 527 1594 A
585 1519 618 1584 iu
641 1515 842 1594 conscientia,
860 1521 891 1582 et
904 1515 1095 1602 nequissima
1113 1523 1280 1604 paupertas
1297 1517 1327 1586 in
1343 1535 1398 1586 ore
1415 1517 1542 1604 impii».

586 1625 624 1706 Εῖ
645 1623 729 1712 quod
754 1621 887 1708 pecunia
920 1623 959 1690 sit
995 1623 1096 1704 utilis,
1127 1625 1260 1694 ostendit
1287 1643 1344 1710 per
1379 1625 1542 1690 ellectum:

586 1727 682 1796 Sient
702 1725 788 1796 enim
809 1727 951 1814 protepil
971 1727 1155 1814 cupientia,
1175 1727 1292 1798 scilicet
1307 1747 1325 1796 a
1340 1727 1450 1812 culpa;
1468 1727 1544 1792 Pro-

584 1833 766 1904 verbiorum
778 1833 929 1902 secundo:
948 1835 1005 1902 «Si
1020 1833 1187 1902 intraverit
1202 1831 1352 1920 sapientia
1369 1847 1424 1898 cor
1439 1835 1542 1906 tuum,

585 1949 618 2008 el
640 1941 768 2010 scientia
789 1939 911 2008 animae
942 1947 1014 2008 tuae
1045 1939 1220 2026 placuerit,¹
1245 1937 1411 2004 consilinm
1434 1927 1539 2000 custo

584 2047 648 2116 diet
671 2055 718 2128 te,
744 2052 774 2116 et
797 2047 961 2134 prudentia
995 2045 1131 2114 servabit
1154 2047 1185 2112 te
1200 2067 1233 2122 »ς
1256 2033 1305 2108 aie
1337 2039 1482 2136 prorepit
1511 2043 1542 2102 et

583 2155 744 2240 perereio,
767 2153 885 2222 scilicet
905 2153 987 2220 bene
1002 2167 1153 2236 expensa
1174 2145 1375 2214 Ecclesiastici
1391 2141 1542 2228 vigesimo

584 2279 686 2330 nono:
713 2285 730 2318 v
749 2261 948 2342 Eleemosyna
969 2255 1029 2324 viri
1061 2253 1149 2340 quasi
1183 2251 1326 2320 secamus
1358 2267 1431 2318 cnm
1453 2247 1542 2334 ipso,

584 2373 617 2438 et
638 2365 770 2454 gratiam
792 2361 930 2432 hominis
943 2359 1032 2446 quasi
1057 2357 1206 2444 pupillam
1232 2353 1476 2444 conservabit».
1504 2353 1543 2420 Εῖ

584 2471 656 2540 44θθῖ
681 2477 818 2556 utraque
839 2459 884 2534 sit
901 2465 1007 2544 utilis,
1030 2469 1134 2532 tamen
1156 2461 1309 2546 sapientia
1322 2459 1446 2538 utilior3
1471 2457 1542 2526 ideo

584 2575 764 2662 subiungit:
788 2573 858 2640 Hoc
881 2577 992 2636 notent
1012 2567 1087 2654 plna
1113 2565 1206 2634 dubet
1228 2565 1392 2652 snpientia
1415 2573 1443 2632 et
1465 2583 1542 2666 ern-

584 2683 686 2762 ditio,
707 2681 797 2770 qnod
818 2677 923 2744 viluna
953 2675 1106 2742 tribuunt
1131 2671 1340 2758 possessori:
1360 2671 1443 2738 uude
1466 2673 1542 2738 Pro·

583 2789 766 2858 verbiorum
789 2789 902 2872 quarto
916 2783 945 2846 2:
976 2807 993 2840 <r
1007 2779 1103 2860 ludi,
1127 2779 1171 2846 fili
1188 2779 1242 2860 mi,
1256 2783 1290 2846 et
1305 2777 1428 2864 suscipe
1443 2777 1542 2872 verba

582 2913 669 2974 mea,
694 2899 730 2960 ut
752 2889 1002 2976 multiplicentur
1023 2885 1079 2954 tini
1104 2887 1178 2954 anni
1199 2885 1282 2954 vitae
1298 2909 1328 2966 »;
1355 2891 1384 2954 et
1409 2885 1542 2952 Prover-

581 2999 708 3068 biorum
731 2995 840 3066 tertio:
872 2993 1033 3080 «Lignum
1056 2991 1137 3060 vitae
1162 2999 1208 3060 est
1232 2993 1381 3076 sapientia
1412 2991 1461 3058 bis
1486 2989 1539 3076 qui

582 3101 846 3190 apprehenderint
870 3117 939 3166 eam
953 3125 985 3164 ε.
1009 3099 1068 3166 Sed
1086 3097 1221 3184 pecunia
1236 3097 1303 3164 sine
1317 3095 1470 3182 sapientia
1484 3095 1542 3162 tri-

582 3211 652 3278 buit
676 3211 823 3286 mortem;
848 3205 948 3272 lacobi
980 3203 1105 3290 quinto:
1132 3231 1148 3264 ε
1166 3203 1251 3290 agite
1281 3221 1383 3282 nunc,
1409 3201 1539 3298 divites,

581 3317 703 3400 plorate
725 3311 883 3380 ululantes
906 3311 939 3377 in
959 3309 1095 3378 miseriis
1118 3309 1272 3378 vestris».
1299 3309 1335 3374 m
1358 3307 1427 3374 ideo
1447 3323 1541 3392 prae-

581 3417 709 3488 ferenda
733 3420 780 3486 θεῖ
803 3415 952 3502 sapientie
966 3413 1138 3500 θθεεεὶεθε
1152 3413 1395 3482 proverbiorum
1412 3419 1539 3480 octavo:

587 3551 604 3584 «
621 3523 755 3610 Accipite
785 3519 968 3608 sapientiam
999 3527 1030 3586 at
1061 3537 1122 3586 non
1152 3515 1336 3604 pecuniam3
1364 3517 1540 3586 doctrinam

580 3629 681 3718 magis
701 3647 798 3716 quam
819 3645 936 3694 aurum
957 3625 1062 3712 eligite
1076 3653 1108 3692 ε.

672 3737 771 3824 (Vers.
802 3731 875 3812 ile).
902 3731 1081 3800 Concidere
1106 3749 1205 3818 opero
1233 3731 1292 3798 Dei
1312 3735 1371 3800 ete.
1394 3731 1457 3798 Hoc
1491 3737 1540 3800 θεῖ

581 3841 755 3912 secuudum
767 3839 1020 3916 documentum,
1038 3837 1068 3902 in
1085 3855 1149 3922 quo
1165 3837 1254 3904 docet
1268 3835 1447 3902 discretum
1463 3855 1540 3902 con-

580 3947 813 4020 siderationem
835 3943 1029 4010 divinornm
1058 3961 1195 4028 opernm
1232 3941 1297 4010 sive
1329 3941 1539 4022 iudiciorum,

581 4055 656 4142 quia
680 4069 773 4140 quem
797 4051 864 4136 ipse
885 4049 1016 4136 despicit
1045 4047 1271 4136 reprobationis
1303 4047 1418 4114 iudicio
1445 4067 1539 4116 nemo

581 4159 718 4228 reducit
738 4159 904 4242 Propterea
920 4153 1010 4220 dicit:
1031 4155 1210 4222 Concidere
1233 4171 1334 4240 opera
1351 4153 1421 4234 Dei,
1436 4153 1469 4220 iu
1490 4159 1539 4222 θεῖ

581 4265 687 4334 divina
708 4261 839 4340 iudicia,
864 4259 951 4350 qnod
978 4279 1069 4328 εθεεε
1097 4259 1203 4346 poscit
1226 4259 1412 4346 corripere,
1442 4279 1539 4348 quern

581 4351 633 4438 ille
656 4367 857 4454 desperarit,
879 4367 910 4434 id
933 4371 998 4446 est,
1022 4383 1117 4452 quem
1139 4367 1206 4452 ipse
1238 4385 1296 4432 suo
1325 4365 1440 4432 iudicio
1464 4365 1538 4432 visi-

581 4483 650 4544 tare
678 4473 822 4542 voluerit.
854 4471 939 4538 Unde
966 4469 1080 4538 dicitur
1109 4469 1201 4556 primi
1233 4473 1351 4556 ltegum
1378 4471 1538 4538 secundoi

580 4583 621 4652 de
641 4581 714 4648 filiis
739 4577 819 4646 lleli:
850 4603 866 4636 ε
882 4577 918 4642 Εῖ
939 4595 1003 4642 εοε
1016 4575 1194 4644 wandierunt
1217 4595 1324 4664 vocem
1349 4577 1446 4662 patris
1470 4577 1537 4658 sui,

581 4689 657 4776 quia
690 4683 791 4754 voluit
818 4681 972 4748 Dominus
1001 4679 1143 4750 occidere
1174 4697 1228 4748 eos
1241 4707 1273 4748 ».
1299 4681 1359 4748 lsta
1388 4699 1486 4768 opera
1505 4691 1539 4750 et

581 4793 696 4862 iudicia
718 4787 941 4858 consideranda
957 4793 1040 4862 ,sunt
1059 4785 1101 4850 ad
1121 4785 1285 4866 timorem,
1308 4785 1450 4854 Habacuc
1475 4793 1538 4852 ter-

580 4901 641 4970 tio:
672 4925 687 4958 ε
702 4891 901 4964 Consideravi
925 4911 1020 4978 opera
1044 4899 1099 4958 lua
1120 4897 1152 4958 et
1175 4891 1289 4976 expavi
1304 4919 1350 4958 »..·

458 5117 562 5164 Tertium.

672 5003 771 5090 (Vers.
801 5001 874 5082 lm),
902 5001 940 5064 ln
976 4997 1027 5062 die
1057 4995 1142 5064 bonu
1166 5003 1224 5064 etc.
1251 4997 1313 5064 Hoc
1337 5001 1384 5064 est
1409 4997 1538 5064 tertium

580 5111 822 5184 documentum,
848 5105 878 5172 in
902 5123 967 5190 quo
982 5101 1089 5180 docel,
1106 5101 1331 5170 discretionem
1346 5099 1538 5188 sectamura

581 5235 648 5284 θεεθ
672 5223 874 5302 ῖθεεθονεεε;
897 5207 974 5298 quia
995 5209 1078 5278 Deus
1102 5225 1165 5276 non
1186 5207 1293 5274 omnia
1307 5213 1450 5294 tempora
1466 5207 1539 5276 iecit

580 5321 798 5398 uniformiter,
828 5315 882 5384 sed
913 5315 1114 5396 difformiter,
1137 5321 1170 5382 θῖ
1199 5315 1294 5382 homo
1316 5331 1351 5382 se
1371 5315 1538 5400 disponere

551 5491 552 5494 ,
581 5427 675 5496 debet
695 5423 869 5500 secundum
891 5423 1015 5490 diversa
1039 5425 1188 5508 tempora.
1214 5421 1285 5488 ldeo
1305 5419 1398 5488 dicit:
1421 5421 1464 5488 in
1484 5419 1539 5488 die

581 5533 668 5600 bono
689 5531 804 5620 fruere
826 5527 933 5610 donis,
950 5527 983 5594 id
1004 5533 1065 5606 est,
1090 5545 1164 5594 cum
1184 5525 1299 5614 gaudio
1321 5525 1440 5594 bouum
1464 5545 1538 5612 ope-

651 5921 756 5976 1ῖῑθεε.
776 5923 801 5974 8.
818 5949 855 5960 —-
873 5921 1025 5988 Soqvtuntttr
1052 5921 1127 5972 Eucti.
1143 5921 1194 5982 43,
1215 5921 1263 5984 34);
1283 5921 1359 5972 Prov.
1387 5921 1418 5984 2,
1442 5921 1484 5970 lll.
1510 5927 1536 5972 et

579 6011 657 6066 Eruli.
676 6013 723 6078 29,
743 6011 791 6074 46,
809 6005 857 6062 ubi
874 6007 988 6072 Vulgata
1000 6008 1070 6060 bunc
1090 6011 1114 6058 et
1125 6021 1182 6074 seq.
1200 6019 1306 6058 versum
1321 6005 1427 6068 omittit;
1447 6019 1536 6058 occur·

578 6105 639 6154 runt
656 6099 727 6152 enim
744 6099 798 6152 iam
815 6111 841 6150 c.
860 6095 906 6160 47,
926 6095 936 6146 4
943 6095 971 6148 8.
987 6099 1013 6146 et
1034 6095 1078 6148 lt:
1097 6095 1265 6160 Eleemosyna
1289 6091 1341 6146 viri
1357 6093 1431 6160 quasi
1451 6093 1536 6158 signa-

578 6189 669 6242 culum
686 6199 748 6240 cum
765 6185 825 6254 ipso
845 6189 893 6236 elo.
912 6183 963 6238 Clr.
985 6181 1086 6236 llaban.
1104 6183 1128 6236 ln
1149 6185 1197 6236 bos
1217 6185 1303 6248 locos;
1323 6183 1350 6234 iu
1372 6181 1461 6246 primo
1479 6179 1535 6248 (47,

580 6273 636 6340 48.)
657 6273 798 6328 θεεθοεεθῖ
815 6285 876 6326 θεῖε
895 6269 1022 6336 Vulgata,
1040 6269 1066 6322 in
1086 6263 1281 6336 seecundo'ltlt,
1300 6269 1353 6336 46.)
1371 6267 1446 6332 legit:
1467 6269 1536 6320 Elee-

578 6375 689 6426 mosyna
717 6359 765 6414 viri
794 6359 868 6428 quasi
896 6357 1022 6424 surculus
1048 6371 1109 6410 cum
1136 6357 1194 6424 ipso
1223 6361 1290 6420 etc.;
1313 6355 1400 6416 Card„
1418 6357 1494 6422 Hugo
1520 6369 1535 6406 a

580 6447 606 6500 S.
624 6445 708 6500 Charo
728 6455 752 6502 et
770 6449 889 6514 Lyranus
908 6447 933 6500 iu
952 6449 1064 6514 utroque
1082 6447 1140 6500 loco
1159 6443 1253 6500 habeut
1272 6443 1409 6500 sacculos.

650 6531 661 6564 ²
680 6537 754 6590 Vers.
776 6537 816 6588 lu.
836 6565 871 6574 ·-
890 6533 1007 6590 Subinde
1025 6535 1168 6600 allegantur
1184 6535 1262 6588 Prov.
1281 6533 1311 6596 3,
1333 6533 1377 6596 le;
1391 6531 1439 6586 lac.
1460 6531 1488 6596 5,
1510 6531 1535 6584 4.

578 6627 606 6674 el
622 6623 700 6674 Prov.
719 6625 747 6688 8,
767 6625 814 6676 ld:
834 6623 949 6692 Accipite
968 6623 1131 6690 disciplinam
1151 6639 1236 6678 meam
1255 6631 1282 6678 et
1298 6639 1350 6678 non
1368 6629 1418 6678 etc

650 6705 753 6764 ³Vers.
773 6711 815 6764 25.
833 6741 868 6750 —
887 6713 947 6780 Seq.
968 6713 1040 6764 locus
1061 6717 1102 6764 θεῖ
1118 6711 1218 6766 Habeo.
1241 6713 1272 6780 3,
1291 6713 1319 6778 2,
1340 6711 1384 6766 ubi
1406 6711 1534 6776 Vulgata:

578 6795 702 6862 Ιῖοῖείεθ,
722 6797 811 6850 audivi
830 6797 989 6854 auditionem
1002 6803 1073 6854 luam
1090 6804 1114 6854 θῖ
1132 6801 1222 6866 timui,
1233 6799 1358 6864 Domine;
1377 6813 1446 6866 opus
1459 6803 1533 6852 tuum

578 6881 606 6936 iu
623 6883 711 6938 medio
730 6885 858 6938 annorum
876 6887 982 6940 vivbioa
999 6887 1074 6940 illud.
1094 6887 1280 6952 septuraginta:
1298 6887 1423 6956 Domine,
1442 6885 1533 6940 audivi
1559 6933 1561 6938 .

1231 599 1424 668 commem.
1448 601 1487 696 ΙΝ
1509 601 1778 672 ucctesmsrmt
1802 603 1832 670 C.
1858 605 1920 672 Vll.

1609 797 1697 860 rare;
1722 779 1928 850 Ecclesiastiei
1948 781 2070 850 decimo
2092 785 2205 868 quarto
2219 781 2249 846 4:
2279 803 2297 836 r
2310 779 2376 846 Non
2400 779 2565 870 defraude-

1610 883 1652 952 ris
1676 905 1693 952 a
1715 887 1765 954 die
1789 887 1887 966 bono,
1913 893 1944 956 et
1966 887 2121 974 particula
2142 887 2202 954 diei
2239 883 2312 952 boni
2334 903 2397 952 non
2422 890 2451 952 te
2474 905 2565 972 prae-

1609 995 1707 1060 tereat
1724 1019 1754 1072 »,
1778 993 1854 1078 qnia
1874 993 1907 1058 in
1931 995 1990 1062 hac
2011 995 2062 1062 die
2084 1000 2132 1066 est
2155 995 2243 1062 locus
2265 997 2298 1058 et
2331 995 2457 1076 tempus
2490 1009 2563 1078 npe-

1609 1097 1706 1164 randi.
1733 1097 1817 1166 Unde
1840 1097 1962 1166 loannis
1985 1117 2080 1166 nono:
2105 1101 2178 1166 «Me
2200 1099 2324 1184 oportet
2348 1095 2486 1180 operari,
2508 1095 2563 1162 dn

1608 1217 1666 1270 nec
1685 1201 1752 1270 dies
1775 1211 1822 1272 est
1836 1229 1869 1284 »3
1900 1203 2194 1286 simillumarum,
2220 1201 2303 1272 unde
2328 1199 2493 1286 apostolus
2525 1199 2563 1268 ad

1608 1307 1731 1376 Galatas
1744 1299 1876 1376 ultimo:
1907 1337 1923 1368 «
1938 1307 2115 1396 Operemur
2137 1311 2255 1378 bouum
2279 1307 2317 1376 ad
2342 1325 2464 1386 omnes,
2486 1307 2561 1374 dum

1608 1421 1733 1500 tempus
1754 1415 1950 1482 habemus».
1979 1415 2019 1482 lit
2049 1415 2176 1482 malurn
2206 1415 2294 1484 diona
2317 1429 2497 1500 praecoce,
2527 1409 2562 1478 il-

1608 1517 1669 1582 lam
1691 1517 1824 1596 scillcet,
1841 1519 1879 1586 de
1895 1537 1959 1605 qua
1982 1519 2155 1604 sophoniae
2177 1523 2281 1606 primo
2294 1519 2322 1586 ⁵:
2355 1519 2457 1586 «Dies
2480 1519 2562 1598 irae,

1607 1619 1674 1688 dies
1695 1621 1765 1700 illa,
1791 1623 1857 1688 dies
1889 1623 2103 1690 tribulationis
2122 1631 2154 1690 et
2187 1625 2367 1712 augustiae,
2390 1625 2457 1694 dies
2480 1625 2560 1692 cala-

1607 1725 1725 1790 mitatis
1745 1731 1775 1790 et
1799 1725 1943 1792 miseriae
1958 1751 1990 1790 a.
2015 1727 2072 1810 Qui
2107 1729 2175 1796 vult
2201 1729 2285 1796 banc
2317 1729 2401 1796 diem
2434 1749 2562 1814 praeca-

1607 1847 1682 1896 vere
1703 1847 1830 1898 necesse
1855 1829 1948 1898 babet
1970 1833 2141 1918 recogitare
2169 1835 2246 1900 illud
2273 1835 2477 1910 Ecclesiastici
2502 1857 2562 1904 un-

1607 1933 1757 2002 decimor
1773 1961 1790 1994 ε
1805 1937 1837 2000 ln
1861 1935 1911 2004 die
1943 1937 2099 2004 bonorum
2130 1955 2171 2004 ne
2199 1937 2365 2006 immemor
2396 1939 2438 2006 sis
2466 1941 2573 2006 malo»

1607 2057 1679 2106 rum
1696 2067 1728 2106 ε.
1760 2041 1818 2108 Ηθε
1850 2041 1917 2108 44θε
1945 2041 2017 2108 lecit
2048 2043 2199 2110 Dominus
2231 2049 2262 2110 et
2293 2043 2447 2112 ordinavit
2479 2045 2560 2122 lusto

1606 2147 1712 2226 modo;
1727 2145 1814 2216 ,ideo'
1829 2147 1922 2216 dicit:
1945 2147 2040 2216 Sient
2067 2147 2156 2216 eninr
2177 2147 2282 2228 burn,
2305 2147 2337 2216 id
2360 2155 2407 2216 est
2428 2149 2560 2232 bonam,

1606 2251 1654 2318 ric
1676 2259 1704 2318 et
1729 2251 1836 2332 illurn,
1862 2253 1980 2322 scilicet
1993 2254 2124 2336 malam,
2141 2253 2221 2342 fecit
2234 2255 2343 2334 Denc‚·
2357 2261 2388 2322 et
2405 2255 2465 2324 boe
2480 2255 2562 2324 iusto

1605 2359 1737 2426 iudicio:
1766 2361 1808 2428 m
1827 2381 1894 2428 non
1919 2359 2063 2428 inveniet
2085 2359 2179 2430 borno
2202 2369 2319 2430 contro
2343 2359 2436 2428 illuni
2452 2363 2559 2430 inatus

1605 2465 1839 2554 querimoniae.
1866 2465 1935 2534 ldeo
1958 2467 2040 2534 bona
2061 2467 2134 2536 lacit
2165 2473 2295 2554 propter
2326 2465 2443 2548 bonos,
2479 2469 2559 2534 mala

1605 2577 1714 2636 contra
1736 2573 1850 2652 malon,
1873 2573 1947 2656 quia
1971 2573 2001 2638 in
2031 2567 2176 2640 Psalmo!
2192 2599 2210 2632 ε
2226 2576 2330 2642 Iustus
2343 2573 2504 2642 ,Dominus
2528 2573 2559 2640 in

1605 2675 1751 2742 omnibus
1773 2673 1832 2742 viis
1856 2675 1922 2744 suis
1935 2703 1968 2742 ε.
2101 2745 2102 2750 ,

1693 2783 1795 2868 (Vers.
1823 2783 1897 2868 la).
1923 2783 2011 2850 Hecu
2036 2801 2161 2874 quoqne
2182 2783 2253 2852 nidi
2276 2785 2311 2854 in
2334 2785 2385 2854 die
2402 2787 2557 2880 nntinitn-
2577 2797 2694 2856 currum,

1606 2887 1646 2954 tis
1670 2907 1769 2954 mene.
1802 2885 1856 2954 llic
1884 2893 2012 2956 notatim
2041 2895 2189 2974 quartum
2223 2891 2466 2972 documentum,
2495 2911 2559 2978 quo

1604 2995 1710 3074 docet,
1735 2993 1962 3062 annectenda
1984 2995 2168 3082 dilipentem
2189 2995 2383 3086 faciendum
2406 3017 2473 3064 θεεθ
2493 3017 2558 3064 nne-

1605 3097 1764 3176 rilorunr,
1790 3117 1826 3164 eo
1851 3097 1935 3184 quod
1966 3101 2102 3166 multum
2131 3101 2256 3168 lateam.
2282 3099 2352 3168 Ideo
2373 3101 2467 3170 dicit:
2489 3103 2558 3170 Hoc

1604 3223 1731 3294 quoque
1751 3203 1823 3272 nidi
1846 3203 1881 3270 in
1910 3203 1962 3270 die
1991 3205 2177 3272 nativitatis
2199 3225 2307 3286 unce,
2334 3206 2451 3290 idest,
2475 3215 2558 3294 post-

1604 3327 1698 3396 quam
1723 3317 1815 3378 natus
1847 3329 1935 3390 sum,
1960 3311 2048 3392 nidi,
2072 3312 2132 3380 hoc
2162 3313 2304 3380 evenire:
2338 3315 2452 3380 luctus
2471 3315 2559 3402 peril

1604 3417 1638 3484 in
1663 3415 1793 3484 iustitio
1813 3435 1895 3496 ann,
1919 3417 1993 3502 quia
2016 3419 2106 3504 quasi
2128 3419 2243 3504 impius
2267 3419 2558 3504 reputatur31saiae

1604 3521 1863 3608 quinquagesimo
1885 3521 2017 3608 septimo
2030 3523 2059 3588 6:
2090 3551 2105 3584 «
2121 3525 2226 3592 lustus
2255 3525 2353 3608 perit,
2377 3543 2470 3592 nemo
2492 3531 2556 3606 est,

1604 3627 1657 3712 qui
1680 3627 1876 3712 recogitet».
1904 3629 1944 3694 m
1967 3629 2092 3716 impius
2117 3629 2214 3716 lonpo
2243 3629 2324 3698 nioit
2358 3639 2499 3716 tempore
2523 3631 2558 3698 in

1604 3733 1767 3820 impietate
1790 3753 1872 3812 eno,
1898 3735 1986 3820 quasi
2010 3741 2094 3804 esset
2121 3735 2242 3816 iustum
2268 3755 2307 3804 ev
2333 3753 2396 3822 quo
2417 3737 2557 3822 indigna·

1603 3839 1697 3906 batur
1728 3839 1872 3906 ieremias
1906 3838 2112 3907 duodecimo:
2136 3841 2279 3926 «Quare
2308 3841 2358 3906 via
2390 3841 2556 3928 impiorum

1602 3949 1824 4030 prosperatur,
1849 3945 1927 4012 bene
1958 3953 2004 4012 θεῖ
2020 3935 2191 4026 ‘omuibus
2215 3947 2270 4034 qui
2298 3947 2556 4030 praevaricantur

1602 4055 1632 4116 et
1656 4049 1762 4136 inique
1785 4055 1881 4136 agunt
1898 4057 1938 4116 »l
1964 4051 1998 4118 Et
2014 4049 2095 4118 inira
2109 4059 2235 4118 octavo:
2265 4079 2280 4110 «
2293 4053 2371 4136 Sunt
2387 4051 2472 4132 iusti,
2486 4053 2557 4138 qui·
2609 4129 2610 4134 ¹

1602 4157 1663 4222 bus
1684 4157 1768 4222 mala
1790 4155 1953 4236 eveniunt,
1970 4173 2005 4222 ac
2021 4157 2045 4224 si
2061 4175 2159 4242 opera
2180 4157 2301 4244 egerint
2315 4157 2502 4244 impiorum;
2526 4167 2556 4226 et

1603 4267 1676 4328 sunt
1697 4259 1802 4346 impii,
1826 4259 1880 4346 qui
1905 4259 1948 4328 ita
1964 4259 2065 4328 securi
2091 4267 2180 4342 sunt,
2198 4261 2287 4350 quasi
2303 4261 2460 4332 iustorum
2476 4261 2556 4332 lacta

1603 4367 1737 4436 babeant
1751 4393 1783 4432 a.

1966 4581 2190 4664 Qunusrtotvus

1690 4787 1712 4852 l.
1736 4787 1905 4872 Quaeritur
1927 4787 1967 4854 de
1988 4787 2048 4856 hoc
2073 4789 2157 4874 qnod
2178 4787 2268 4858 dicit:
2294 4789 2411 4858 Utilior
2432 4799 2480 4860 θεῖ
2501 4813 2556 4862 aa

1598 4891 1726 4980 pientio
1747 4913 1824 4958 cnm
1848 4891 1982 4958 diuitiis.
2549 4957 2551 4962 ,

1666 5029 1667 5032 “
1693 5001 1722 5066 4.
1737 4999 1817 5084 Ergo
1832 4997 1945 5066 melius
1961 5003 2025 5078 est,
2040 5017 2108 5066 θεεθ
2123 4999 2251 5070 divitem
2268 5003 2437 5088 sapientem
2459 5023 2554 5090 quam
2574 5005 2711 5114 Αᾱιθθεοεῑ·

1601 5121 1773 5190 pauperem
1806 5105 1995 5190 sapientem:
2027 5123 2102 5192 ergo
2125 5125 2193 5176 θεεθ
2226 5127 2398 5194 pauperem
2422 5131 2484 5180 uon
2508 5119 2554 5180 est
2659 5101 2665 5114 ’

1601 5213 1701 5277 εῖθῖεε
1724 5209 1900 5296 perfectior.

1689 5319 1721 5384 D.
1744 5315 1922 5396 Praeterea,
1952 5333 2035 5384 «ars
2057 5325 2090 5384 et
2111 5319 2216 5390 virtus
2237 5321 2322 5390 circa
2344 5321 2507 5390 difficilia⁷
2524 5351 2553 5406 »3

1601 5423 1656 5492 sed
1677 5421 1837 5490 difficilius
1858 5427 1916 5508 θεῖ
1936 5421 2025 5490 diviti
2046 5423 2161 5492 salvari
2185 5443 2280 5512 quam
2301 5427 2452 5516 pauperi:
2479 5447 2571 5516 ergo

1603 5529 1731 5604 maioris
1751 5527 1879 5596 virtutis
1902 5535 1966 5596 est:
1988 5547 2065 5616 ergo
2089 5529 2274 5598 laudabilior
2296 5535 2406 5598 status.

1598 5921 1717 5972 auditum
1742 5925 1817 5972 tuum
1841 5925 1865 5972 el
1885 5921 1975 5982 timui3
2000 5919 2164 5972 considerari
2189 5933 2271 5984 opera
2300 5925 2343 5972 lua
2367 5927 2392 5974 el
2410 5921 2552 5990 obstupui;

1598 6007 1625 6058 in
1645 6007 1732 6060 medio
1751 6009 1864 6060 duorum
1884 6007 2034 6060 animalium
2054 6011 2228 6072 cognosceris.

1668 6089 1680 6122 ⁴
1699 6095 1773 6146 Vers.
1793 6093 1840 6160 44,
1859 6091 1906 6146 ubi
1923 6095 2036 6158 Vulgata
2049 6091 2124 6148 ‘duni
2146 6093 2211 6148 doni
2233 6109 2283 6160 pro
2306 6095 2359 6152 diri
2382 6093 2457 6166 boni,
2479 6101 2553 6168 quod

1598 6179 1704 6234 exbibet
1720 6179 1797 6234 eliam
1816 6179 1895 6236 card,
1912 6181 1988 6248 lingo
2007 6195 2022 6232 a
2041 6181 2067 6234 S.
2086 6179 2179 6236 Charo.
2192 6211 2227 6224 -
2240 6169 2391 6252 Sequuntur
2402 6191 2472 6242 loan.
2484 6191 2514 6258 9,
2528 6191 2553 6244 4.

1599 6267 1722 6336 (Vulgata
1739 6269 1815 6334 plura
1834 6269 1986 6338 interserit),
2006 6269 2061 6322 Gal.
2081 6271 2110 6332 6,
2131 6271 2172 6324 lo.

1667 6353 1680 6384 ⁵
1700 6359 1776 6412 Vera.
1798 6359 1840 6410 45.
1857 6385 1896 6398 -
1913 6359 2065 6426 Sequuntur
2083 6359 2158 6412 Eccli.
2179 6361 2226 6426 44,
2247 6363 2289 6416 el.
2309 6371 2334 6420 el
2351 6369 2393 6422 Ps.
2412 6367 2478 6428 444,
2489 6369 2510 6432 Ι4
2516 6367 2540 6420 i.

1669 6439 1680 6472 ⁶
1700 6447 1776 6510 Vers.
1795 6447 1819 6498 4.
1838 6449 1887 6500 Pro
1905 6459 1982 6500 nemo
2000 6449 2040 6500 esi
2057 6447 2169 6512 Vulgata
2194 6465 2249 6506 nort
2272 6457 2319 6508 cst.
2342 6483 2380 6494 -
2402 6457 2553 6522 Sequuntur

1598 6535 1646 6586 ler.
1665 6533 1713 6600 la,
1733 6533 1758 6586 4.
1777 6535 1952 6598 ardedat,
1971 6533 2014 6588 4-4.
2033 6535 2144 6602 Vulgata
2155 6539 2326 6606 proueniunt
2342 6539 2422 6610 quusi
2438 6555 2486 6608 pro
2500 6555 2553 6596 rre-

1598 6619 1677 6674 ninnt
1695 6635 1728 6676 ac
1744 6623 1777 6676 ri.
2087 6681 2088 6684 ,

1667 6705 1678 6736 ³
1699 6709 1816 6776 Aristot,
1835 6715 1863 6766 ll.
1883 6713 1965 6768 Etbic.
1984 6729 2008 6766 c.
2027 6715 2052 6768 3.
2071 6713 2123 6770 Cir.
2142 6731 2220 6782 supra
2240 6733 2303 6784 pag.
2324 6719 2371 6784 lt,
2390 6725 2451 6770 nolu
2470 6719 2496 6770 8.
2516 6743 2554 6758 -··

1598 6797 1708 6850 interius
1725 6803 1785 6862 post
1801 6803 1890 6854 alolde
1909 6801 1929 6854 Α
1948 6801 2021 6856 addit
2037 6801 2136 6858 discitis.
