5900 8266
1220 493 1414 560 caunum.
1441 493 1477 562 ΙΝ
1501 493 1668 562 ramniu
1689 495 1722 562 C.
1746 497 1820 564 XIV.

519 673 675 760 quibus1.
704 709 747 722 -
774 673 833 740 Sed
857 671 936 738 baec
961 669 1076 738 solutio
1106 687 1170 736 non
1192 675 1241 736 εει
1270 669 1477 750 conveniens,

519 779 593 864 quia
625 779 775 846 Dominus
798 779 830 844 in
846 817 847 822 =
864 775 1124 862 praecedentibus
1145 775 1323 860 excipiebat
1351 775 1477 842 ludam:

521 881 594 952 Nou
618 885 656 952 de
680 883 831 952 omuibus
854 881 939 948 dico.

389 1063 397 1078 ,
608 991 703 1058 Aliter
731 986 954 1072 respondetur,
988 987 1071 1074 qaod
1102 985 1241 1054 sciebant
1270 991 1303 1054 et
1324 985 1417 1054 uiam
1446 993 1479 1054 ει

398 1113 464 1172 nasu
479 1115 501 1160 ε.
519 1097 717 1174 termimum,
744 1093 798 1162 sed
821 1111 883 1160 non
905 1093 967 1158 sua
992 1093 1051 1158 illu
1073 1093 1222 1172 rotiana,
1258 1093 1318 1160 sub
1346 1111 1410 1178 qua
1433 1092 1479 1159 lo-

520 1201 693 1288 quebatur,
715 1207 753 1264 ut
774 1215 929 1284 cognosco
950 1197 1128 1278 Corisaum,
1151 1197 1205 1266 sed
1229 1217 1291 1264 oon
1315 1199 1347 1264 in
1378 1217 1479 1284 quan-

520 1305 831 1380 lumenarebus:
856 1303 979 1372 otideo
1002 1321 1147 1390 possum,
1173 1303 1332 1372 Coriscum
1364 1323 1479 1392 cagna-

519 1431 628 1492 scem,
650 1429 807 1498 quaerere
829 1417 861 1478 et
883 1411 1033 1478 dubitare
1054 1411 1090 1478 de
1108 1411 1176 1498 ipso
1199 1411 1259 1480 sub
1283 1411 1404 1480 ratione
1430 1433 1479 1480 aa·

518 1517 674 1582 uisurus

609 1623 673 1690 lllio
696 1623 787 1690 modo
805 1623 930 1706 dicitur,
946 1625 1029 1710 quad
1048 1625 1199 1706 sciebant,
1217 1627 1270 1694 sed
1288 1645 1350 1692 non
1367 1627 1478 1694 adrer-

398 1753 464 1810 εει.
479 1753 501 1798 a.
519 1729 627 1798 lebant
647 1729 698 1798 vel
720 1729 885 1798 actualiter
908 1731 1185 1810 consideraoaot³;
1210 1739 1242 1800 et
1264 1733 1332 1802 idea
1362 1733 1478 1818 Philip-

518 1855 579 1922 pus
603 1837 816 1922 reprehensus
836 1839 897 1906 luit
920 1839 957 1906 de
982 1839 1270 1906 inconsideratione.

612 1949 660 2012 ιι.
686 1945 811 2032 Quaest.
835 1947 870 2012 ll.
901 1945 959 2014 Sed
993 1951 1067 2012 tunc
1090 1945 1256 2032 quaeritur
1279 1945 1317 2012 de
1347 1963 1479 2030 respon·

518 2053 605 2120 sione
629 2053 752 2120 Domini
774 2053 814 2120 ad
836 2053 1006 2118 Thomam:
1045 2053 1112 2136 ,on
1141 2071 1218 2116 sum
1249 2051 1318 2128 uia,
1354 2051 1478 2116 veritas

518 2165 549 2226 et
570 2159 648 2228 citu.
668 2197 708 2208 -
722 2159 883 2242 Quomodo
906 2157 989 2224 idem
1013 2157 1093 2244 ipse,
1118 2157 1173 2242 qui
1195 2155 1304 2236 audit,
1327 2161 1376 2224 est
1397 2155 1477 2224 oio?

518 2265 681 2350 Quomodo
696 2265 789 2332 etiarn
807 2265 873 2348 ipse
886 2269 935 2330 est
949 2263 1017 2330 uita
1043 2269 1073 2330 et
1097 2261 1282 2330 taratauc?
1302 2263 1364 2330 Hoc
1385 2263 1477 2330 valde

518 2371 642 2440 videtur
667 2371 896 2438 inconveniens.
938 2415 939 2418 ,

572 2537 573 2540 ,
610 2477 801 2558 Dicendum,
824 2477 909 2562 quad
939 2477 1005 2560 ipse
1029 2483 1099 2557 est,
1127 2475 1185 2564 qui
1211 2477 1323 2554 curiit,
1356 2483 1386 2544 et
1415 2495 1477 2562 per

435 2605 500 2662 resp.
518 2605 615 2674 quem
638 2585 719 2664 itur,
744 2591 774 2650 et
799 2583 844 2650 od
874 2601 968 2672 quem
991 2583 1201 2670 peruentum
1226 2589 1256 2650 et
1289 2583 1331 2650 ita
1355 2589 1401 2650 εει
1427 2601 1476 2648 εε-

517 2691 621 2770 iiiuc,
644 2707 727 2777 quae
761 2688 864 2768 vadit;
896 2691 969 2768 uia,
995 2707 1052 2774 per
1086 2707 1180 2774 quam
1204 2689 1289 2770 itur;
1319 2689 1406 2768 aito,
1436 2689 1476 2754 ad

460 2787 466 2792 Ἢ
517 2815 614 2884 quam
635 2797 829 2882 pervenitur.
858 2797 890 2860 Et
915 2797 974 2862 boc
998 2803 1126 2880 propter
1149 2797 1362 2880 pluralitatem
1383 2801 1476 2862 natu-

517 2923 644 2972 rarum:
671 2905 745 2990 quia
760 2899 867 2980 bauco,
884 2901 984 2982 vadit;
1008 2903 1083 2986 quia
1101 2903 1197 2980 Deua,
1215 2901 1377 2980 terminat;
1402 2901 1477 2986 quia

515 3009 680 3076 mertiutar
704 3009 763 3076 Dei
785 3007 1146 3086 sustantionensi
1172 3007 1262 3072 viam.
1358 3063 1360 3066 .

610 3119 658 3184 la.
684 3115 810 3200 Quaest.
834 3115 879 3178 lll.
906 3115 981 3180 ltem
1004 3113 1170 3198 quaeritur
1193 3113 1232 3180 de
1255 3113 1476 3198 responsione,

496 3241 614 3310 quam
634 3223 689 3288 dat
710 3221 867 3306 Philippo:
899 3223 1002 3288 Tanto
1027 3229 1168 3306 tempore
1190 3221 1359 3288 uobiscum
1380 3241 1475 3302 sum,

516 3337 546 3394 et
567 3349 633 3394 nou
656 3327 837 3416 capuoaisir'
859 3327 933 3394 rue?
1031 3383 1032 3386 .
1120 3377 1122 3380 -
1370 3381 1371 3384 .

519 3471 520 3474 π
606 3435 737 3502 Videtur
758 3451 801 3500 ex
825 3435 902 3512 boc,
927 3433 1009 3520 quod
1034 3433 1194 3518 Philippus
1211 3434 1351 3501 nondum
1374 3433 1476 3502 eredi-

515 3543 612 3610 disset
633 3541 666 3608 in
682 3541 852 3608 Christum.
874 3541 994 3608 -Sed
1017 3547 1094 3608 tunc
1115 3541 1271 3626 quomodo
1294 3541 1477 3610 dictumest

516 3649 638 3736 supra⁵
664 3649 708 3726 ei,
727 3649 810 3734 quod
834 3655 916 3714 esset
932 3649 1087 3728 mundus,
1108 3667 1179 3714 cum
1196 3649 1304 3714 nullus
1327 3649 1367 3714 sit
1382 3666 1476 3713 mun-

515 3757 575 3822 dus
600 3755 658 3822 nisi
685 3771 741 3838 per
763 3755 880 3820 tidem?
897 3755 991 3820 -Si
1012 3761 1050 3820 tu
1072 3753 1184 3834 dicos,
1209 3755 1293 3840 quod
1309 3754 1473 3832 credebat;

516 3861 675 3948 quomodo
689 3879 779 3946 ergo,
797 3873 868 3928 cum
884 3861 1007 3928 Patrem
1024 3867 1056 3928 et
1070 3859 1180 3928 Filium
1197 3861 1281 3928 dicat
1295 3877 1363 3928 esse
1378 3859 1476 3928 unius

514 3967 684 4048 essentiae,
709 3965 867 4052 quomodo
896 3965 1005 4030 nidere
1031 3967 1168 4030 Putrem
1198 3965 1371 4050 quaerebat
1385 3971 1398 4030 ι
1422 3965 1475 4030 Vi-

515 4073 620 4152 detur,
644 4073 730 4158 quod
752 4071 946 4138 contrarium
970 4069 1043 4138 lidei
1065 4069 1242 4138 crediderit.

605 4179 646 4246 ld
671 4181 730 4246 boc
752 4177 934 4256 dicendum,
972 4177 1055 4264 quod
1086 4177 1247 4262 Philippus
1271 4177 1419 4246 credebat
1440 4177 1472 4244 in

408 4297 409 4300 ’
431 4303 497 4360 aup.
512 4285 588 4356 ‘eum
606 4293 636 4354 et
660 4285 806 4354 credebat
819 4285 983 4368 aequalem
1006 4285 1089 4350 Patri
1106 4289 1136 4350 ει
1156 4301 1255 4350 unum
1272 4285 1302 4350 in
1327 4285 1474 4368 substan-

514 4393 573 4472 tia;
599 4393 632 4460 iu
657 4389 771 4456 babitu
796 4391 855 4458 boc
877 4389 1034 4458 credebat.
1052 4389 1110 4456 Sed
1124 4389 1200 4474 quia
1217 4397 1292 4458 tuno
1307 4389 1419 4456 Filium
1433 4389 1473 4456 de

514 4501 607 4566 Patre
628 4499 773 4566 distincte
797 4495 881 4582 loqui
906 4497 1068 4576 audiebat,
1094 4497 1217 4564 volebat
1239 4513 1311 4564 erim
1330 4503 1361 4564 ει
1376 4513 1473 4582 quae-

514 4607 606 4674 rebat
626 4605 777 4674 distincte
807 4605 936 4684 uidera-
968 4605 1052 4690 quod
1079 4621 1141 4672 non
1173 4603 1397 4690 quaesivisset,
1421 4603 1472 4668 si6

585 5053 595 5084 ¹
615 5053 666 5110 Cir.
686 5069 765 5120 supra
786 5069 849 5120 pag.
867 5053 932 5116 l36,
945 5059 1005 5106 nota
1022 5054 1062 5105 ta.
1078 5053 1159 5106 rerba
1176 5055 1290 5108 Glossae.
1305 5053 1471 5110 -Subinde

512 5147 640 5210 allegatur
653 5135 728 5196 *loon
746 5143 795 5208 ι3,
815 5143 848 5194 l8
860 5161 866 5194 z
879 5143 940 5210 ¹Non
960 5143 992 5194 de
1011 5143 1136 5194 omnibus
1155 5141 1231 5194 vobis
1250 5143 1318 5196 dieo.

470 5293 472 5296 ¹
563 5227 595 5302 ,χι
614 5231 654 5284 aa
672 5245 728 5284 rem
746 5229 926 5284 illustrandam
951 5229 1034 5280 utitur
1060 5229 1086 5280 S.
1114 5227 1210 5280 Doctor
1237 5231 1371 5292 exemplo,
1397 5229 1470 5296 quod

512 5321 585 5386 apud
605 5319 724 5384 Aristeu,
743 5319 770 5370 ll.
791 5317 894 5370 Elench.
914 5331 936 5368 c.
956 5317 981 5368 ι.
1000 5315 1035 5382 (c.
1054 5315 1107 5382 ιι.)
1121 5317 1235 5368 accurrit
1247 5321 1274 5368 et
1286 5315 1349 5368 ibid.
1367 5317 1471 5380 plenius

513 5409 683 5474 examinatur,
704 5423 735 5460 an
755 5415 781 5460 et
798 5407 933 5474 quomoda
962 5407 1056 5458 valeat.
1084 5433 1119 5446 ·-
1144 5405 1190 5456 Ed.
1220 5405 1341 5470 superios
1367 5419 1416 5470 pro
1442 5403 1471 5458 iu

514 5501 648 5568 quactum
660 5497 799 5550 ‘substituit
816 5495 847 5548 iu
863 5509 917 5564 quo
929 5491 1020 5560 moda,
1036 5499 1060 5546 et
1080 5493 1121 5546 nic
1140 5493 1203 5558 legit
1221 5491 1349 5548 aauicutia
1367 5491 1471 5548 beccel

512 5587 567 5640 otio
596 5585 684 5640 modo.
717 5583 761 5638 Vei
789 5583 888 5638 dicitur·
916 5591 966 5636 etc.
989 5583 1018 5636 ln
1037 5589 1095 5634 nota
1115 5583 1216 5634 adiecta
1234 5581 1338 5648 quaerit
1355 5583 1469 5636 Bonelli:

515 5695 530 5722 a
543 5677 594 5728 Sed
613 5675 678 5742 quid
697 5679 737 5726 est
764 5671 930 5728 Obarisaua?
949 5673 1017 5726 Num
1037 5671 1084 5738 qui
1101 5671 1197 5724 dicitur
1217 5669 1401 5736 Oboricuuus,
1424 5677 1470 5724 aut

513 5761 675 5828 Oboricistu,
694 5761 723 5816 id
741 5769 781 5816 est
798 5761 871 5814 ebori
889 5767 1007 5816 cantor...
1027 5761 1062 5812 An
1081 5761 1128 5830 'qui
1142 5765 1307 5824 nuncupatur
1328 5759 1470 5828 Oborapuc

510 5853 567 5906 sive
587 5851 639 5904 dux
653 5851 758 5904 ebori...
777 5851 900 5918 Nunquid
920 5849 1056 5918 Obarapus
1076 5851 1131 5902 sire
1150 5853 1228 5912 capot
1252 5849 1392 5900 choreae...
1412 5847 1470 5900 sive

512 5941 681 6004 Charondae,
704 5937 730 5990 id
749 5945 789 5992 est
806 5939 937 5992 saltator...
950 5937 990 5990 Ab
1003 5939 1059 5990 aliis
1073 5935 1176 5990 edoceri
1190 5935 1293 5998 malim,
1311 5947 1393 6000 quam
1406 5935 1470 5988 alios

510 6017 607 6082 docere
619 6047 645 6080 a.
673 6025 726 6080 Cir.
753 6041 822 6094 quae
842 6033 906 6080 tom.
924 6027 951 6078 ll.
973 6039 1034 6090 pag.
1053 6025 1119 6088 ιιι,
1140 6029 1199 6076 nota
1220 6023 1260 6074 lb.
1285 6035 1316 6072 ex
1335 6023 1399 6076 lacis
1415 6025 1470 6076 Ari·

510 6121 570 6168 slot.
590 6115 717 6178 diximuS,
735 6115 789 6166 scil.
808 6115 881 6182 quod
902 6115 1039 6180 Sopbistae
1057 6113 1197 6166 utebantur
1216 6111 1322 6164 nomine
1345 6111 1406 6164 ficto
1423 6111 1470 6166 Co·

510 6203 569 6256 risci
597 6203 630 6256 ad
655 6205 822 6268 exponendas
848 6217 909 6256 suas
932 6203 1053 6256 lallacias.
1078 6201 1269 6266 Adiungimus,
1288 6199 1361 6266 quod
1380 6203 1470 6254 Herm.

510 6291 616 6354 Bonitz,
629 6291 657 6342 in
669 6291 754 6344 indice
775 6291 935 6344 Aristotelico
956 6289 1078 6358 (berolini
1100 6289 1177 6358 t870)
1197 6289 1248 6340 ait:
1267 6283 1401 6356 Κορίσκος
1417 6289 1470 6342 εει-

504 6385 594 6434 ιειειῃ
612 6395 708 6432 nomen
728 6379 760 6432 ad
780 6379 981 6444 significandum
1001 6377 1145 6448 quemlibet
1161 6379 1303 6430 bominem.

582 6465 737 6536 ³Augost.‚
757 6469 785 6520 in
803 6469 871 6520 loon.
892 6473 989 6534 Evang.
1020 6475 1050 6522 tr.
1078 6471 1118 6520 aa.
1148 6485 1173 6522 n.
1199 6471 1227 6520 l:
1253 6467 1303 6520 Sed
1324 6467 1406 6520 nescit
1428 6469 1470 6520 ille

495 6565 500 6568 “
511 6555 667 6628 [Dominus]
687 6559 805 6610 mentiri:
827 6571 891 6622 ergo
919 6557 961 6609 isti
986 6557 1104 6610 sciebant
1127 6567 1154 6612 et
1177 6559 1245 6610 scire
1264 6547 1291 6608 εε
1310 6555 1470 6610 nesciebant.

509 6673 547 6686 -
564 6647 612 6700 Ed.
629 6661 691 6700 cam
711 6649 829 6698 Gorrana
848 6643 991 6700 actualiter
1011 6659 1066 6700 uara
1085 6643 1299 6700 considerabant.
1330 6667 1331 6670 ¹

582 6733 594 6766 ⁴
611 6735 692 6802 Epist.
713 6735 729 6786 l.
746 6735 813 6788 Tim.
835 6739 864 6798 ι,
884 6737 909 6788 5.
927 6733 979 6786 Cir.
998 6747 1080 6798 supra
1099 6749 1160 6802 pag.
1179 6735 1245 6798 437,
1266 6739 1324 6786 nota
1344 6733 1368 6796 3,
1382 6741 1407 6786 ει
1419 6735 1470 6788 Au·

511 6829 594 6890 gast,
611 6823 638 6876 in
658 6827 726 6876 loan.
744 6825 844 6888 Evang.
863 6831 894 6876 tr.
915 6823 957 6874 69.
976 6837 1002 6874 n.
1022 6827 1046 6876 ι.
1066 6839 1141 6892 seqq.

2434 499 2499 566 aaa

1543 670 1769 740 considerasset
1793 673 1943 742 essentiae
1967 673 2128 742 unitatem.
2155 673 2226 742 Ideo
2246 691 2289 742 ex
2312 673 2365 740 tali
2389 674 2499 742 sobre

1541 777 1647 862 ptione
1682 781 1844 846 venialiter
1877 781 2034 866 peccarit,
2057 789 2088 848 ει
2111 771 2180 848 ideo
2210 779 2454 864 reprehenditur
2483 799 2500 846 a

1543 883 1685 952 Domino.

1633 993 1685 1058 le.
1708 993 1833 1078 Quaest.
1859 995 1906 1060 lV.
1924 995 2017 1074 ltem,
2042 995 2118 1080 quid
2142 1003 2188 1062 est
2209 995 2295 1082 quod
2315 993 2410 1062 dicit:
2435 993 2502 1078 Qui

1542 1095 1629 1162 uidet
1650 1117 1701 1164 mc
1725 1099 1811 1164 videt
1832 1107 1863 1166 ct
1886 1099 2067 1168 Putrem?

1630 1203 1710 1288 Quia
1733 1203 1827 1272 Filius
1852 1205 1981 1272 risibilis
2002 1207 2106 1274 lactus
2126 1215 2191 1288 est,
2217 1207 2271 1276 sed
2299 1207 2388 1276 Pater
2414 1225 2499 1276 man-

1542 1307 1581 1376 sit
1605 1307 1778 1374 invisibilis.
1799 1345 1838 1356 ·-
1857 1309 1893 1376 Si
1917 1319 1950 1376 tu
1976 1311 2089 1390 dicar,
2114 1313 2197 1398 quod
2223 1315 2364 1400 loquitur
2388 1331 2499 1382 secun-

1541 1413 1618 1480 dum
1641 1413 1863 1494 Divinitatem3
1886 1417 1946 1480 hoc
1971 1417 2048 1482 nibil
2072 1425 2140 1486 est:
2166 1419 2264 1504 quia⁷
2287 1423 2391 1488 Deum
2408 1441 2499 1486 nemo

1541 1519 1625 1586 uidit
1645 1537 1815 1606 uuquam,
1840 1537 1897 1586 nec
1922 1521 2044 1588 Patrem
2066 1541 2124 1590 nec
2139 1525 2270 1606 Filium,
2288 1527 2378 1612 quia,
2405 1527 2427 1594 si
2452 1527 2499 1594 Fi-

1543 1623 1636 1702 lium,
1663 1627 1738 1690 tuno
1760 1629 1794 1688 et
1814 1623 1947 1690 Patrem.
2483 1709 2484 1712 Ἴ

1630 1729 1833 1796 Rusaounso:
1858 1729 2048 1810 Dicendum,
2064 1733 2151 1818 quad
2170 1735 2311 1820 loquitur
2327 1739 2366 1806 de
2380 1739 2499 1806 visione
2518 1749 2584 1804 assa·

1541 1835 1737 1915 Divinitatis‚
1759 1855 1820 1902 non
1847 1837 2059 1908 humanitatis.
2086 1839 2143 1906 Sed
2168 1841 2228 1906 boc
2249 1849 2298 1908 εει
2320 1845 2498 1928 dupliciter,
2518 1855 2602 1920 ouppx
2618 1855 2652 1900 u-

1541 1943 1660 2010 scilicet
1684 1961 1743 2028 per
1772 1943 1889 2028 fideus,
1915 1943 1996 2012 siout
2018 1945 2169 2012 uidemus
2190 1967 2283 2014 uuae
2300 1967 2363 2032 per
2386 1969 2499 2038 specu·
2561 1921 2602 1954 ⁵¹⁰⁶

1543 2049 1612 2128 lum
1643 2049 1680 2116 ιιι
1709 2049 1943 2134 accipiunto&-
1976 2055 2005 2116 ει
2035 2053 2262 2138 perspectam.
2300 2053 2336 2122 at
2358 2057 2498 2142 loquitur

1541 2155 1593 2222 bic
1616 2155 1655 2224 de
1679 2155 1803 2224 risionew
1819 2173 1876 2242 per
1898 2155 2019 2242 fidem?
2043 2159 2248 2243 quianullus
2272 2161 2409 2246 perlecto
2430 2179 2499 2230 cre·

1541 2261 1586 2326 dit
1609 2261 1640 2326 in
1666 2261 1794 2342 lilium,
1817 2261 1894 2346 quin
1919 2263 2011 2328 etiam
2036 2265 2064 2330 in
2093 2265 2223 2332 Patrem.

1629 2371 1681 2434 aa.
1707 2371 1844 2452 Quaest.
1859 2369 1892 2434 V.
1917 2369 1993 2434 ltem
2016 2371 2181 2456 quaeritur
2203 2371 2241 2440 de
2264 2372 2324 2440 hoc
2349 2375 2432 2458 quod
2453 2375 2498 2440 di·
2557 2393 2558 2396 ’

1541 2473 1605 2542 cit:
1629 2477 1697 2560 Epo
1723 2475 1758 2540 ab
1785 2475 1905 2554 Patre,
1934 2483 1967 2542 et
1994 2477 2101 2542 Pater
2130 2477 2168 2544 iu
2197 2497 2256 2544 rue.
2282 2515 2326 2527 -
2351 2479 2496 2548 Contra:

1540 2581 1628 2648 Tunc
1652 2581 1799 2666 arguitur
1821 2599 1863 2648 ex
1886 2581 1969 2648 hoc:
1991 2599 2067 2668 ergo
2092 2585 2181 2650 Pater
2205 2591 2251 2652 est
2276 2587 2305 2652 in
2332 2587 2429 2656 Patre.
2457 2627 2496 2638 -

1540 2687 1709 2770 Quaeritur
1733 2687 1848 2752 etiam:
1871 2705 1972 2772 quare
1986 2705 2048 2754 non
2060 2689 2219 2774 recipitur
2240 2691 2321 2758 ista:
2339 2694 2427 2760 Pater
2452 2701 2498 2762 εει

1521 2887 1523 2890 ¹
1539 2793 1571 2860 in
1596 2795 1712 2860 Patre?

1628 2901 1835 2986 llosrouoco:
1862 2901 2052 2982 Dicendum,
2087 2903 2168 2988 quod
2183 2975 2185 2978 ,
2202 2905 2279 2970 haec
2307 2907 2497 2992 praepositio
2516 2915 2583 2968 Berr-

1540 3007 1595 3088 iu,
1619 3007 1693 3094 quia
1712 3007 1934 3094 praepositio,
1959 3007 2108 3094 importat
2123 3011 2400 3094 distinctionem⁹;
2423 3015 2499 3100 quia

1541 3133 1616 3182 uera
1640 3113 1719 3180 baec
1741 3115 1944 3200 praepositio,
1977 3115 2123 3200 importat
2148 3117 2299 3184 esseutiae
2323 3119 2496 3202 unitatem;

1539 3221 1609 3288 ideo
1639 3221 1840 3302 conceditur,
1871 3221 1957 3306 quod
1988 3221 2077 3288 Pater
2107 3223 2140 3288 in
2170 3223 2262 3304 Filio,
2287 3229 2317 3292 et
2341 3225 2434 3292 Filius
2465 3229 2498 3294 in

1541 3329 1638 3394 Patre.
1673 3325 1731 3394 Sed
1761 3345 1824 3394 non
1856 3325 2019 3412 sequitur,
2043 3327 2127 3412 quad
2154 3331 2241 3396 Pater
2264 3331 2294 3396 in
2321 3331 2409 3400 Patre
2440 3335 2496 3414 sit,

1539 3435 1635 3500 immo
1660 3442 1706 3502 εει
1729 3435 1772 3500 lbi
1796 3435 1967 3514 oeciriaus,
1990 3433 2072 3502 sicut
2096 3435 2167 3502 bic:
2200 3455 2256 3522 ego
2287 3455 2355 3504 sum
2390 3439 2516 3508 similis·

1540 3541 1614 3620 tibi,
1638 3547 1670 3608 ει
1694 3548 1728 3607 tu
1753 3541 1853 3606 mibi:
1875 3557 1952 3626 ergo
1975 3559 2033 3626 ego
2054 3559 2126 3606 sum
2156 3541 2265 3608 similis
2286 3541 2386 3624 mibi;
2410 3545 2496 3610 occi-

1539 3647 1635 3724 detur,
1661 3647 1735 3730 quia
1757 3647 1941 3712 similitudo
1959 3647 2107 3732 importat
2131 3649 2225 3716 simul
2248 3649 2496 3718 convenientiam

1539 3757 1569 3820 ει
1593 3753 1871 3820 distinctiuncula.
2215 3845 2216 3850 Ἰ
2490 3785 2491 3788 =

1579 3853 1580 3856 ’
1627 3861 1679 3926 bl.
1717 3859 1842 3942 Quaest.
1872 3859 1920 3926 Vl.
1950 3859 2026 3926 ltem
2055 3861 2221 3946 quaeritur
2252 3863 2290 3928 de
2323 3863 2382 3930 hac
2411 3865 2496 3950 quod

1538 3963 1632 4030 dicit:
1661 3965 1725 4046 Qui
1746 3965 1851 4032 credit
1873 3963 1911 4030 iu
1931 3985 2000 4044 ma,
2027 3985 2147 4052 opera,
2168 3985 2253 4054 quoa
2269 3989 2326 4056 epo
2341 3967 2452 4058 (iccio,
2468 3979 2498 4038 ει

1538 4069 1606 4154 ipse
1628 4067 1737 4154 faciet.

1630 4179 1658 4242 l.
1682 4177 1744 4242 Hoc
1768 4176 1880 4244 falsum
1905 4186 1973 4245 est:
1996 4177 2071 4264 quia
2094 4199 2190 4264 opera
2206 4181 2259 4248 illa
2274 4189 2363 4250 crant
2387 4189 2496 4270 poten·

1537 4283 1599 4350 tiae
1619 4281 1781 4350 infinitae:
1804 4301 1880 4370 ergo
1904 4285 2011 4352 nullus
2033 4285 2088 4352 illa
2108 4284 2181 4354 facit
2204 4287 2263 4354 nisi
2286 4291 2381 4356 Deus.

1625 4393 1656 4456 Ξ).
1679 4391 1773 4470 ltem,
1794 4385 1872 4476 ‘quid
1898 4389 2051 4478 estquod
2075 4393 2169 4462 dicit:
2204 4395 2336 4464 Maiora
2363 4393 2493 4482 faciat?

1536 4495 1615 4582 Quia
1639 4497 1814 4564 maximum
1846 4505 1893 4564 est
1922 4499 2077 4568 suscitare
2102 4507 2268 4570 mortuum
2289 4507 2323 4570 et
2343 4503 2495 4574 foetidum

1535 4609 1720 4684 mortuum;
1744 4603 1902 4690 quomado
1922 4609 2115 4690 potestesse
2140 4607 2240 4674 maius
2265 4609 2479 4678 miraculum?

1604 5053 1615 5084 ⁵
1634 5053 1698 5122 Cap.
1718 5057 1767 5120 la,
1790 5055 1829 5108 ta.
1847 5069 1904 5124 seq.
1920 5075 1958 5096 -
1974 5055 2031 5110 Act.
2051 5055 2099 5120 le,
2120 5057 2152 5110 ιιι
2168 5057 2232 5110 Fide
2252 5057 2394 5122 purificans
2411 5059 2493 5112 corda

1534 5157 1637 5196 eorum.

1604 5227 1615 5260 ⁶
1636 5233 1680 5284 Ed.
1701 5245 1763 5284 com
1781 5233 1899 5284 Garrano
1917 5231 1944 5284 si
1969 5235 2040 5286 actu
2070 5231 2121 5286 Cir.
2141 5247 2220 5298 supra
2239 5249 2266 5288 n.
2286 5235 2329 5288 tc.
2347 5235 2372 5288 in
2392 5237 2444 5290 fine
2468 5243 2495 5290 et
2522 5233 2527 5242 '

1535 5333 1596 5384 pag.
1616 5317 1682 5384 lac,
1703 5325 1763 5372 nata
1784 5319 1825 5372 la.

1604 5401 1614 5434 ⁷
1635 5409 1667 5460 Ut
1685 5407 1781 5460 dicitur
1797 5423 1876 5474 supra
1898 5411 1921 5476 l,
1944 5411 1983 5462 -18,
2413 5431 2414 5434 ’

1605 5491 1616 5524 ⁸
1637 5495 1717 5560 Epist.
1735 5497 1753 5548 l.
1775 5497 1834 5550 dors.
1853 5499 1901 5562 l3,
1927 5499 1976 5562 1123
2006 5497 2071 5552 ibid.
2098 5501 2128 5554 ll.
2147 5503 2176 5564 5,
2197 5501 2229 5554 ιε
2250 5503 2296 5554 Per
2316 5503 2396 5556 fidem
2421 5503 2492 5556 enim

1534 5583 1703 5638 ambulamus
1720 5589 1746 5638 ει
1764 5599 1818 5638 non
1837 5599 1884 5652 per
1903 5587 2028 5652 speciem.
2046 5581 2097 5640 Cir.
2117 5605 2199 5656 supra
2217 5603 2239 5642 c.
2267 5591 2310 5644 lb.
2337 5605 2363 5644 n.
2390 5591 2433 5644 it.
2458 5623 2493 5632 -

1533 5677 1582 5728 Ed.
1600 5681 1660 5740 post
1677 5675 1818 5744 speculum
1836 5675 1909 5728 addit
1926 5679 1965 5742 et,
1982 5677 2176 5740 refragantibus
2197 5678 2306 5744 Vulgata
2327 5683 2351 5732 et
2370 5679 2448 5734 codd.

1603 5759 1614 5792 ⁹
1637 5763 1704 5818 Vide
1721 5779 1800 5830 supra
1822 5779 1844 5818 c.
1865 5767 1888 5818 l.
1906 5779 1932 5816 n.
1955 5767 1977 5818 3.
1997 5793 2032 5806 ·-
2049 5765 2089 5818 De
2116 5779 2170 5832 seq.
2202 5767 2382 5834 propositione
2407 5771 2454 5822 cb.
2474 5769 2492 5824 l.

1535 5853 1604 5904 Sent.
1625 5853 1650 5906 d.
1673 5851 1988 5920 contutant.
2010 5853 2491 5920 t.5.otoob.6;ll.sent.o.l3.

1533 5941 1599 5994 dub.
1617 5941 1648 6004 ιι,
1666 5937 1713 5992 ubi
1730 5941 1893 6006 ostenditur,
1910 5941 1982 6008 quod
2011 5947 2035 5994 et
2063 5943 2200 6010 quomodo
2217 5943 2378 6008 praepositio
2395 5943 2424 5998 iu
2443 5945 2493 5996 im-

1533 6033 1620 6094 portat
1639 6027 1764 6082 unitatem
1782 6027 1839 6082 sive
1856 6029 2028 6082 identitatem.
2049 6057 2085 6068 —-
2102 6031 2149 6084 Ed.
2168 6045 2229 6084 com
2243 6031 2379 6084 Garrano:
2396 6031 2493 6086 Diaeu-

1533 6115 1612 6184 dum,
1633 6117 1706 6186 quad
1721 6117 1788 6172 baec
1805 6115 1968 6188 praepositio
1985 6117 2014 6172 in
2031 6117 2181 6188 aliquando
2201 6117 2332 6188 importat
2347 6117 2492 6174 distinctio·

1532 6223 1608 6270 uem,
1628 6205 1776 6274 aliquanda
1793 6221 1858 6260 uou.
1879 6205 1926 6262 Hic
1945 6205 2076 6274 importat
2092 6207 2220 6262 esseutiae
2238 6205 2370 6262 unitatem
2388 6213 2439 6262 etc.

1604 6291 1628 6324 ¹⁰
1647 6295 1767 6364 bristou,
1786 6295 1818 6348 V.
1836 6297 1948 6362 lletapb.
1962 6301 2020 6348 text.
2035 6297 2078 6348 20.
2097 6295 2151 6362 (lV.
2164 6309 2187 6348 c.
2210 6295 2279 6365 lli.):
2298 6295 2401 6348 Eodem
2420 6297 2491 6350 enim

1533 6391 1607 6448 sant,
1620 6391 1740 6450 'qaorum
1761 6381 1905 6436 substantia
1923 6397 1992 6450 una;
2019 6383 2121 6438 similia
2138 6397 2215 6448 vero,
2240 6395 2353 6448 quarum
2380 6385 2491 6450 qualitas

1533 6487 1602 6540 una;
1622 6471 1749 6540 aequalia
1768 6477 1869 6540 autem,
1883 6487 1997 6540 quorum
2012 6467 2142 6538 quantitas
2153 6487 2214 6524 una.
2227 6469 2280 6524 Cir.
2293 6473 2311 6524 l.
2324 6473 2394 6526 Sent.
2405 6473 2432 6526 d.
2447 6475 2490 6528 3ι.

1532 6577 1560 6628 p.
1579 6565 1596 6614 l.
1615 6577 1643 6628 q.
1661 6563 1686 6610 2.
1705 6561 1728 6612 io
1751 6577 1823 6626 corp.
1841 6589 1878 6602 -
1896 6563 1933 6612 De
1951 6559 2085 6614 accidente
2102 6559 2173 6622 sive,
2195 6563 2221 6612 ut
2240 6559 2362 6622 superias
2381 6559 2422 6612 ed.
2449 6559 2490 6614 bis

1532 6647 1672 6714 substituit,
1692 6649 1725 6702 de
1742 6649 1854 6718 fallacia
1874 6645 2025 6712 occideritis,
2038 6649 2085 6700 clr.
2099 6647 2217 6710 Aristot,
2231 6645 2249 6698 l.
2261 6647 2365 6700 Elencb.
2384 6661 2406 6702 c.
2427 6649 2452 6702 ιι.
2463 6655 2491 6704 ει

1532 6735 1908 6802 bonumep
