5908 8266
1246 1071 1722 1184 nonantulonus

884 1391 971 1526 ill
1026 1391 1590 1530 annuentium
1645 1393 2086 1548 stellulis

1141 1753 1795 1784 -m-—uoae-eQ-rr-——e--m
1806 1769 1824 1776 --

1105 2579 1287 2650 Carrruuuu
1313 2583 1332 2648 l.
1355 2583 1398 2648 In
1416 2579 1586 2670 principio
1609 2591 1685 2648 erut
1705 2581 1853 2650 Verbum.

869 2829 1028 2884 contario
1048 2831 1065 2882 l.

579 3045 678 3130 (Voss,
706 3047 761 3128 a).
784 3043 906 3110 loannis
929 3041 1049 3128 primo:
1079 3043 1152 3110 Luc
1176 3041 1212 3108 in
1236 3041 1375 3110 tenebris
1398 3041 1409 3110 l
1434 3079 1448 3092 -

490 3157 553 3232 eet,
579 3157 606 3218 et
632 3149 780 3218 tenebrae
802 3167 875 3218 enm
898 3167 965 3216 non
989 3147 1314 3236 comprehenderunt.

583 3259 608 3324 l.
627 3257 797 3324 nloaalinr
814 3255 845 3322 in
861 3255 930 3324 istis
946 3255 1050 3324 uerbis
1062 3255 1125 3324 duo
1138 3261 1321 3342 tanguntur.
1335 3255 1448 3336 Primo,

376 3379 468 3426 mam.
488 3365 741 3432 commendetur
764 3363 885 3430 notris2
905 3363 1095 3450 praesentio
1113 3363 1248 3430 divinoe
1262 3361 1447 3442 claritatis,

487 3487 559 3542 curn
590 3469 727 3542 dieitur:
761 3471 834 3536 Lnar
864 3471 901 3536 in
933 3469 1072 3536 tenebris
1099 3467 1191 3538 lucet.
1221 3507 1263 3520 -
1286 3469 1446 3550 Secunde,

485 3575 738 3664 reprehenditur
761 3575 797 3644 in
821 3575 913 3644 nobb
938 3575 1133 3664 ignorantie
1152 3573 1322 3644 tunnam
1343 3577 1448 3644 coeci-

487 3683 585 3764 tatis,
607 3703 681 3752 cnm
704 3683 837 3752 dicitur:
872 3687 911 3752 at
943 3683 1090 3752 tenebrae
1112 3701 1188 3752 eunt
1209 3703 1277 3750 non
1301 3701 1447 3770 aornpra-

486 3787 676 3862 tacunarum.
748 3835 750 3840 ,
807 3803 809 3808 '

575 3897 663 3966 Circa
688 3881 827 3984 primum
848 3891 1110 3962 considerandum
1135 3899 1200 3974 est,
1224 3913 1310 3982 quae
1329 3893 1447 3962 sitista

386 4019 437 4064 rats
450 4019 467 4062 1.
487 4001 544 4068 lux
569 4039 611 4054 *-
635 4009 664 4070 et
689 4001 761 4088 quis
782 4001 825 4068 sit
845 4001 917 4066 eius
941 3997 1080 4088 affectus,

575 4111 645 4176 Lux
667 4107 727 4178 ista
757 4115 834 4176 «est
857 4109 915 4176 lux
941 4125 1032 4188 vera,
1049 4127 1131 4194 quaa
1147 4109 1305 4176 illuminat
1320 4121 1445 4176 omnem

320 4231 472 4330 negassent·
486 4217 645 4284 hominem
668 4217 845 4284 venientem
867 4215 898 4280 in
931 4215 1017 4280 huna
1046 4213 1200 4280 uruudum
1217 4239 1251 4294 »,
1281 4213 1364 4282 intra
1393 4231 1446 4280 eo-

333 4339 458 4394 aapuaar.
485 4321 557 4388 dam
570 4323 593 4402 ³,
617 4321 762 4390 Christus
776 4319 936 4400 uidelicet,
959 4321 1016 4406 qui
1030 4325 1078 4388 est
1100 4321 1158 4388 lux
1176 4325 1206 4388 et
1229 4325 1385 4406 quantum
1405 4319 1445 4388 ad

485 4433 633 4500 naturam
656 4427 848 4496 Divinitctis
872 4433 902 4496 at
926 4435 1080 4514 quantum
1096 4427 1137 4494 ad
1151 4433 1300 4494 natnram
1323 4423 1444 4496 bumo-

484 4535 609 4604 nitotir.
643 4535 801 4620 Quantum
832 4535 870 4600 ad
900 4539 1048 4604 naturam
1078 4533 1269 4602 Divinitntis
1297 4531 1446 4600 illustrat

556 4919 620 4972 ²lta
640 4919 790 4976 inscribitur
810 4923 858 4972 boc
878 4921 1033 4990 opusculum
1055 4921 1081 4972 in
1099 4923 1195 4976 nostris
1212 4921 1363 4986 codicibus;
1383 4923 1446 4976 istas

486 5013 574 5060 tamen
593 4995 762 5062 collationes
773 5007 880 5072 proprie
896 5021 950 5060 non
968 5021 1025 5062 esse
1049 5009 1098 5060 nisi
1116 5009 1254 5064 remmota
1277 5009 1444 5062 collationum

483 5097 540 5150 sire
559 5111 726 5162 sermonum,
746 5095 883 5150 manifeste
899 5101 1017 5162 apparet.
1029 5099 1113 5150 lrnmo
1127 5089 1216 5150 aarum
1230 5099 1380 5162 complures
1391 5113 1445 5150 non

338 5243 339 5246 Ἴ
482 5189 544 5240 suut
562 5185 611 5240 nisi
637 5187 732 5240 breves
757 5183 957 5252 annotationes,
983 5185 1101 5238 adiectae
1125 5185 1285 5254 quibusdam
1309 5189 1445 5252 Evangelii

381 5305 383 5310 ·
483 5275 540 5330 sive
559 5275 696 5344 versibus,
713 5275 771 5328 sive
788 5273 882 5340 paucis
899 5273 999 5330 verbis.
1016 5275 1092 5342 Quod
1112 5280 1199 5328 autern
1218 5275 1275 5342 ipse
1294 5281 1385 5330 auctor
1397 5277 1445 5330 itas

482 5363 669 5424 onnomtioncs
690 5379 705 5420 a
721 5363 887 5430 longioribus
899 5361 1085 5420 collationibus
1098 5363 1257 5432 distinxerit,
1271 5377 1302 5418 ex
1316 5377 1346 5416 eo
1360 5369 1444 5430 patet,

483 5455 557 5522 quod
581 5455 645 5510 solet
662 5455 750 5520 primo
768 5453 826 5506 loco
849 5467 949 5516 ponere
971 5451 1128 5510 collationes
1151 5453 1299 5506 secundum
1324 5453 1444 5506 ordinem

482 5555 610 5596 uersuum
630 5541 750 5606 capituli;
770 5541 866 5594 deinde
884 5547 987 5604 autem,
1007 5545 1128 5606 repetens
1145 5541 1208 5594 alios
1226 5555 1321 5594 sersus
1332 5545 1446 5606 praeter·

483 5631 591 5696 missos,
613 5631 734 5696 adiungit
747 5627 842 5684 breves
854 5629 1068 5694 observationes,
1085 5645 1153 5696 quae
1173 5629 1305 5684 ordinarie
1318 5629 1445 5696 incipiunt

482 5719 587 5774 verbis:
604 5723 685 5786 arom,
704 5721 761 5774 slve
777 5717 930 5776 nouacula
947 5723 996 5774 est,
1012 5747 1047 5760 -
1067 5721 1206 5784 Propterea
1218 5733 1367 5784 congruum
1386 5733 1445 5774 esse

483 5793 1444 5872 potavimus,brevioranaeoscnematadistinguereacollationibustom

480 5897 590 5964 speciali
605 5897 777 5964 inscriptione
794 5897 1016 5964 annotationum,
1035 5901 1090 5948 tum
1111 5897 1230 5950 distincta
1254 5897 1443 5952 numeratione.

438 6031 441 6034 .
497 6041 500 6046 ,
554 5987 690 6038 Praeterea
707 5985 895 6050 observamus,
920 5987 994 6054 quod
1018 5987 1043 6038 in
1067 5985 1203 6038 codicibus
1227 5985 1344 6050 singulae
1370 5986 1444 6038 colla·

482 6077 567 6128 tiones
593 6077 635 6128 vel
657 6075 836 6128 annotationes
866 6077 931 6126 inter
957 6089 987 6128 se
1013 6087 1067 6126 non
1095 6079 1155 6126 sunt
1181 6059 1317 6126 distinctae
1339 6075 1444 6126 numeri

483 6165 648 6230 appositione
665 6179 714 6218 nec
732 6163 807 6216 initio
825 6175 909 6216 novae
929 6163 1024 6226 lineae,
1044 6161 1092 6216 sed
1112 6167 1209 6214 tantum
1231 6161 1347 6228 quodam
1368 6175 1444 6228 sepa-

482 6253 590 6306 rationis
608 6253 684 6320 slgno
703 6257 728 6306 et
746 6251 835 6304 litteris
854 6249 996 6302 initialibus
1013 6251 1125 6316 depictis
1139 6251 1181 6302 vel
1194 6247 1393 6316 grandioribus;
1407 6251 1444 6302 in·

482 6341 588 6394 tardum
606 6357 640 6394 ne
658 6343 708 6396 boa
726 6339 834 6408 quidem
853 6339 1017 6392 observatur.
1037 6341 1095 6404 lpsa
1115 6343 1202 6392 tantm
1220 6335 1364 6404 Eonnpolii
1374 6337 1443 6406 eopi-

482 6429 542 6482 tnlu
562 6429 771 6494 distinguuntur,
790 6429 819 6480 in
836 6415 896 6482 cod.
914 6429 1002 6492 Aper
1020 6427 1122 6482 initium
1141 6439 1227 6480 novae
1245 6425 1326 6478 lineae
1340 6431 1366 6478 et
1384 6427 1443 6480 alla·

482 6519 516 6572 tis
533 6505 626 6584 primis
644 6519 750 6584 capituli
767 6517 871 6582 verbis,
890 6517 914 6568 in
929 6517 1008 6570 codd.
1019 6519 1039 6568 B
1050 6517 1069 6572 C
1082 6517 1190 6582 insuper
1202 6515 1308 6580 ponitur
1320 6515 1443 6570 distincte

480 6605 633 6676 capitutum
647 6605 797 6674 primurn...
818 6605 966 6674 capitutum
983 6605 1133 6660 seeundum
1150 6613 1201 6658 ele.

456 6689 458 6692 ’
554 6695 647 6764 Quoad
665 6695 714 6746 alia
739 6695 895 6748 remittimus
919 6695 1041 6748 lectorem
1066 6695 1098 6746 ad
1125 6695 1312 6758 prolegomena
1337 6701 1440 6760 nostra;

481 6787 524 6840 lrlc
542 6791 643 6838 tanturn
660 6791 796 6850 nonnius,
818 6785 889 6852 quod
908 6787 957 6836 bae
976 6785 1132 6838 Collationes
1150 6785 1314 6848 compositae
1336 6791 1396 6836 sunt
1415 6783 1442 6838 in

480 6889 560 6930 usum
580 6875 795 6940 praedicatione,
823 6879 848 6926 et
872 6875 945 6942 quod
968 6875 1044 6942 qtrasi
1068 6875 1279 6940 supplementum
1306 6873 1441 6940 quoddam

1423 2885 1425 2888 .
1511 2829 1653 2898 interius
1669 2831 1828 2898 hominem
1844 2833 1892 2900 rel
1922 2831 2071 2912 animam,
2096 2839 2250 2918 quantum
2265 2831 2306 2900 ad
2323 2839 2469 2900 naturam
2542 2897 2544 2900 .
2564 2925 2565 2928 Ἴ

1512 2933 1733 3002 inmanitatis
1756 2933 1920 3022 informat
1942 2939 2085 3004 ananim
2109 2939 2215 3006 uitam.

1599 3043 1630 3108 2.
1647 3041 1700 3110 Est
1714 3039 1812 3128 igitur
1826 3041 1886 3110 lux
1900 3043 2047 3110 Christus
2062 3045 2236 3112 secuudum
2252 3043 2337 3128 quod
2354 3041 2469 3122 torna·
2488 3047 2613 3146 &galgan

1511 3149 1550 3216 de
1573 3167 1636 3236 quo
1671 3149 1792 3218 loannis
1826 3151 1978 3218 octavos:
2007 3151 2109 3236 «ligo.
2135 3151 2195 3218 lux
2226 3149 2298 3220 veui
2320 3149 2353 3216 in
2376 3169 2469 3218 mun-

1511 3255 1605 3334 dum;
1624 3257 1679 3342 qui
1694 3257 1837 3342 sequitur
1853 3275 1902 3324 rue
1919 3277 1980 3324 non
1997 3257 2136 3326 ambulat
2159 3257 2192 3324 in
2215 3257 2380 3326 tenebris»
2410 3263 2468 3326 eto.

1511 3363 1573 3430 lloo
1595 3363 1635 3428 ad
1658 3361 1886 3430 humanitatem
1907 3365 2066 3446 refertum
2081 3383 2144 3432 non
2169 3363 2252 3432 enim
2275 3365 2423 3450 sequitur
2437 3365 2467 3429 in

1511 3487 1548 3536 eo
1572 3471 1788 3538 excellentiam
1823 3471 1893 3552 Dei,
1925 3471 1980 3544 sed
2010 3471 2219 3540 bumilitatem
2251 3469 2395 3538 hominis.
2427 3507 2467 3522 --

1511 3575 1692 3644 dstantem
1716 3577 1890 3644 secundum
1913 3579 1999 3664 quod
2021 3579 2117 3644 homo
2138 3579 2196 3644 lux
2223 3597 2385 3664 orporea,
2410 3579 2468 3646 lux
2488 3579 2572 3636 rapax
2588 3579 2633 3624 ¹1¹¹·

1511 3679 1674 3766 dirigens,
1700 3683 1758 3746 lux
1780 3683 1961 3750 meatum.-
1998 3701 2144 3770 urpnens
2172 3683 2285 3764 malm,
2319 3683 2469 3770 dirigens

1429 3829 1432 3836 ,
1511 3787 1627 3866 iustos,
1648 3787 1812 3854 denotans
1835 3789 1952 3856 Beatm.
1969 3827 2013 3840 -·-
2030 3789 2155 3876 Argnit
2176 3791 2299 3880 mutum
2313 3791 2352 3856 ad
2369 3791 2469 3876 Ephe-

1511 3893 1573 3960 sios
1607 3893 1717 3980 qninto
1742 3893 1775 3958 i:
1806 3879 1947 3962 «Omnia
1979 3897 2076 3976 enim,
2109 3899 2190 3982 quae
2221 3903 2421 3980 arguuntur,
2450 3915 2470 3962 a

1510 3997 1629 4066 lumine
1663 3999 1902 4068 manifestantur
1919 4025 1958 4082 >³3
1989 4009 2019 4070 et
2054 4003 2123 4070 ideo
2160 4005 2265 4072 oditur
2304 4021 2322 4070 a
2360 4003 2469 4082 malis3

1512 4105 1634 4174 loannis
1658 4107 1768 4174 tertio:
1799 4105 1956 4188 «Omnis,
1974 4109 2027 4196 qui
2046 4110 2126 4178 male
2139 4111 2221 4196 agit,
2239 4109 2304 4178 odit
2321 4109 2468 4178 lucem».
2499 4121 2501 4124 ·

1511 4251 1553 4264 -
1584 4213 1709 4300 Dirigit
1733 4215 1859 4292 iustu,-
1883 4215 2004 4284 loanuis
2025 4217 2228 4284 duodecimo:
2256 4216 2469 4296 «annulata,

1508 4319 1584 4388 oum
1619 4321 1720 4388 lucem
1756 4321 1895 4402 habetis,
1931 4329 1965 4388 ut
1991 4321 2137 4390 tenebrae
2161 4341 2217 4392 ros
2240 4341 2301 4390 non
2324 4341 2469 4408 compre-

1508 4425 1645 4492 hendant
1657 4451 1693 4508 »3
1709 4427 1811 4492 Lucae
1826 4427 1944 4512 primo:
1966 4451 1983 4486 c<
1994 4427 2136 4496 visitavit
2147 4447 2203 4496 uos
2219 4427 2323 4496 oriens
2339 4447 2380 4496 ex
2395 4429 2469 4510 alto,

1509 4531 1688 4600 illuminare
1703 4533 1753 4600 his
1768 4533 1823 4618 qni
1838 4531 1873 4598 in
1889 4533 2028 4600 tenebris
2049 4535 2184 4602 sedent»
2201 4541 2277 4616 eto,
2308 4537 2374 4604 aad
2392 4535 2469 4604 diri-

1508 4927 1569 4976 suut
1586 4919 1773 4974 Commentarii
1793 4919 1973 4988 tolosanam,
1993 4919 2039 4988 qui
2058 4925 2127 4974 totus
2145 4923 2199 4974 tere
2217 4919 2295 4974 estin
2308 4919 2469 4988 expositione

1508 5025 1600 5066 sensus
1621 5009 1744 5064 litterulis
1762 5015 1788 5060 ei
1811 5009 1835 5060 in
1862 5009 1995 5062 solvendis
2018 5009 2218 5076 quaestionibus
2243 5009 2390 5076 exegeticis.
2416 5011 2469 5062 Hae

1508 5105 1596 5152 autern
1622 5099 1775 5152 collationes
1801 5111 1849 5164 pro
1875 5099 2101 5164 praedicatoribus
2126 5103 2236 5152 tractant
2258 5111 2302 5150 res
2325 5099 2469 5162 practices,

1508 5201 1614 5254 sacrum
1632 5194 1730 5241 textum
1748 5187 1847 5252 passim
1867 5189 1998 5252 applicant
2010 5189 2089 5240 etiarn
2103 5189 2250 5240 secundum
2262 5201 2370 5240 sensum
2382 5191 2470 5258 tropo·

1509 5273 1628 5344 topicam
1644 5275 1702 5328 sire
1721 5276 1847 5328 moralem
1861 5279 1940 5342 atque
1952 5277 2086 5340 praeclara
2104 5277 2213 5330 alternat
2226 5277 2258 5330 de
2270 5273 2373 5330 Christo
2384 5281 2412 5330 et
2424 5279 2470 5330 Ec·

1509 5365 1586 5418 clesla
1605 5365 1773 5420 documenta.
1793 5365 1950 5430 Supponunt
1969 5363 2058 5432 ipsum
2075 5365 2279 5432 praecedentem
2306 5363 2469 5420 Commenta·

1508 5453 1590 5520 rium,
1604 5465 1653 5506 nec
1663 5465 1749 5520 pauca
1760 5465 1791 5504 ex
1805 5465 1835 5504 eo
1850 5453 1899 5504 alio
1914 5453 1994 5506 modo
2006 5457 2136 5518 repetunt.
2149 5453 2185 5508 Ex
2196 5453 2393 5516 comparatione
2407 5453 2469 5508 duo·

1508 5557 1568 5596 rum
1589 5555 1703 5608 operum
1721 5543 1782 5596 satis
1803 5547 1886 5608 patet,
1906 5543 2019 5595 eundem
2040 5557 2097 5594 esse
2117 5545 2252 5610 utriusque
2270 5547 2415 5596 auctorem.
2434 5571 2469 5582 -

1508 5631 1575 5686 Cum
1599 5635 1689 5686 autem
1713 5633 1796 5684 lector
1820 5633 1894 5686 lacile
1919 5645 2055 5684 recurrere
2077 5631 2162 5694 possit
2186 5633 2219 5684 ad
2244 5627 2469 5684 commentarium
2503 5619 2505 5626 ’
2531 5689 2534 5694 ,

1507 5723 1716 5786 praecedentem,
1737 5721 1782 5774 ubi
1801 5727 1857 5774 tum
1871 5721 1895 5772 in
1909 5719 2073 5790 conpositione
2091 5721 2209 5774 eiusdem
2230 5719 2352 5774 versiculi
2370 5719 2469 5774 lumin

1507 5811 1616 5864 annexis
1634 5807 1833 5880 quaestionibus
1850 5825 1913 5880 'curn
1934 5807 2060 5876 appositis
2084 5809 2180 5864 nostris
2206 5807 2274 5862 notis
2302 5823 2354 5860 uon
2381 5821 2469 5872 pauca

1507 5899 1675 5954 inveniuntur
1688 5899 1720 5954 ad
1740 5903 1811 5952 bunc
1828 5903 1927 5952 textum
1945 5898 2127 5952 illustrandum
2146 5905 2226 5966 apta;
2248 5897 2308 5950 ideo
2331 5897 2410 5950 nobis
2428 5913 2469 5950 su.

1507 5991 1637 6056 perlluum
1651 6003 1709 6042 esse
1722 5971 1876 6052 visumst,
1889 5985 1995 6052 speciali
2012 5987 2168 6052 allegatione
2180 5989 2265 6040 locum
2284 5985 2469 6038 commentarii
2490 5987 2491 5990 ’

1507 6077 1623 6130 indicare
1640 6077 1683 6128 vel
1701 6077 1762 6128 alibi
1781 6077 1850 6128 dicta
1869 6081 1995 6140 repetere.
2015 6077 2181 6128 Remittimus
2192 6075 2273 6138 igitur
2293 6075 2415 6126 lectorem
2434 6075 2469 6128 ad

1507 6167 1622 6220 eundem
1640 6179 1749 6218 versum
1768 6165 1797 6216 in
1814 6165 2008 6218 Commentario
2029 6163 2228 6218 conserendum.

1581 6251 1592 6282 ²
1613 6257 1646 6308 lta
1666 6253 1701 6318 C;
1721 6255 1771 6306 AB
1791 6251 1897 6320 Primo,
1919 6251 2047 6322 qtroniorn
2064 6251 2147 6306 datur
2165 6247 2250 6304 nobb.

1580 6341 1591 6374 ³
1612 6345 1686 6398 Vera.
1704 6343 1730 6396 9.
1749 6371 1785 6382 -
1803 6343 1912 6396 interius
1930 6343 1981 6394 ΑΒ
1998 6341 2121 6392 omittunt
2137 6337 2272 6392 nuntiarent
2291 6337 2340 6392 oct.

1579 6429 1591 6460 ⁴
1610 6431 1686 6486 Vere.
1706 6433 1757 6484 la:
1775 6431 1832 6500 Epo
1852 6443 1915 6486 curn
1934 6429 1986 6482 lnce
2003 6425 2114 6494 mrtndi,
2132 6427 2182 6496 qni
2196 6425 2318 6498 seqnitur
2337 6435 2401 6496 etc.;
2421 6431 2466 6482 alr.
2565 6429 2567 6432 ’

1511 6521 1557 6588 lt,
1577 6521 1628 6588 le;
1647 6521 1704 6590 Epo
1726 6519 1776 6574 ine
1795 6517 1823 6572 in
1841 6517 1975 6572 mundant
1993 6515 2060 6572 uerri.
2073 6545 2106 6554 -
2124 6517 2235 6570 lnlerius
2252 6531 2301 6582 pro
2318 6517 2369 6572 Det
2384 6517 2406 6572 C
2424 6517 2467 6572 ot·

1505 6609 1636 6674 vinitatis,
1653 6609 1698 6678 qui
1718 6609 1797 6660 etiam
1815 6605 1929 6658 subinde
1945 6593 1995 6670 pro
2012 6605 2061 6660 Est
2078 6609 2171 6662 nutant
2188 6607 2321 6678 substituit
2341 6607 2465 6662 Glaristes

1506 6701 1605 6752 nutem
1812 6761 1813 6764 Ἴ

1577 6781 1587 6812 ⁵
1608 6785 1682 6836 Vers.
1702 6785 1746 6836 la.
1761 6809 1799 6822 -
1817 6781 1933 6836 Subinde
1960 6782 2106 6846 allegantur
2132 6785 2202 6836 loao.
2222 6785 2251 6852 3,
2271 6785 2322 6848 20;
2344 6785 2391 6848 la,
2413 6783 2465 6848 353

1478 6857 1479 6860 ¹
1505 6875 1567 6926 Luc.
1589 6873 1617 6938 l,
1635 6871 1680 6926 78.
1697 6885 1754 6940 seq.
1772 6877 1799 6924 et
1816 6869 1897 6936 Apoe.
1919 6872 1959 6938 il,
1982 6871 2027 6924 23.
