5916 8276
561 581 648 644 115γ

557 755 679 836 idest,
704 755 849 822 deorsum
875 751 1058 828 fluxerunt,
1081 749 1202 816 Glossa:
1230 747 1516 814 «1555515555-

558 869 679 938 ternam
696 885 730 940 >³3
756 857 810 926 sed
832 857 952 942 primo,
967 857 1000 922 in
1018 861 1149 924 51551555
1173 855 1302 940 551555,
1319 853 1464 934 secando,
1483 853 1515 920 15

557 973 693 1036 mertem
716 963 897 1048 temporalis
919 979 1051 1048 poenae,
1076 961 1187 1042 tertie,
1209 961 1242 1028 in
1258 965 1392 1056 mertem
1414 967 1515 1028 aeter-

557 1063 625 1140 nae
650 1085 783 1156 poenam
821 1069 857 1136 ad
893 1059 1046 1136 Hebraeos
1081 1069 1235 1136 secunde:
1266 1069 1428 1154 «Oportet
1456 1085 1515 1136 nos

557 1177 725 1242 obseruare
749 1187 831 1258 qaae
851 1171 1043 1252 audivimus,
1076 1191 1116 1240 55
1138 1173 1218 1240 15515
1242 1173 1466 1260 pereffluamus
1481 1199 1513 1238 ».

440 1297 505 1342 atrro
520 1297 539 1340 a.
557 1319 603 1330 -
618 1283 658 1346 nt
680 1277 870 1366 sponsiones
890 1285 1075 1364 pesuerunt
1088 1279 1137 1346 ud
1156 1279 1266 1360 illum,
1289 1279 1385 1348 idest
1404 1279 1515 1348 foedus

557 1385 766 1472 inseparabile
779 1383 870 1468 quasi
894 1383 1140 1470 desponsationis
1152 1403 1210 1472 per
1225 1387 1443 1456 obstinationis
1457 1385 1515 1450 irn-

557 1489 795 1578 poenitentiam
821 1489 927 1558 Glossa
943 1493 966 1556 ¹:
997 1517 1013 1552 «
1026 1491 1072 1558 Ne
1090 1499 1276 1580 separentur
1290 1519 1328 1574 »3
1350 1491 1447 1558 lsaiae
1469 1491 1515 1558 xi-

558 1595 675 1682 gesimo
698 1601 822 1660 ootarm
851 1621 867 1654 «
885 1597 1097 1666 Percussirnus
1121 1599 1230 1666 foedas
1247 1615 1320 1666 curn
1341 1601 1461 1674 morte,
1485 1601 1517 1662 et

559 1719 633 1780 cun
655 1701 777 1768 inferno
797 1699 930 1770 fecimus
954 1711 1081 1788 pactam
1096 1731 1129 1772 a.

650 1807 684 1894 Et
714 1807 828 1872 merite
859 1807 1068 1878 defluxerunt
1098 1811 1132 1876 in
1164 1817 1322 1888 mortem,
1356 1807 1517 1896 qraeniam

442 1927 504 1974 aaa
521 1929 539 1972 a
558 1921 662 1980 marte
683 1915 780 2002 dipni
799 1923 879 1982 sunt
901 1917 960 2002 qui
979 1925 1060 1984 sunt
1082 1937 1122 1984 en
1141 1925 1238 2004 purte
1263 1915 1376 1996 illius,
1399 1913 1517 2012 scilicet

1246 571 1437 640 5555555.
1460 573 1500 640 ra
1521 571 1740 636 51555555
1762 567 1794 634 c.
1818 569 1852 634 5.

1577 747 1765 822 iniustitiae,
1794 763 1864 810 earn
1886 745 2019 810 tenendo
2044 749 2073 812 et
2096 739 2306 820 defendente,
2329 741 2412 808 sicut
2440 741 2535 808 homo

1577 853 1713 920 defendit
1738 855 1874 936 partem,
1896 851 2021 936 deque
2046 857 2114 932 est;
2143 849 2184 916 ad
2207 849 2359 916 Romanos
2387 849 2534 932 priami:

1583 985 1599 1018 «
1617 945 1675 1042 Qui
1699 957 1771 1024 talia
1794 959 1891 1040 agunt
1913 955 1997 1042 digni
2020 963 2095 1024 sunt
2118 961 2218 1024 morte
2234 983 2264 1018 a.

1668 1067 1769 1130 Potest
1793 1065 1897 1126 autem
1933 1063 1985 1128 blo
2007 1063 2109 1132 uetari
2129 1059 2296 1150 processio
2318 1059 2352 1124 in
2380 1059 2533 1144 peccatis,
2553 1063 2699 1174 Gggfllffl

1577 1171 1617 1238 de
1639 1189 1703 1256 qna
1738 1165 1940 1234 Ecclesiastici
1974 1169 2163 1252 vigesimam
2193 1169 2281 1234 «Est
2315 1165 2472 1248 processio
2501 1165 2534 1230 15

1577 1276 1697 1343 malum
1718 1275 1787 1340 xire
1805 1271 2031 1358 indisciplinato
2045 1297 2074 1354 »3
2099 1275 2175 1360 qaia
2195 1275 2300 1360 primo
2316 1277 2365 1338 est
2381 1271 2535 1356 impietas

1578 1381 1611 1447 in
1634 1381 1730 1446 corde
1753 1395 1810 1462 per
1832 1395 2018 1444 consensum
2035 1379 2225 1464 iniquitatis;
2249 1377 2361 1444 deinde
2382 1377 2414 1442 in
2430 1395 2535 1442 uranu

1579 1503 1636 1570 per
1658 1483 1957 1552 consummationem
1987 1483 2105 1568 operis;
2129 1483 2240 1552 deinde
2264 1483 2401 1550 uerbum
2432 1481 2536 1550 defen-

1580 1591 1676 1660 sionis
1698 1591 1748 1658 rel
1768 1589 1979 1674 gloriationis3
2011 1589 2122 1656 deinde
2151 1591 2304 1658 amicilia
2329 1598 2363 1658 et
2384 1609 2454 1676 spes
2479 1591 2536 1656 im-

1579 1699 1751 1784 punitatis;
1781 1701 1888 1780 postea
1918 1693 2071 1780 defluens
2102 1713 2157 1780 per
2192 1697 2387 1762 iterationem
2422 1715 2537 1782 pravae

1580 1801 1834 1882 consuetudinis3
1871 1801 2016 1886 deinceps
2047 1801 2180 1886 spernie
2209 1819 2265 1886 per
2298 1801 2535 1870 obdurationem

1579 1911 1713 1992 meatim
1739 1915 1896 1998 pestremo
1920 1927 2011 1974 mors
2034 1907 2285 1993 impoenitentiae
2309 1907 2420 1992 finalis.

1432 2191 1614 2258 Caerruxun
1637 2191 1670 2256 ll.

553 2441 566 2478 ³
650 2465 798 2552 Secundo,
825 2465 861 2536 de
884 2465 1013 2536 iustitia
1033 2463 1167 2532 hominis
1193 2465 1231 2534 ad
1255 2431 1428 2552 proximum

879 2569 990 2658 agitur
1015 2569 1193 2656 dupliciter.

652 2785 815 2850 Dinerunt
838 2783 924 2848 enim
953 2785 1010 2848 elo.
1034 2783 1137 2866 Sapra
1164 2779 1287 2866 egilde
1319 2779 1439 2844 iustitia
1460 2779 1518 2844 be-

449 2907 540 2954 nene.
558 2891 653 2956 minis
674 2891 714 2956 ad
735 2889 850 2968 Deurn;
874 2887 925 2952 hic
950 2887 1162 2972 principaliter
1195 2887 1231 2952 de
1257 2883 1388 2950 iustitia
1413 2881 1518 2950 domi-

558 2995 612 3064 nis
636 2997 680 3064 uel
700 2993 915 3082 prasinam,
938 2999 971 3058 et
992 2991 1108 3078 prime,
1126 2992 1164 3059 ab
1180 2991 1386 3058 initiatorum
1400 2989 1518 3056 stratu·-

560 3101 673 3168 tudine
696 3095 905 3178 renubendo,
920 3096 1037 3166 scilicet
1052 3097 1190 3182 capitulo
1213 3097 1288 3174 istm
1306 3093 1462 3174 secundo,
1478 3095 1519 3162 ad

559 3209 726 3274 iustorum
748 3203 1000 3272 similitudinem
1022 3205 1251 3290 preooeando,
1277 3199 1395 3268 scilicet
1424 3199 1518 3268 tertie

560 3313 707 3400 capitulo.

635 3523 750 3590 Primo
776 3519 916 3588 retrabat
939 3521 981 3588 ab
1005 3521 1209 3588 iniustorum
1230 3519 1449 3586 similitudine
1474 3525 1475 3528 ’

914 3629 1059 3694 notando
1084 3627 1161 3694 tria.

651 3847 682 3910 ln
707 3843 807 3930 prima
830 3847 919 3928 parte
933 3841 1071 3926 primoa
1093 3847 1181 3926 parte
1199 3841 1390 3906 iniustorum
1404 3857 1519 3924 prepe-

413 3949 607 4016 5155555511
629 3933 743 4016 iniuste
768 3947 891 4014 vivendi
911 3965 1038 4014 causant
1060 3947 1223 4026 mutirem
1241 3943 1379 4012 secunda
1401 3945 1519 4012 descri-

560 4055 608 4122 bit
629 4057 726 4122 vitam
740 4053 904 4132 iniustam,
927 4053 984 4120 ibi:
1014 4053 1117 4120 Venite
1141 4073 1218 4138 erpo
1232 4057 1309 4132 eto.;
1336 4051 1427 4118 tertie
1444 4069 1520 4120 rere

560 4161 711 4240 ostendit,
734 4177 803 4228 earn
826 4177 887 4226 nen
912 4177 980 4228 5555
1002 4159 1198 4238 imitandam,
1226 4159 1286 4224 ibi:
1315 4159 1404 4224 Haec
1431 4159 1519 4246 eopi-

562 4275 719 4334 tuoerunt
742 4269 800 4332 eto.
1296 4279 1298 4282 ·

651 4375 681 4438 ln
707 4371 807 4456 prima
832 4369 970 4456 tangitur
992 4371 1109 4454 triplex
1134 4387 1228 4438 eausa
1260 4369 1393 4436 motiva:
1416 4369 1520 4454 prima

419 4495 501 4562 'erma
518 4495 544 4538 aa
562 4495 605 4544 ex
626 4483 717 4562 parte
737 4481 864 4554 status·
893 4475 1030 4540 secunda
1050 4491 1094 4540 ex
1122 4479 1214 4558 parte
1234 4479 1398 4540 naturae:
1430 4475 1521 4556 Quia

396 4549 545 4648 11111161ῗᾶ1]Βᾶ
562 4601 603 4648 en
624 4579 728 4650 nililo
749 4579 825 4646 reati
846 4599 983 4658 sumum
1006 4579 1099 4646 tertia
1120 4597 1162 4646 ex
1177 4585 1268 4664 parte
1289 4579 1434 4644 nominis
1455 4579 1521 4646 sire

560 4687 678 4756 famae:
713 4691 750 4754 ln
774 4705 891 4752 nenton
919 4691 1072 4750 nostrum
1099 4685 1290 4752 obliuionem
1313 4689 1371 4750 etc.
1403 4719 1444 4744 -,
1472 4683 1520 4750 Ex

412 4813 548 4876 araneam
561 4801 651 4880 parte
679 4801 789 4862 stultos
811 4793 946 4878 triplex:
971 4791 1089 4882 prime,
1112 4791 1217 4876 quoad
1238 4795 1356 4858 statum
1379 4789 1519 4870 mundi,

397 4871 548 4976 115ἳέ1111ῗέ
560 4901 620 4968 lbi:
651 4903 821 4988 Enipeum
845 4907 872 4966 et
896 4917 972 4980 enm
995 4897 1101 4966 toedio
1124 4903 1202 4978 eto.;
1231 4897 1388 4978 seeundo,
1415 4897 1520 4982 quoad

560 5012 677 5074 statam
695 5007 870 5094 paradisi:
901 5005 975 5072 Non
996 5013 1044 5072 est
1064 5003 1283 5092 refriperium
1305 5011 1383 5084 eto.;
1408 5003 1518 5082 lertio,

560 5115 666 5200 quoad
686 5121 803 5182 statuar
827 5109 973 5200 inferni:
997 5115 1039 5178 Et
1063 5131 1129 5178 non
1161 5119 1209 5178 est
1235 5111 1295 5200 qui
1317 5111 1454 5198 aquilus
1475 5109 1521 5176 su

560 5239 714 5286 reuersus
736 5217 778 5286 ab
800 5215 928 5306 inseris.

651 5327 749 5414 (Vers.
784 5327 834 5410 1.).
872 5325 1037 5392 Dinerunt
1068 5323 1157 5392 onim
1190 5323 1302 5410 impii,
1339 5323 1519 5410 eopituntes

560 5433 654 5518 apud
676 5453 710 5500 se
731 5451 798 5500 non
827 5439 912 5500 reete
932 5437 990 5500 etc.
1028 5433 1107 5500 Bene
1142 5431 1209 5498 dixi
1226 5433 1248 5512 4,
1285 5429 1368 5514 qued
1400 5457 1414 5488 5
1428 5429 1542 5532 irnpii‘

542 5533 707 5612 'manibus
731 5545 760 5608 51
785 5539 889 5607 uerbis
912 5539 1152 5606 accersierunt»
1180 5537 1364 5604 iniustitiam
1386 5543 1416 5604 et
1431 5555 1519 5602 mer-

560 5655 633 5716 tem.
659 5649 735 5716 Nara
757 5645 917 5710 uteorum
938 5645 1049 5732 impii,
1073 5643 1167 5712 idest
1190 5649 1333 5710 carentes
1356 5643 1470 5728 pietate
1484 5641 1518 5708 in

559 5755 661 5822 Dearn
683 5759 715 5820 et
736 5751 935 5838 proximam
953 5751 1076 5818 Glossa:
1107 5777 1122 5808 «
1139 5751 1209 5816 Vox
1232 5755 1281 5818 est
1301 5749 1517 5834 perditorum,

560 5861 615 5944 qui
647 5867 795 5944 tanquam
824 5857 921 5922 bruta
950 5855 1096 5922 animalia
1124 5873 1208 5940 quae
1236 5853 1413 5938 praesentia
1443 5859 1519 5922 sunt

630 6303 639 6334 ¹
661 6307 759 6372 Nempe
779 6301 971 6360 interlinearis.
987 6331 1025 6342 -
1043 6305 1102 6370 Seq.
1121 6303 1194 6356 leoos
1214 6307 1251 6356 est
1271 6301 1327 6354 lsai.
1348 6299 1458 6366 28,15.

524 6383 527 6388 ’
629 6393 798 6448 Ξ1155532.

630 6479 642 6510 ³
661 6485 737 6538 Vens.
754 6483 786 6548 9,
805 6481 853 6536 551
869 6495 919 6548 pro
938 6481 968 6536 in
985 6481 1091 6536 nolum
1107 6483 1220 6548 Vulgata
1239 6479 1268 6534 in
1286 6477 1374 6532 malis.

630 6567 642 6598 ⁴
662 6573 745 6634 Sapra
764 6583 789 6624 e.
809 6571 833 6638 l,
856 6571 897 6622 tt.
914 6599 946 6608 —-
967 6571 993 6622 ln
1010 6575 1080 6624 textu
1101 6571 1275 6636 praecedente
1292 6569 1407 6634 Vulgata
1424 6565 1519 6618 omittit

560 6655 648 6724 impii,
668 6661 741 6726 quod
758 6665 848 6712 lamen
867 6661 918 6712 iam
936 6659 1042 6712 exbibet
1058 6659 1190 6712 Rabanus.
1210 6661 1361 6726 Sequuntur
1372 6657 1464 6708 Glossa
1477 6667 1518 6708 or-

561 6741 687 6798 dinoria:
707 6747 763 6798 Vax
785 6751 833 6798 etc.
855 6747 894 6814 (ex
914 6745 1033 6814 Rabane)
1052 6751 1078 6800 et
1097 6745 1296 6802 interlinearis:
1326 6765 1340 6792 «
1352 6745 1448 6808 aperte
1466 6757 1518 6794 non

560 6833 697 6898 audenla3
718 6835 758 6884 Ρ5.
778 6835 822 6894 lt,
845 6835 869 6886 l.

630 6913 642 6946 ⁶
662 6919 737 6972 Vera
754 6917 786 6982 53
805 6917 868 6972 ibid.
887 6937 916 6974 v.
934 6921 960 6974 l.
979 6925 1016 6974 551
1035 6937 1091 6988 555.
1108 6925 1190 6976 15555.

1510 2521 1511 2524 ,
1580 2471 1688 2530 amant
1709 2471 1740 2530 et
1763 2461 1872 2530 futura
1890 2463 2068 2548 despiciunt
2088 2481 2145 2530 neo
2169 2469 2241 2548 post
2261 2461 2342 2528 hanc
2366 2461 2460 2530 uitam
2489 2479 2538 2528 re-

1581 2567 1688 2650 quiem
1710 2573 1870 2634 aeternam
1895 2575 2021 2650 sperant
2036 2593 2068 2634 a.
2092 2571 2196 2656 Apud
2215 2589 2267 2648 se,
2292 2569 2367 2654 quia
2393 2593 2409 2626 (ι
2432 2573 2538 2654 aperte

1581 2689 1644 2738 non
1666 2673 1782 2740 audent
1799 2699 1830 2752 »,
1854 2673 2027 2740 secundam
2052 2675 2129 2740 illud
2150 2669 2280 2742 Psalmi:
2310 2677 2435 2742 «Dixit
2463 2675 2538 2742 insi-

1581 2777 1669 2860 piens
1693 2779 1724 2842 in
1749 2777 1841 2842 cerda
1865 2795 1939 2842 sue:
1962 2779 2027 2843 Neo
2053 2785 2099 2844 est
2123 2779 2205 2848 Deus
2220 2803 2257 2860 »3
2281 2779 2307 2846 si
2327 2773 2411 2846 enim
2432 2789 2538 2864 aperte

1573 2881 1737 2974 dicerent,
1762 2899 1893 2966 poenam
1916 2881 2080 2950 incurrere
2104 2885 2259 2952 timerent.
2280 2883 2359 2950 Non
2381 2893 2464 2950 orecte
2487 2905 2537 2952 oo-

1580 2987 1741 3074 51155155,
1776 2985 1875 3052 immo
1908 2989 1998 3054 male.
2034 2989 2204 3076 Enipeum
2226 2995 2272 3058 est
2300 2997 2377 3070 etc,
2407 2991 2704 3090 propterffiffilgffif

1581 3093 1782 3172 brevitatem,
1816 3097 1988 3162 secundam
2021 3097 2097 3164 illud
2135 3097 2189 3164 lob
2220 3097 2340 3166 decimo
2373 3099 2535 3184 quartei:
2556 3099 2585 3144 fi·

1587 3227 1602 3260 e
1619 3203 1733 3270 Breues
1749 3199 1814 3268 dies
1836 3201 1971 3268 hominis
1988 3211 2103 3270 5551».
2123 3205 2162 3270 lit
2177 3225 2254 3272 curn
2269 3203 2390 3284 taedio,
2406 3211 2536 3290 propter

1582 3305 2037 3392 poenalitatem310bdecirno
2069 3317 2199 3394 quarte:
2228 3337 2244 3370 «
2261 3311 2355 3376 Heme
2384 3295 2476 3376 natus
2500 3311 2537 3398 de

1582 3415 1731 3510 muliere,
1757 3413 1843 3480 brexi
1869 3415 1976 3482 virens
2002 3423 2154 3502 tempere,
2182 3419 2322 3502 repletur
2345 3419 2454 3486 maltis
2482 3403 2537 3484 511-

1583 3521 1673 3586 555115
1688 3547 1717 3586 a.
1743 3519 1890 3604 Tempus
1911 3523 1999 3588 uitae
2014 3529 2164 3602 eternae,-
2182 3523 2287 3592 Glossa
2300 3523 2330 3588 ⁶:
2360 3549 2377 3582 o
2393 3524 2538 3592 Praesen-

1583 3627 1623 3694 tis
1639 3655 1673 3706 a,
1699 3645 1762 3712 qua
1784 3619 1901 3694 scilicet
1923 3627 2033 3694 vivunt
2052 3619 2134 3710 sibi,
2157 3649 2218 3696 nen
2244 3629 2324 3710 Dee;
2348 3629 2417 3696 ideo
2438 3629 2537 3696 addit:
2566 3691 2568 3698 ,

1582 3741 1733 3814 nostrae,
1751 3739 1859 3800 contra
1883 3733 1965 3820 quod
1982 3737 2136 3802 secundae
2159 3737 2199 3802 ad
2213 3735 2391 3803 Corinthios
2414 3737 2538 3822 quinto:

1588 3865 1603 3898 «
1620 3839 1679 3924 Qui
1710 3841 1822 3906 vivunt
1850 3839 1925 3918 iarn
1944 3859 2006 3906 noa
2033 3841 2092 3908 sibi
2117 3843 2240 3922 ritant,
2264 3843 2319 3908 sed
2341 3841 2370 3908 ei
2396 3843 2450 3928 qul
2482 3861 2539 3928 pre

1583 3947 1656 4030 ipsis
1679 3951 1826 4012 rnortxxus
1847 3953 1896 4012 est
1917 3952 1950 4013 et
1970 3949 2192 4016 resurrexit».
2218 3951 2259 4014 El
2279 3967 2345 4014 non
2369 3955 2415 4016 est
2441 3947 2539 4036 resri-
2560 3947 2692 4054 qusgglglgg

1581 4053 1713 4138 perium
1729 4053 1766 4120 in
1779 4051 1844 4138 (ino
1859 4051 2019 4134 bominis;
2036 4053 2143 4122 Glossa
2155 4057 2186 4122 ⁷:
2215 4081 2230 4114 e
2250 4055 2279 4120 ld
2295 4061 2341 4122 est
2366 4057 2455 4142 quies
2470 4063 2539 4142 pest
2559 4061 2609 4150 55
2630 4065 2692 4108 llll·

1583 4151 1848 4224 leonensem
1886 4165 1988 4226 155155
2013 4165 2060 4228 551
2092 4161 2223 4242 falsum,
2254 4163 2328 4248 quia
2362 4163 2476 4228 dicitur
2507 4165 2538 4228 in

1583 4265 1704 4330 Psalmo
1737 4265 1770 4330 in
1803 4283 1939 4348 persona
1968 4267 2172 4334 Sanctorum:
2202 4259 2452 4336 «Transivimus
2482 4287 2538 4354 per

1583 4369 1686 4454 ignem
1710 4376 1740 4436 et
1764 4387 1895 4454 aquam,
1927 4377 1958 4436 et
1980 4371 2117 4438 eduxisti
2143 4391 2200 4440 nes
2229 4373 2260 4438 15
2292 4373 2537 4460 refrigerium»;

1583 4477 1658 4542 item
1688 4475 1835 4542 Ieremias
1868 4483 1971 4543 sexte:
2003 4503 2018 4534 «
2033 4477 2223 4564 Interrogata
2252 4477 2289 4546 de
2315 4479 2432 4546 semitis
2460 4481 2539 4546 anti-

1584 4581 1671 4666 quis,
1697 4597 1777 4666 quae
1800 4581 1840 4648 sit
1862 4581 1913 4648 via
1937 4583 2034 4660 bena,
2060 4588 2090 4649 et
2112 4583 2270 4650 ambulate
2300 4585 2332 4648 in
2356 4601 2405 4664 ea;
2432 4591 2461 4652 et
2493 4585 2538 4652 io-

1583 4687 1714 4756 55515115
1736 4685 1936 4772 refrigerium
1959 4689 2123 4756 animabus
2146 4691 2259 4757 restris
2273 4715 2308 4768 »3
2330 4691 2403 4756 item
2426 4693 2540 4776 dpeoa-

1584 4793 1679 4878 lypsis
1703 4793 1968 4876 decimoquarto:
1998 4795 2108 4860 «Beati
2126 4797 2259 4876 mertui,
2282 4795 2387 4881 quiin
2408 4797 2540 4864 Domine

1584 4899 1764 4966 moriuntur
1787 4903 1860 4978 etc,
1879 4903 1914 4966 ut
1938 4899 2166 4984 requiescanta
2192 4901 2349 4968 laboribus
2375 4903 2481 4970 sais».
2498 4939 2537 4952 -·

1584 5007 1625 5072 Et
1647 5023 1713 5072 non
1735 5011 1782 5070 est
1803 5005 1863 5092 qni
1886 5005 2021 5092 upnt'tus
2035 5005 2080 5072 sit
2101 5025 2255 5074 reuersus
2270 5005 2312 5072 ab
2336 5005 2704 5104 1515515Ρ55Τξ555ᾞῗ

1583 5113 1643 5178 boo
1664 5111 1831 5180 intendunt
1853 5111 2040 5192 excludere,
2065 5113 2220 5182 infernum
2246 5131 2330 5196 esse;
2354 5117 2408 5182 sed
2430 5119 2537 5186 cadem
2570 5113 2633 5158 frmi·

1583 5219 1703 5284 ratione
1726 5223 1857 5304 possunt
1880 5219 1998 5300 dicere,
2023 5225 2154 5288 mertem
2182 5239 2244 5288 non
2268 5239 2348 5302 esse,
2375 5223 2448 5308 quia
2467 5223 2537 5290 nul-

1583 5326 1632 5392 lus
1654 5331 1800 5392 55551555
1825 5323 1995 5392 rerertitar
2019 5325 2058 5392 ad
2081 5325 2186 5394 vitam.
2211 5327 2296 5394 Unde
2325 5329 2403 5394 ratio
2428 5347 2536 5396 eorum

1583 5449 1644 5498 non
1667 5431 1767 5510 valet,
1790 5431 1864 5516 qaia
1889 5449 1906 5496 a
1928 5431 2103 5516 privatione
2122 5432 2160 5499 ad
2183 5435 2326 5502 habitum
2348 5441 2538 5500 55555155-

1583 5555 1710 5622 gressus
1732 5537 1907 5604 seeundum
1928 5543 2076 5602 naturam
2090 5539 2121 5618 8;
2146 5545 2177 5604 51
2201 5539 2269 5606 ideo
2283 5537 2328 5614 de
2344 5537 2465 5606 inferno
2489 5539 2538 5606 in-

1581 5639 1704 5728 feriori
1724 5641 1832 5708 551155
1865 5641 2037 5710 reuertitur
2061 5643 2233 5710 seeundum
2269 5643 2367 5728 legem
2399 5663 2538 5714 comma-

1582 5767 1671 5828 nem;
1697 5749 1780 5816 unde
1802 5749 1854 5812 leb
1888 5749 2035 5832 septimo:
2066 5775 2082 5806 «
2107 5749 2165 5832 Qui
2202 5749 2397 5816 descenderit
2422 5751 2462 5818 ad
2493 5753 2538 5822 15-

1581 5853 1663 5920 15555
1686 5873 1749 5918 555
1773 5851 1917 5920 ascendet
1933 5879 1963 5918 n.
1987 5853 2090 5938 Aliqui
2112 5859 2217 5920 tanen
2239 5855 2389 5938 leguntur
2419 5861 2536 5926 reversi
2638 5849 2639 5852 '

1653 6295 1783 6364 61151555
1801 6295 1990 6352 interlinearis.
2010 6327 2047 6340 -
2066 6301 2188 6368 Sequitur
2206 6307 2232 6358 11.
2252 6301 2311 6358 Cor.
2330 6307 2360 6372 5,
2382 6306 2423 6358 15.

1652 6381 1785 6442 'seilicet
1808 6387 1989 6442 interlinearis
2016 6389 2172 6460 (Rabanusz
2198 6395 2346 6456 nasama
2373 6395 2535 6460 perditorum

1583 6479 1634 6538 551,
1662 6477 1734 6542 qui...
1763 6491 1849 6544 noque
1880 6481 1940 6544 pest
1967 6479 2043 6540 buius
2071 6481 2142 6532 ritae
2166 6483 2306 6572 terminum
2338 6497 2412 6548 spem
2443 6481 2538 6534 liabent

1582 6563 1659 6616 tellam
1677 6571 1798 6618 aeternae
1817 6565 1931 6634 quietis).
1952 6595 1986 6606 -
2005 6571 2155 6636 Sequuntur
2172 6571 2214 6626 Pa.
2233 6571 2282 6634 65,
2302 6573 2349 6636 113
2373 6575 2419 6626 ler.
2439 6573 2468 6640 6,
2489 6571 2535 6634 sle,

1581 6653 1662 6718 Apee.
1681 6655 1727 6722 ll,
1749 6655 1791 6708 13.

1652 6737 1662 6768 ⁸
1680 6741 1713 6794 Ut
1736 6743 1849 6798 insinuat
1872 6745 1983 6814 Ariston,
2003 6747 2036 6800 de
2060 6749 2220 6802 praedicam.
2243 6763 2268 6802 c.
2291 6745 2323 6802 de
2343 6745 2483 6816 Oppositis.
2503 6775 2537 6784 -

1582 6829 1704 6896 Sequitur
1723 6829 1768 6882 lob
1786 6831 1810 6894 7,
1832 6835 1868 6886 a..
