5900 8266
1240 565 1432 634 COMMENT.
1458 567 1494 632 ΙΝ
1517 565 1793 646 ECCLESIASTEN.

1328 881 1329 884 ¹
1406 847 1544 928 Scaeua
1574 851 1632 928 tlt.
1661 945 1662 948 Ἴ

1498 1093 1609 1144 malitiae
1629 1091 1863 1146 considerationem

1498 1165 1576 1216 laturi
1598 1163 1689 1216 iudicii
1717 1163 1890 1226 praemedita-

1531 1233 1630 1286 tionem

1497 1303 1641 1368 praesentis
1667 1307 1749 1354 status
1773 1303 1890 1354 conside·

1532 1375 1659 1424 rationem

1499 1441 1739 1508 praecipitationem
1765 1441 1789 1492 in
1820 1455 1888 1492 erro·

1532 1525 1608 1564 neam
1630 1511 1779 1576 opinionem

1182 1267 1225 1348 ‘in
1238 1267 1395 1332 rectoribus,
1413 1267 1452 1320 in-

1168 1349 1276 1392 sannaus

1933 1657 2035 1702 notatur
2055 1653 2200 1708 calumniae
2218 1655 2394 1710 consideratio

1497 1723 1592 1776 malitia
1611 1723 1758 1774 calumniae
1934 1721 2055 1774 miseriae
2072 1725 2226 1788 aggravatio

1879 1817 1880 1820 ¹
1921 1795 2025 1858 ¹culpae
2044 1793 2190 1846 detestatio.

893 1675 1122 1742 vanitas'malitiae

1340 1927 1342 1932 ·
1454 1923 1456 1928 ·
1932 1899 1989 1954 eius
2008 1899 2181 1954 consideratio

1113 1973 1117 1978 '
1165 1971 1195 2040 in
1211 1969 1323 2026 subditis
1345 1975 1452 2024 notatur
1497 1969 1592 2022 malitia
1612 1969 1727 2024 invidiae
1950 1991 1962 2020 a
2007 1971 2103 2024 malitia

1950 2063 1963 2090 n
2009 2055 2092 2108 poena

1934 2157 2022 2216 torpor
2041 2149 2156 2204 accidiae

1497 2217 1592 2272 malitia
1610 2219 1726 2272 accidiae
1934 2221 2083 2276 sustinentia
2102 2221 2227 2286 penuriae

1568 2321 1570 2324 ·
1932 2293 2063 2346 excusatio
2081 2291 2244 2358 ignorantiae

660 2359 853 2424 ostenditurva·
1160 2359 1333 2414 consideratio
1342 2359 1468 2414 avaritiae
2008 2371 2013 2378 ·

431 2453 434 2458 ·
504 2449 506 2454 ’
684 2431 750 2484 nitas
774 2431 854 2494 tripli·
977 2439 978 2442 ’
1165 2423 1359 2486 commendatio
1373 2431 1454 2486 socie
1499 2431 1524 2482 in
1541 2431 1686 2482 relevando

684 2503 723 2554 cis
740 2501 834 2566 culpae
890 2497 990 2548 tranitas
1003 2497 1128 2550 avaritiae
1184 2503 1243 2554 tatis
1253 2503 1349 2554 alienae
1363 2517 1453 2556 secam
1499 2503 1682 2554 conservando

1184 2575 1249 2626 dum
1273 2573 1365 2638 triplex
1385 2587 1454 2626 emo·
1499 2573 1662 2626 defendendo

1183 2645 1329 2700 iumentum
1396 2661 1398 2666 ’

1157 2791 1266 2850 propter
1277 2787 1378 2838 malum
1389 2799 1461 2850 prae·

1178 2871 1237 2910 sens
1247 2867 1272 2910 et
1281 2859 1461 2910 concomitans

884 2887 1120 2956 dentiaequaere·
1307 2925 1308 2928 ,
1511 2927 1514 2936 .

545 2953 549 2964 ·
884 2957 1011 3022 probatur
1157 2935 1266 2992 propter
1286 2929 1386 2980 malurn
1405 2941 1461 2980 suc·

908 2815 1008 2868 vanitas
1024 2817 1121 2884 impru-

1176 2999 1275 3052 cedens

1161 3147 1251 3194 contra
1279 3139 1449 3194 inordinatio-
1493 3139 1626 3206 afferendo
1644 3139 1848 3194 exhortationem
1899 3163 1901 3176 τ

1199 3225 1259 3264 nem
1277 3211 1303 3262 in
1323 3225 1402 3276 opere
1545 3229 1560 3256 a
1643 3213 1827 3266 exhortationis
1845 3211 1972 3286 rationem

531 3297 555 3398 pae
524 3165 556 3262 (3,AE
525 2971 556 3150 6-7,23
525 2929 556 2950 )

1924 3319 2094 3418 ¹prohibendo
2114 3353 2357 3418 praecipitationem

1930 3423 2068 3478 subdendo
2084 3425 2213 3478 rationem

1493 3403 1542 3454 per¹
1560 3389 1715 3442 locutionem
1739 3355 1910 3564 inmunde-3

866 3529 869 3538 l
1508 3533 1509 3536 ,
1527 3467 1611 3512 mmm
1929 3495 2052 3548 addendo
2069 3495 2215 3562 exemplum

906 3513 994 3560 conua
1018 3505 1116 3558 vanita-

859 3541 940 3850 ἕκτῃ
963 3577 1074 3628 malitiae
1092 3583 1117 3628 et
1162 3571 1252 3618 contra
1286 3565 1455 3618 inordinatio-

524 3519 548 3724 vanitas
525 3401 549 3484 cul

822 3673 825 3680 =
889 3647 945 3700 eius
987 3647 1116 3713 triplicem
1180 3649 1247 3718 nem·
1262 3637 1380 3702 loquelae
1394 3637 1455 3688 stul·

888 3719 1103 3772 inordinationem
1181 3715 1221 3760 iae
1240 3721 1268 3760 tn
1286 3721 1333 3760 0¹¹0

1493 3651 1539 3702 per
1559 3637 1717 3690 locutionem
1738 3639 1828 3690 salsam

1628 3817 1631 3826 .
1930 3779 2092 3832 dehortando

1465 3701 1539 3916 dper
1559 3849 1714 3902 locutionem
1734 3863 1872 3904 erroneam
1930 3847 2070 3902 subdendo
2087 3849 2214 3902 rationem

1929 3919 2121 3972 manifestando
2138 3919 2235 3972 erroris
2253 3921 2371 3974 radicem

523 3761 548 4016 Probatur

1163 4065 1253 4114 contra
1270 4061 1488 4184 incgrdinationem
1508 4061 1671 4126 cogitationis
1691 4063 1772 4114 malae
1789 4061 1818 4114 ih
1835 4061 1923 4126 corde,
1943 4061 2132 4114 manifestando
2149 4061 2256 4114 divinae
2273 4063 2458 4126 providentiae

1199 4133 1299 4198 aequita
1314 4147 1353 4186 em

524 4051 548 4108 11-

537 4327 538 4332 „
547 4307 548 4310 „
524 4143 548 4266 Pars

1227 4271 1228 4276 ’
1274 4259 1281 4282 ⁴
1493 4273 1554 4342 quia
1575 4287 1627 4324 non
1646 4273 1776 4326 sufficiunt

1511 4365 1524 4392 r
1590 4363 1603 4390 u
1644 4351 1755 4410 prosunt

1493 4417 1539 4470 sed
1559 4417 1621 4482 quia
1645 4417 1763 4480 affligunt

1163 4311 1287 4376 quianon
1298 4297 1381 4362 ditant
1390 4323 1448 4376 pos·

681 4421 787 4474 Ponitur
806 4425 847 4474 tri·
1201 4394 1316 4433 sessores

663 4495 742 4558 plex¹
767 4507 849 4546 remp.
883 4477 1123 4528 contravenitatem

663 4565 736 4618 dium
760 4569 848 4618 contra
917 4545 1041 4598 alitilia&
1070 4561 1126 4612 pel·
1163 4555 1224 4622 quia
1245 4569 1297 4608 non
1322 4555 1449 4608 transmit·
1467 4559 1476 4646 ς
1495 4557 1674 4608 consideratur
1693 4563 1794 4620 egestas
1815 4555 1898 4608 lutura
1919 4557 1945 4608 in
1963 4555 2036 4620 prole
2055 4555 2142 4610 divitis

664 4633 771 4700 triplicis
797 4639 848 4688 0111.
917 4615 1140 4700 illidendocflsss-
1173 4633 1264 4678 tuntur
1276 4627 1309 4678 ad
1321 4633 1449 4690 posteros
1493 4627 1650 4690 reprobatur
1668 4627 1814 4680 sollicitudo
1832 4627 1959 4680 laboriosa
1979 4629 2105 4692 pecuniae
2125 4627 2298 4694 acquirendae

664 4719 714 4770 pae
753 4707 848 4760 vanita·
917 4693 1045 4768 teniptnn
1061 4689 1146 4740 dili-¹
1175 4697 1221 4750 ubi
1365 4735 1368 4738 -
1493 4699 1693 4750 commandatur
1712 4699 1798 4750 liaritio
1818 4699 1960 4764 praesentis
1979 4699 2089 4750 laetitiae

1163 4839 1224 4906 quia
1244 4841 1393 4904 frequenter
1405 4839 1449 4890 de·
1494 4837 1621 4902 probatur
1634 4853 1663 4890 ex
1677 4839 1828 4892 diuitiarum
1847 4843 2060 4892 conservaturum
2081 4839 2246 4893 translatione
2258 4837 2382 4892 avaritiae
2393 4839 2499 4894 vanitas

1172 4911 1314 4962 volvuntur
1323 4909 1355 4960 ad
1366 4915 1449 4962 extra·
1494 4915 1601 4972 urgetur
1621 4909 1764 4962 tenacitatis
1781 4909 1917 4962 detestatio

1172 4995 1244 5044 neoS,
1265 4981 1311 5032 ubi
1494 4981 1661 5044 subiungitur
1680 4981 1857 5032 detestationis
1875 4981 1941 5032 ratio
1959 4981 2049 5046 triplex

1160 5123 1270 5176 docetur
1286 5119 1446 5176 modus'tri-
1492 5113 1621 5188 monetur,
1640 5129 1668 5176 ut
1687 5123 1853 5176 addiscantur
1872 5121 1941 5174 utilia

1197 5197 1254 5260 plex
1270 5195 1446 5260 acquirendae
1542 5215 1556 5242 a
1639 5201 1666 5246 ut
1686 5193 1866 5260 relinquantur
1885 5191 2037 5246 abscondita

1198 5267 1341 5330 sapientiae
1360 5275 1386 5320 et
1542 5287 1557 5312 a
1638 5279 1704 5318 nere
1724 5265 1888 5332 inquirantur
1906 5263 2025 5318 sublimia

1921 5409 2122 5472 praeterendum
2135 5411 2272 5458 honestum
2294 5407 2369 5458 suavi

2014 5499 2026 5526 »
2138 5479 2218 5530 uitam
2235 5479 2347 5530 suturam
2364 5479 2495 5542 praesenti

2137 5547 2302 5600 alilictionem
2320 5549 2447 5612 voluptati

2138 5617 2265 5672 tristitiam
2285 5617 2438 5672 iucunditati

2013 5711 2025 5736 »ι
2137 5689 2304 5742 severitatem
2321 5689 2444 5742 mollitiae
2467 5701 2496 5744 et.

2066 5767 2069 5772 '
2173 5759 2316 5812 adulationi

1420 5543 1424 5548 -
1490 5515 1646 5566 documenta
1661 5515 1776 5582 quinque
1789 5515 1824 5566 ad
1836 5517 1880 5566 ha·

879 5571 1119 5626 contrat-enitatur
1525 5585 1639 5638 heridam
1669 5587 1825 5638 modestiam
1854 5603 1880 5638 o-

872 5643 1065 5706 imprudentiae
1075 5655 1122 5708 pec
1525 5655 1670 5710 stendeudo

871 5713 1068 5780 acquisitionem
1082 5727 1122 5766 sa-

872 5785 984 5848 pientiae
1119 5785 1121 5794 '

1925 5899 2030 5954 vitarrda
2051 5899 2180 5952 calxrmnia

1490 5973 1647 6024 documenta
1665 5977 1777 6038 quatuor
1790 5971 1822 6024 ad
1836 5975 1880 6024 ha·
1925 5971 2037 6022 amanda
2057 5971 2252 6034 perseuerantia

1525 6039 1639 6094 bendani
1659 6041 1830 6094 constantiam
1926 6041 2056 6096 servanda
2075 6043 2197 6106 patientia

1469 6127 1470 6148 ³
1926 6111 2051 6176 fugienda
2069 6113 2202 6166 iracundia

1159 6183 1320 6250 explicantur
1343 6181 1445 6244 sapien·
1895 6243 1896 6246 Ἰ

1194 6257 1245 6308 tiae
1265 6255 1421 6306 documenta
1925 6254 1958 6305 ad
1976 6253 2160 6308 discretionem
2180 6257 2281 6310 utilium

1317 6355 1320 6358 -
1490 6324 1647 6376 documenta
1665 6325 1879 6392 quatuoradha·
1934 6343 1947 6370 ³>
2058 6345 2070 6372 a
2177 6329 2325 6382 divinorum
2345 6343 2457 6394 operum

1525 6393 1639 6448 belidum
1658 6397 1825 6460 prudentiam
1934 6415 1947 6442 a
2057 6417 2070 6444 a
2176 6407 2323 6466 temporum

1645 6501 1647 6506 ,
1934 6485 1947 6514 x
2058 6487 2071 6516 >i
2177 6465 2328 6524 meritorum

1924 6607 2077 6674 prohibetur
2093 6611 2168 6676 ¹rigor
2187 6611 2331 6664 severitatis

2002 6701 2008 6728 ›
2094 6683 2277 6748 praecipitium
2299 6681 2438 6746 impietatis

1924 6755 2124 6806 commendatur
2154 6751 2277 6806 exhibitio
2297 6749 2494 6804 misericordiae

1996 6843 2008 6870 a
2153 6823 2325 6876 dissimulatio
2369 6821 2494 6888 Propriae

2173 6895 2280 6946 iniuriae

1489 6713 1645 6766 documenta
1663 6697 1776 6780 quatuor
1789 6715 1824 6768 ad
1835 6717 1879 6766 ha·

1523 6781 1638 6836 bendarn
1657 6785 1779 6840 iustitiam
