5900 8266
525 625 588 688 sta

524 799 626 866 ciis».
659 799 767 866 Posset
800 803 913 882 quarta
940 797 1019 864 ratio
1053 797 1158 864 reddi:
1195 797 1233 862 ad
1267 797 1481 864 confusionem

523 905 788 984 damnandorum3
822 903 904 972 unde
938 903 1136 988 apocalypsis
1166 903 1320 988 prime1:
1358 901 1483 970 utaettr

522 1031 597 1078 carra
620 1011 739 1078 orariis·
752 1011 885 1090 osaias,
907 1017 938 1076 ct
959 1009 1020 1096 pari
1040 1027 1116 1076 cara
1136 1015 1365 1094 pupugerant.

612 1119 663 1182 db.
678 1117 802 1200 Quaest.
821 1107 867 1180 lii.
884 1115 975 1194 ltem,
993 1115 1029 1180 de
1052 1117 1111 1180 hac
1128 1115 1211 1202 quod
1227 1115 1319 1180 dicit:
1339 1117 1380 1180 Et
1392 1115 1482 1180 raitte

522 1241 661 1290 araaaar
688 1231 780 1288 taaar
816 1221 850 1288 ia
887 1221 975 1288 latas
1011 1241 1121 1288 aream
1142 1227 1202 1288 etc.
1226 1259 1270 1270 -
1296 1221 1377 1306 Ergo
1411 1237 1480 1288 cor-

495 1347 582 1414 pus
604 1327 719 1396 Christi
752 1335 820 1396 erat
842 1327 1015 1412 palpabile;
1040 1327 1113 1406 sed,
1144 1327 1226 1394 sicut
1259 1327 1335 1394 dicit
1366 1327 1481 1412 Grego-

521 1435 589 1502 rius
600 1433 639 1514 2,
653 1459 669 1492 o
686 1451 777 1500 omne
800 1432 954 1520 palpabile
978 1437 1026 1498 est
1041 1433 1274 1522 corruptibile»
1288 1457 1295 1498 :
1319 1449 1395 1516 ergo
1411 1449 1481 1498 cor·-

521 1557 581 1624 pus
602 1539 681 1606 illud
704 1544 772 1606 erat
796 1537 1011 1624 corruptibile.
1037 1575 1078 1586 —
1106 1539 1142 1606 Si
1165 1537 1277 1618 alicae,
1303 1537 1384 1604 sicut
1406 1537 1481 1604 dicit

521 1645 779 1730 Chrysostomus,
797 1645 882 1732 quod
902 1669 920 1704 «
936 1645 1079 1711 hocerat
1094 1645 1377 1724 condescensionis,
1394 1643 1481 1730 quod

521 1753 616 1820 flebat
632 1777 666 1832 »3
693 1759 769 1818 tarro
794 1751 968 1818 obiicitur:
995 1753 1084 1838 quia,
1116 1751 1139 1818 si
1166 1751 1308 1836 palpari
1327 1756 1375 1816 est
1407 1769 1481 1816 con·

521 1865 571 1924 tra
601 1865 747 1928 naturam
777 1857 921 1942 corporis
943 1857 1123 1944 glorificati,
1155 1875 1232 1942 ergo
1261 1855 1479 1936 menifestum,

492 1965 493 1968 ’
520 1963 606 2050 quod
628 1965 659 2030 in
684 1965 743 2030 hoc
757 1983 821 2030 non
835 1951 1033 2042 ostendebat,
1051 1981 1082 2030 se
1108 1963 1224 2030 habere
1240 1981 1356 2048 corpus
1376 1961 1480 2048 plari-

495 2081 496 2084 ’
518 2069 678 2156 praten,
701 2069 755 2136 sed
777 2069 883 2154 potius
906 2089 974 2136 aaa
995 2069 1233 2156 glorificatam.
1458 2149 1460 2152 Ι

610 2177 644 2242 Εῖ
669 2177 891 2260 respondetur,
918 2177 1002 2264 quod
1025 2177 1084 2244 ista
1109 2179 1188 2244 ratio
1203 2197 1266 2244 non
1292 2178 1387 2258 ralet,
1406 2177 1480 2264 qaia

398 2279 462 2350 resp.
480 2293 501 2338 1·
518 2283 680 2364 intrando,
702 2283 807 2350 ianuis
828 2283 960 2364 clausis,
986 2283 1119 2352 ostendit
1131 2285 1333 2372 pluriosara,
1352 2285 1407 2352 sed
1423 2303 1480 2370 per

431 2411 432 2414 ¹
519 2395 637 2458 tactam
662 2391 797 2458 ostendit
818 2407 885 2458 esse
911 2383 1010 2470 altena,
1037 2391 1118 2476 qaod
1142 2389 1246 2458 fuerat
1271 2407 1407 2484 passum

433 2519 435 2524 ’
546 2507 548 2510 ’
610 2501 836 2566 Potesttamen
862 2497 951 2566 aliter
981 2497 1058 2578 dici,
1082 2499 1182 2582 quod,
1207 2497 1290 2564 sicut
1310 2496 1479 2582 dupliciter

399 2607 462 2666 tiesr·
480 2611 500 2654 2·
518 2605 636 2690 aliquid
653 2611 699 2672 θεῖ
713 2603 859 2670 ‘risibile-t
875 2623 939 2670 ano
955 2601 1061 2680 modo,
1091 2605 1167 2686 quia
1181 2595 1285 2668 risum
1301 2601 1400 2674 latere
1416 2617 1479 2664 non

518 2715 637 2794 potest,
662 2715 697 2776 at
722 2709 816 2794 lapis,
842 2709 903 2774 alio
933 2707 1041 2786 moda,
1064 2707 1158 2790 quia,
1181 2723 1253 2770 cnm
1286 2705 1383 2770 latere
1407 2699 1476 2788 pos·

520 2817 576 2896 sit,
602 2821 702 2900 potest
719 2815 810 2896 etiam
828 2813 1022 2888 immutare3
1048 2849 1089 2860 -·-
1113 2811 1251 2896 primurn
1277 2809 1476 2894 estquodam

518 2921 612 2986 modo
641 2917 852 3004 infirmitatis
873 2923 906 2982 et
935 2917 1038 2982 estin
1068 2899 1201 3000 corpore
1233 2935 1294 2982 non
1322 2915 1476 3000 gloriose,

517 3025 690 3094 secundum
716 3023 853 3090 oirtatr's
876 3031 909 3090 et
931 3023 1034 3088 estin
1057 3039 1189 3106 corpore
1214 3023 1350 3108 glorioso
1366 3059 1409 3070 -
1432 3021 1478 3088 sio

518 3133 633 3218 serapi,
659 3131 734 3218 qula
756 3137 874 3196 tactum
899 3147 961 3196 nort
985 3135 1087 3214 potest
1118 3129 1282 3214 refugere,
1310 3135 1358 3194 est
1380 3127 1477 3212 iufir-

515 3239 645 3306 raitatr's
668 3235 813 3322 quodam
827 3237 918 3304 modo
939 3245 972 3304 et
987 3235 1128 3322 corporis
1145 3253 1206 3302 non
1223 3233 1366 3322 gloriosi,
1394 3235 1477 3320 tangi

415 3401 417 3404 .
451 3337 452 3340 ’
516 3363 608 3424 vero,
631 3343 707 3430 quia
738 3343 886 3410 terminat
909 3331 1083 3428 impulsum
1113 3359 1227 3408 rnanus
1256 3347 1292 3408 at
1324 3341 1475 3420 solidum,

497 3451 602 3536 qaod
624 3447 751 3534 quidem
776 3455 876 3534 potest
910 3467 968 3514 sua
990 3447 1108 3514 virtute
1132 3463 1260 3514 manum
1292 3451 1475 3530 penetrare,

517 3557 576 3622 hoc
593 3573 736 3642 maguae
749 3553 896 3620 cirratis.
914 3553 951 3620 Εῖ
965 3555 1026 3620 hoc
1043 3551 1103 3618 fuit
1118 3553 1152 3620 in
1168 3571 1302 3638 corpore
1326 3553 1475 3638 gloriose,

517 3669 548 3730 et
563 3651 710 3728 ‘maxine
732 3659 764 3726 in
789 3679 920 3744 corpore
943 3659 1058 3726 Christi
1072 3661 1095 3724 4.

607 3769 658 3834 66.
682 3769 808 3852 Quaest.
835 3767 882 3832 at.
909 3767 984 3832 ltem
1001 3765 1167 3852 quaeritur
1191 3765 1229 3832 de
1245 3767 1305 3834 hoc
1331 3767 1414 3852 quod
1429 3767 1475 3832 di-

517 3867 576 3942 cit:
603 3873 678 3940 Noli
699 3893 768 3940 esse
790 3871 1002 3952 incredulas,
1028 3871 1085 3938 sed
1104 3871 1221 3956 sitietis.

492 4051 493 4054 Ἴ
605 3979 741 4066 Oprmnit
776 3979 990 4064 Gregorinstr
1018 4003 1032 4036 <t
1056 3975 1134 4042 Cum
1170 3977 1286 4044 Paulus
1321 3979 1402 4044 dicat
1436 3979 1474 4044 ad
1530 4029 1531 4032 ,

516 4085 670 4152 Hebraeos
686 4085 868 4152 undecimo:
890 4085 985 4150 Fides
1010 4093 1055 4152 cst
1072 4091 1308 4172 aspernantem
1333 4103 1399 4150 aaa
1414 4103 1474 4168 ap·
1526 4079 1529 4092 ’

512 4193 726 4278 paraciitum
750 4191 829 4258 tides
851 4197 900 4258 est
920 4189 1047 4258 illarum
1072 4207 1201 4270 rerum,
1223 4207 1305 4275 qaae
1322 4207 1473 4288 apparere

588 4545 691 4600 1ῖῖθεε.
710 4545 735 4618 T.
755 4545 807 4600 Cir.
827 4547 869 4600 lV.
890 4549 960 4598 Sent.
980 4545 1009 4598 d.
1028 4545 1071 4598 l8.
1090 4559 1114 4598 a.
1136 4547 1159 4598 l.
1181 4561 1208 4612 q.
1227 4547 1254 4598 3.
1272 4547 1306 4598 ad
1331 4549 1474 4600 Ι.θῖ2.-

518 4635 606 4686 Giossa
629 4633 772 4688 ordinaria
790 4631 835 4702 [ex
853 4633 942 4702 Beda]
959 4633 984 4684 in
1005 4635 1066 4686 Luc.
1085 4633 1134 4698 ii,
1154 4633 1205 4686 iti:
1223 4631 1343 4690 Ostrrrriit
1364 4633 1401 4688 eis
1419 4649 1475 4690 aaa·

516 4737 569 4778 aras
588 4729 649 4790 etc,
669 4729 711 4786 ut,
729 4731 834 4776 ostensa
847 4725 988 4776 rainerum
1003 4723 1137 4790 cicatrice,
1156 4723 1317 4776 infidelitatis
1328 4727 1425 4778 vulnus
1438 4739 1475 4778 sa·

516 4819 603 4880 naret,
623 4825 689 4882 qrras
709 4813 841 4866 cicatrices
860 4819 886 4866 θῖ
903 4819 964 4866 tunc
983 4813 1098 4866 servarit
1119 4819 1144 4866 et
1162 4813 1189 4864 in
1207 4813 1307 4866 iudicio
1320 4819 1473 4868 servaturus

410 4885 413 4894 Δ
516 4907 572 4954 ost:
599 4901 687 4966 priato
715 4903 748 4954 ad
776 4903 855 4954 iidem
885 4903 1083 4956 resurrectionis
1110 4903 1299 4966 astruendam;
1318 4903 1428 4966 deinde,
1447 4909 1476 4956 ut

516 4991 585 5044 Patri
602 5005 652 5056 pro
672 4991 751 5044 nobis
770 4991 935 5058 supplicare,
954 4993 1030 5058 quale
1060 4999 1144 5056 genus
1172 4993 1263 5044 mortis
1290 5005 1339 5056 pro
1368 4993 1475 5044 homine

516 5083 663 5146 pertulerit,
692 5095 795 5146 semper
824 5081 960 5146 ostendat;
979 5081 1071 5144 tertie,
1097 5087 1128 5134 ut
1145 5095 1193 5134 sua
1211 5087 1297 5134 morte
1316 5083 1474 5146 redemptio,

443 5185 445 5192 ¹
515 5185 594 5238 quam
614 5171 819 5224 misericorditer
836 5171 888 5224 sint
905 5171 1004 5234 adiuti,
1027 5171 1172 5236 propositis
1191 5171 1310 5224 eiusdem
1330 5169 1422 5224 mortis
1439 5171 1475 5222 in·

516 5259 600 5312 sinuet
620 5257 737 5322 indiciis;
767 5259 813 5310 sed
839 5263 990 5324 postremo,
1010 5263 1037 5310 ut
1060 5257 1083 5308 in
1113 5257 1224 5320 iudicio,
1247 5271 1327 5326 quam
1346 5257 1414 5312 iuste
1433 5257 1475 5310 da·

515 5353 638 5400 mnentur
653 5347 746 5412 impii,
764 5347 913 5410 denuntiet,
934 5353 1035 5398 ostensa
1056 5359 1136 5414 qaam
1155 5345 1191 5398 eb
1214 5347 1263 5398 illis
1291 5347 1392 5412 accepit
1410 5347 1475 5398 cica-

515 5435 585 5488 trice.
604 5437 659 5490 Noa
679 5449 744 5500 ergo
763 5449 792 5488 err
813 5437 963 5500 impotentia
983 5435 1093 5488 curandi
1112 5435 1245 5488 cicatrices
1271 5435 1401 5500 serravit,
1427 5435 1474 5488 sed

515 5527 543 5576 ut
562 5527 719 5590 perpetuum
740 5521 866 5576 victoriae
883 5537 946 5576 suaa
964 5523 1131 5576 circumierat
1149 5523 1323 5590 triumphum.

585 5609 595 5640 ²
615 5611 687 5664 Libr.
704 5613 732 5664 ll.
753 5611 845 5662 Hamil.
866 5611 891 5662 in
911 5613 1011 5676 Erang.
1029 5611 1122 5664 homil.
1142 5613 1185 5664 aa.
1202 5627 1230 5664 n.
1251 5613 1283 5664 l:
1303 5613 1368 5680 Nam
1381 5617 1407 5664 et
1420 5627 1474 5666 cor-

515 5701 603 5764 rumpi
623 5705 785 5754 necesse'est
805 5701 877 5766 quod
895 5701 1037 5766 palpatur,
1057 5707 1081 5752 et
1100 5701 1202 5766 palpari
1227 5717 1278 5754 non
1298 5707 1384 5768 potest
1400 5701 1474 5768 quod

514 5803 567 5842 aon
585 5787 772 5854 corrumpitur.
791 5815 825 5824 -
844 5787 993 5862 Chrysam,
1010 5787 1036 5838 in
1057 5791 1125 5842 loan.
1143 5789 1235 5842 homil.
1253 5787 1298 5842 87.
1325 5787 1399 5856 (alias
1420 5787 1473 5856 86.)

514 5891 540 5930 u.-
569 5879 592 5928 t:
614 5877 664 5930 Sed
684 5891 716 5928 ne
735 5875 849 5928 turberis
860 5897 867 5938 ;
887 5877 912 5926 id
932 5875 1002 5928 enirn
1019 5875 1117 5930 Christi
1134 5893 1192 5932 sese
1205 5879 1240 5932 ad
1253 5877 1360 5930 humilia
1379 5877 1475 5930 demit-

514 5965 590 6018 tentis
611 5961 849 6034 [συγκαταβάσεως]
871 5971 935 6016 erat.
951 5963 1142 6034 Corpnsenim
1163 5973 1214 6020 tarn
1230 5973 1321 6028 tenue,
1335 5971 1386 6018 tarn
1407 5967 1476 6030 leve,

514 6061 555 6120 ut,
574 6055 659 6106 ianuis
673 6055 780 6126 clausis,
797 6053 994 6118 ingrederetur,
1011 6045 1129 6106 crassitie
1147 6055 1220 6106 omni
1239 6053 1344 6108 carebat
1354 6075 1362 6118 ;
1380 6055 1428 6106 sed
1445 6059 1476 6106 at

504 6141 669 6202 ¹resurrectio
689 6143 855 6204 crederetur,
874 6153 932 6194 sese
949 6143 1026 6194 talem
1048 6139 1164 6194 exhibuit
1182 6149 1232 6196 etc.

584 6225 594 6256 ³
616 6229 716 6282 Scilicet
729 6229 876 6284 suasoriam
889 6229 981 6296 visus;
1000 6243 1053 6294 qua
1072 6229 1254 6304 immutatione
1268 6233 1349 6296 lacta,
1368 6229 1475 6282 ridetur

513 6319 570 6372 sire
589 6319 648 6372 risu
670 6319 822 6386 percipitur.
841 6319 893 6374 Cir.
913 6319 954 6370 lV.
977 6319 1048 6370 Sent.
1066 6319 1092 6372 d.
1115 6319 1158 6372 ta.
1176 6335 1203 6386 p.
1223 6323 1250 6374 ll.
1269 6325 1332 6372 sect.
1346 6321 1376 6372 2.
1399 6333 1424 6370 a.
1448 6321 1473 6370 2.

513 6421 540 6474 q.
561 6409 584 6460 2.
605 6409 631 6460 in
649 6421 722 6472 corp.
1014 6457 1016 6462 ,
1192 6477 1194 6482 Ι

494 6493 495 6498 ‘
582 6491 663 6550 4θθ.
684 6495 726 6548 rr.
746 6497 814 6550 sent.
833 6497 861 6550 a.
881 6493 924 6548 te.
943 6509 971 6562 p.
991 6497 1016 6548 rr.
1037 6503 1100 6550 seer..
1118 6499 1143 6548 a.
1163 6511 1185 6550 a.
1205 6499 1231 6550 a.
1249 6513 1278 6566 q.
1298 6499 1322 6550 a.
1383 6483 1385 6488 “

582 6579 683 6636 ⁵Libr.
702 6583 731 6636 ll.
756 6583 853 6638 Hornil.
878 6583 908 6636 in
935 6585 1035 6650 Evang.
1063 6585 1154 6638 homil.
1173 6587 1216 6640 26.
1242 6601 1268 6640 n.
1289 6589 1312 6640 8.
1334 6585 1471 6650 dilegatur

512 6669 593 6724 Hebr.
616 6672 660 6736 rt,
682 6673 705 6724 l.

583 6755 595 6786 ⁶
614 6763 674 6812 Lac.
692 6759 744 6826 cit,
761 6775 797 6814 ex·
812 6775 866 6828 quo
884 6761 968 6814 rerba
987 6763 1095 6816 interius
1113 6763 1231 6828 allegata.
1250 6791 1287 6802 -
1304 6763 1424 6826 August,
1443 6761 1472 6814 in

512 6843 580 6896 ioan.
601 6847 699 6912 Erang.
718 6855 750 6900 tr.
770 6849 829 6900 ῖ21.
850 6865 875 6902 n.
893 6849 924 6902 5:
945 6849 1056 6904 Videbat
1081 6851 1259 6918 tangebatque
1288 6849 1422 6906 h-orar'rrear
1445 6855 1472 6902 et

420 6995 421 7000 ἵ
513 6931 686 7012 confitebatur
704 6937 805 7002 Desara,
833 6951 915 7002 quem
941 6951 997 6990 non
1024 6937 1132 6992 ridebat
1160 6953 1246 7006 neque
1265 6931 1404 7006 tangebat;
1422 6939 1471 6992 sed

1220 619 1413 688 COllllENT.
1440 621 1476 688 lN
1501 621 1719 692 tutandae.
1748 623 1809 688 XX.

1545 817 1608 862 non
1641 805 1791 882 possunt3
1823 817 1904 884 quae
1937 799 2019 866 enirn
2052 807 2203 886 apparent
2234 799 2326 866 idern
2360 819 2423 866 non
2445 801 2501 868 ha-

1545 903 1637 984 bent,
1661 903 1714 970 sed
1746 903 1951 988 agnitionem:
1977 923 2052 990 ergo
2081 907 2108 970 si
2132 907 2265 972 Thomas
2297 905 2373 988 ridit
2396 905 2501 970 Domi-

1545 1027 1641 1090 num,
1665 1029 1725 1076 non
1751 1011 1812 1076 iem
1834 1011 1946 1078 hahuit
1970 1011 2081 1090 caen,
2107 1011 2160 1078 scd
2183 1011 2345 1098 scientiam
2361 1039 2390 1076 a.

1634 1115 1809 1200 Respondet
1818 1115 2008 1200 Gregoriust
2025 1117 2274 1202 ethugastinas,
2288 1117 2371 1202 quod
2388 1141 2406 1174 «
2417 1117 2501 1184 aliud
2519 1131 2586 1186 hesr-

1545 1219 1641 1298 cidit,
1658 1219 1743 1286 aliud
1759 1219 1923 1296 crediriit;
1938 1221 2021 1288 cidit
2037 1221 2194 1288 hominem
2211 1227 2243 1288 et
2256 1221 2358 1288 Deum
2381 1221 2500 1288 aonios-

1545 1339 1607 1392 sus‘
1622 1333 1686 1406 est;
1703 1325 1788 1392 unde
1804 1325 1894 1392 dicit:
1924 1327 2082 1394 docrinas
2106 1347 2196 1396 meras
2213 1335 2243 1396 et
2257 1329 2346 1394 Deae
2361 1347 2454 1396 areas
2471 1357 2499 1414 a.

1634 1435 1686 1498 67.
1709 1431 1768 1498 Sed
1801 1439 1875 1500 lund
1908 1433 2079 1500 obiicitur:
2116 1437 2142 1500 l.
2175 1435 2253 1518 Quia
2283 1433 2390 1500 saltem
2424 1433 2499 1500 vidl't
2519 1447 2652 1544 ῖῖοῖθιίοῖίο-

1545 1555 1617 1606 eum
1640 1557 1737 1624 quem
1758 1539 1850 1624 prius
1873 1537 1994 1606 uiderat
2015 1547 2196 1608 mortuum:
2216 1559 2291 1626 ergo
2304 1537 2429 1606 sciebat
2450 1557 2499 1606 re·
2558 1513 2570 1544 ⁰
2591 1513 2610 1546 ⁰'

1545 1645 1790 1726 surrectionem,
1813 1663 1875 1710 non
1899 1645 2055 1714 credebat.

1632 1755 1663 1818 2.
1687 1751 1781 1832 ltem,
1805 1753 1939 1818 Thomas
1963 1771 2025 1818 nan
2049 1753 2214 1834 credebat,
2237 1755 2297 1822 nisi
2316 1755 2392 1840 quia
2415 1753 2499 1822 ride-

1544 1859 1611 1924 bat:
1626 1875 1701 1944 ergo
1724 1885 1739 1916 r
1754 1859 1893 1926 hamana
1911 1861 1990 1926 ratio
2004 1858 2077 1925 lidei
2096 1879 2171 1926 suae
2186 1861 2358 1942 praebebat
2372 1861 2499 1944 experi-

1544 1969 1685 2030 mentum
1703 1989 1735 2030 »ι
1751 1981 1826 2050 ergo
1849 1991 1863 2022 a
1878 1963 1956 2030 tides
1973 1983 2031 2032 sua
2045 1981 2107 2030 non
2122 1963 2256 2030 babebat
2277 1965 2451 2032 meritum⁷
2468 1991 2497 2030 a.

1630 2071 1831 2138 Rasroaoao:
1856 2071 2046 2152 Dicendum,
2069 2069 2156 2158 quod
2177 2071 2250 2156 quia
2267 2071 2402 2158 Apostoli
2422 2071 2499 2140 scie·
2519 2083 2606 2128 serae.
2711 2123 2717 2132 .

1543 2179 1618 2244 hant
1640 2177 1866 2246 ludificationes
1881 2179 2085 2258 daemonum,
2102 2183 2244 2264 poterant
2264 2179 2428 2246 aestimare
2453 2185 2499 2246 to·
2524 2163 2525 2168 ¹

1543 2292 1610 2352 turn
1634 2285 1731 2364 illud,
1753 2285 1839 2372 quod
1854 2285 1985 2352 iaciebat
1999 2285 2162 2366 Christus,
2184 2301 2287 2352 ossea
2309 2285 2423 2370 spiritu
2443 2285 2498 2350 ali-

1543 2409 1607 2476 quo
1628 2391 1662 2458 in
1683 2397 1823 2458 assumto
1848 2407 1998 2476 corpore;
2025 2397 2054 2458 et
2080 2389 2151 2458 inde
2179 2395 2266 2470 erat,
2290 2389 2373 2476 qaod
2405 2389 2497 2456 etiarn

1532 2495 1637 2580 ,aliqui
1662 2495 1848 2562 dubitabant
1859 2497 1881 2560 ⁸.
1909 2497 1940 2560 ht
1967 2503 2133 2582 propterea
2156 2495 2241 2576 dico,
2267 2495 2349 2582 quod
2371 2513 2427 2580 per
2453 2493 2497 2562 ri-

1542 2601 1661 2668 sionem
1682 2600 1768 2666 illam
1793 2601 1935 2668 nonfuit
1961 2609 2045 2668 certa
2068 2603 2217 2686 cognitio,
2239 2621 2297 2668 nec
2322 2601 2498 2668 habuerant

1542 2725 1599 2790 per
1619 2705 1689 2772 illas
1713 2707 1905 2772 ostensiones
1934 2707 2072 2772 rationes
2096 2715 2256 2792 copiates,
2288 2725 2369 2792 quae
2393 2707 2497 2774 aufer-

1542 2817 1613 2878 rent
1635 2811 1707 2876 tidei
1727 2809 1896 2890 meritum,
1918 2811 1972 2878 sed
1992 2813 2096 2878 solum
2117 2811 2322 2890 iarlaceates,
2346 2811 2427 2896 qaae
2444 2813 2497 2878 ad-

1540 2917 1651 2984 iuvant
1672 2917 1812 2982 animum
1844 2915 2006 2984 infirmam
2030 2923 2061 2984 et
2093 2915 2230 2984 nondum
2255 2917 2286 2984 in
2310 2917 2371 2984 fide
2402 2917 2497 2984 stabi-

1541 3021 1631 3088 litum
1649 3023 1670 3088 ⁹.

1631 3129 1681 3194 68.
1709 3127 1833 3212 Quaest.
1856 3127 1892 3194 V.
1916 3127 1991 3196 Item
2018 3127 2181 3214 quaeritur
2201 3127 2238 3196 de
2264 3129 2323 3222 hoc
2342 3127 2425 3214 quod
2450 3127 2497 3194 di-

1541 3235 1599 3300 cit:
1625 3233 1715 3316 Quia
1729 3235 1844 3300 uidisti
1856 3253 1923 3314 rac,
1949 3235 1975 3300 T
1973 3233 2088 3316 homa,
2104 3235 2283 3302 credidisti.
2298 3271 2340 3282 —
2352 3235 2496 3314 Videtur,

1540 3339 1624 3426 qaod
1650 3339 1816 3430 ¹debuisset
1849 3339 1970 3408 dicere:
2004 3341 2079 3426 quia
2100 3341 2235 3428 tetigisti
2265 3359 2331 3420 me,
2362 3341 2436 3426 qaia
2466 3339 2496 3406 ei
2562 3397 2563 3400 ,

1539 3463 1601 3512 non
1625 3443 1804 3526 suffecerat,
1831 3447 1913 3532 qaod
1937 3445 2067 3514 rideret.

1576 3625 1578 3628 ,
1628 3553 1671 3618 aa
1697 3553 1755 3618 hoc
1785 3553 1954 3636 respondet
1974 3553 2207 3638 Augustinus1⁰
2228 3553 2413 3638 dupliciter:
2449 3553 2497 3620 rel
2514 3565 2580 3664 uesp-
2594 3567 2634 3612 ou·

1539 3661 1613 3744 qnia
1638 3677 1711 3728 rere
1725 3659 1821 3726 uisas
1835 3659 2020 3746 intelligitur
2035 3664 2155 3740 tactus,
2177 3661 2252 3746 qaia
2266 3661 2359 3726 oisas
2381 3659 2496 3726 dicitur
2540 3633 2597 3676 Μ’

1539 3765 1900 3844 communicassemus
1934 3765 1981 3848 rel
2013 3765 2087 3850 quia
2117 3765 2253 3832 Thomas
2282 3771 2410 3850 tangere
2435 3783 2496 3834 non

1539 3871 1598 3938 fuit
1620 3889 1734 3950 ausus;
1760 3871 1843 3938 unde
1867 3871 1959 3938 dicit:
1988 3897 2005 3930 «
2020 3871 2085 3938 Non
2122 3871 2163 3938 ait
2195 3871 2344 3958 tetigisti,
2371 3871 2424 3940 sed
2447 3871 2496 3938 ai-

1538 3977 1635 4058 disti,
1663 3979 1812 4062 quoniam
1841 3977 1997 4062 generalis
2024 3977 2158 4064 quodam
2190 3978 2280 4045 modo
2313 3985 2359 4044 est
2382 3997 2493 4046 sensas

1537 4085 1641 4164 risus3
1665 4083 1809 4170 quamtis
1832 4083 1892 4150 dici
1915 4085 2030 4168 possit,
2055 4103 2118 4150 non
2140 4103 2253 4152 ausum
2275 4085 2373 4152 scrisse
2401 4085 2496 4152 disci·
2533 4117 2534 4120 ¹

1538 4191 1649 4276 pulum
1673 4197 1800 4276 tangere
1820 4193 1893 4256 11».

1537 4561 1585 4612 per
1603 4551 1652 4600 hoc
1671 4549 1745 4616 qnod
1763 4549 1871 4600 ridebat
1888 4553 1967 4616 atque
1986 4549 2124 4616 tangebat,
2141 4541 2216 4612 illud,
2232 4549 2282 4602 iarn
2297 4555 2396 4602 remota
2417 4549 2493 4604 dubi·

1537 4637 1647 4704 tatione,
1666 4637 1798 4690 credebat.

1608 4723 1618 4756 ⁷
1639 4729 1788 4780 Secundum
1808 4729 1971 4794 Gregor.,ll.
1991 4727 2083 4780 Hamil.
2103 4727 2130 4780 in
2147 4729 2250 4792 Erang.
2262 4727 2352 4781 homil.
2372 4729 2416 4782 26.
2428 4745 2451 4782 n.
2469 4731 2492 4782 t.

1608 4813 1620 4844 ⁵
1639 4817 1733 4890 ignat,
1747 4815 1826 4880 Epist.
1844 4815 1878 4868 ad
1898 4815 2071 4880 Smyrnaeus,
2090 4829 2114 4868 c.
2133 4815 2164 4868 3:
2192 4815 2304 4882 Quando
2330 4797 2490 4870 ad'Petrunr

1537 4909 1564 4956 et
1580 4903 1666 4958 socios
1685 4905 1742 4958 eius
1760 4905 1845 4966 venit,
1865 4903 1901 4956 eis
1922 4903 1996 4956 dixit:
2018 4897 2254 4968 «apprehendite,
2274 4905 2378 4970 palpate
2397 4919 2439 4958 me
2468 4909 2493 4958 et

1536 4995 1638 5060 ridete,
1657 4995 1729 5062 quod
1748 5007 1800 5046 non
1819 4993 1869 5046 sim
1888 4989 2061 5048 daaraoaiara
2076 4991 2247 5062 incorporata
2258 5011 2287 5046 a.
2302 4993 2358 5052 Cir.
2376 4993 2492 5058 Hieron,

1537 5083 1572 5134 de
1589 5083 1659 5136 Viris
1679 5079 1832 5144 illustribus,
1853 5095 1875 5134 c.
1895 5083 1943 5148 «ra,
1962 5081 2009 5136 ubi
2027 5083 2092 5134 baec
2111 5081 2191 5134 rerba
2210 5081 2302 5146 ignatii
2321 5083 2409 5156 affert3
2423 5083 2491 5134 idern

1526 5167 1563 5228 ¹in
1578 5169 1692 5224 Tractat.
1710 5169 1770 5223 libri
1789 5171 1876 5224 XVlll.
1895 5169 2043 5224 Commeat.
2061 5169 2086 5222 in
2107 5169 2161 5222 lsai.
2180 5169 2229 5222 ait:
2248 5167 2313 5224 Carra
2333 5169 2406 5224 enim
2425 5173 2492 5236 Apo·

1524 5259 1594 5312 ¹stoli
1616 5273 1677 5312 eum
1695 5263 1816 5324 putarent
1832 5257 1975 5328 spiritura,
1997 5261 2039 5312 rel
2057 5261 2126 5312 iuxta
2144 5257 2329 5324 Evangelium,
2350 5261 2422 5326 quod
2444 5261 2492 5312 Ηθ-

1537 5345 1679 5400 bracaram
1696 5349 1810 5402 lectitant
1827 5347 1964 5414 Nazaraei,
1993 5347 2164 5416 incorporate
2189 5345 2363 5402 daemoniaca
2389 5353 2438 5400 etc.
2457 5377 2493 5386 —

1538 5435 1665 5500 Superius
1684 5449 1734 5500 pro
1752 5435 1875 5490 Christos
1892 5437 1935 5488 ed.
1955 5433 2057 5490 Christi
2072 5433 2179 5504 species.

1608 5521 1689 5578 ⁹Cir.
1708 5527 1746 5598 lll.
1763 5527 1833 5578 Seni.
1853 5527 1879 5578 d.
1898 5527 1941 5578 23.
1959 5523 2023 5578 dub.
2048 5527 2067 5578 l.
2087 5531 2113 5578 θῖ
2130 5525 2157 5578 d.
2177 5523 2220 5578 ii.
2238 5539 2261 5578 a.
2282 5527 2305 5576 2.
2324 5525 2394 5590 q.,l.
2409 5537 2481 5590 seqq.

1609 5609 1631 5640 ¹⁰
1651 5615 1676 5664 ln
1696 5615 1765 5666 loen.
1788 5617 1934 5680 Evangtr.
1953 5615 2012 5666 til.
2027 5627 2053 5666 n.
2066 5613 2096 5664 5:
2115 5613 2172 5664 Non
2183 5611 2230 5664 ait:
2243 5611 2361 5676 Tetigisti
2374 5625 2431 5676 me,
2444 5613 2491 5666 sert

1536 5699 1627 5754 uidisti
1643 5713 1698 5766 rrae,
1719 5703 1845 5768 quoniam
1864 5703 1992 5764 generalis
2010 5701 2127 5768 quodam
2142 5701 2223 5752 modo
2240 5713 2334 5752 sensas
2352 5705 2391 5752 est
2409 5699 2491 5756 uisas

1536 5791 1602 5842 Nam
1620 5793 1644 5842 et
1664 5803 1710 5854 per
1739 5789 1802 5842 alios
1825 5781 1945 5856 quatuor
1967 5803 2058 5842 sensus
2084 5789 2214 5842 nominari
2240 5791 2319 5854 solet,
2340 5791 2411 5842 relat
2429 5805 2490 5844 cunr

1537 5877 1662 5930 dicimus:
1681 5877 1748 5930 hudi
1761 5889 1788 5930 er
1801 5877 1874 5938 vide,
1893 5891 1973 5944 quarn
1993 5875 2059 5928 bene
2078 5883 2178 5930 sonet...
2189 5881 2269 5944 tange
2283 5883 2307 5930 et
2318 5877 2391 5944 v'ide,
2410 5893 2490 5944 quarn

1536 5967 1605 6020 bene
1622 5955 1732 6020 caleat...
1751 5967 1825 6020 Unde
1839 5971 1865 6020 et
1876 5967 1919 6020 hic
1931 5967 1988 6030 ipse
2000 5967 2146 6020 Dominus:
2162 5967 2245 6036 laser,
2259 5969 2357 6036 inquit,
2375 5965 2490 6038 digilunt

1538 6057 1616 6108 taara
1643 6053 1695 6108 bac
1721 6057 1746 6110 et
1760 6053 1819 6106 aide
1838 6061 1937 6108 raa-aas
1955 6067 2044 6124 meas,
2063 6057 2127 6124 quid
2147 6057 2218 6112 aliud
2235 6057 2286 6122 ait,
2304 6071 2385 6124 quam
2411 6059 2491 6124 tartps

1536 6147 1562 6198 ei
1577 6143 1656 6198 cide?
1681 6145 1732 6196 Neo
1750 6149 1838 6196 tamen
1865 6147 1956 6196 ocutos
1983 6145 2025 6197 ille
2048 6143 2163 6206 hahebat
2188 6145 2217 6198 in
2235 6147 2329 6212 digito.
2347 6147 2415 6210 Ergo
2434 6145 2490 6198 sire

1536 6231 1662 6286 intuendo
1679 6233 1737 6286 sive
1754 6233 1833 6286 etiam
1853 6235 1998 6298 tangendo,
2024 6231 2088 6304 paria
2106 6231 2196 6288 uidisti
2213 6247 2270 6300 rae,
2291 6233 2390 6300 inquit,
2410 6231 2491 6286 credi·

1536 6319 1605 6376 disti.
1624 6321 1751 6388 Quamvis
1770 6321 1822 6376 dici
1847 6325 1936 6388 possit,
1956 6337 2007 6376 non
2036 6337 2129 6376 ausum
2158 6323 2235 6376 luisse
2261 6323 2418 6388 discipulum
2438 6325 2490 6374 tan·

1510 6439 1512 6442 -
1537 6423 1612 6478 gere,
1625 6423 1692 6464 *cum
1712 6425 1740 6478 se
1757 6411 1920 6494 oderretille
1938 6411 2113 6476 tangendunr;
2132 6425 2184 6464 non
2204 6409 2275 6464 enim
2293 6411 2418 6474 scriptum
2439 6415 2490 6460 est:
2548 6421 2549 6426 ¹

1452 6535 1455 6540 -
1536 6501 1565 6552 Et
1583 6499 1668 6566 tetigit
1685 6499 1810 6554 Thomas.
1829 6499 1881 6554 Cir.
1901 6505 1986 6554 tamen
2003 6515 2085 6566 supra
2103 6505 2164 6552 nota
2183 6501 2214 6564 6,
2240 6499 2285 6552 ubi
2308 6499 2397 6552 dicere
2420 6499 2491 6552 vidc-

1535 6595 1591 6652 tur,
1610 6589 1681 6656 qaod
1705 6591 1820 6642 Thomas
1848 6589 1961 6656 tetigerit
1986 6591 2096 6644 vulnera
2122 6589 2226 6644 Christi.
2243 6617 2280 6630 -
2297 6589 2415 6642 Subinde
2442 6601 2490 6652 pro

1534 6687 1595 6730 aare
1612 6673 1686 6730 cistas
1706 6677 1727 6730 N
1745 6673 1784 6730 ibi
1800 6691 1860 6730 acre
1878 6677 1968 6744 obas,
1987 6677 2031 6730 ed.
2043 6691 2109 6730 cum
2129 6679 2246 6730 Garrano
2267 6677 2315 6732 istc
2334 6675 2417 6730 orsas
2529 6733 2535 6744 ,

1606 6763 1626 6792 ²²
1648 6765 1779 6836 cimbros,
1796 6765 1831 6820 X.
1850 6765 1876 6818 in
1896 6767 1959 6820 Luc.
1972 6765 2014 6820 Ti.
2028 6781 2052 6818 n.
2073 6767 2132 6818 id8:
2147 6767 2213 6820 Dicit
2229 6765 2338 6834 aliquis:
2351 6763 2490 6832 Quomodo
2556 6817 2557 6820 ,

1535 6865 1599 6916 ergo
1617 6853 1745 6918 ThomaS,
1759 6869 1820 6908 cum
1834 6855 1920 6910 adhuc
1938 6869 1989 6908 non
2004 6855 2130 6920 crederet,
2144 6855 2226 6922 tetigit
2238 6861 2326 6908 tamen
2339 6853 2490 6908 Christum?
