5900 8266
1184 519 1378 586 comiteur.
1402 519 1440 586 ΙΝ
1462 515 1629 586 lOANNElll
1650 517 1683 582 C.
1709 517 1782 582 xlv.

586 703 645 770 sed
666 707 784 770 coutru
808 701 867 766 hoc
896 705 959 778 est,
982 697 1058 784 qnia
1081 697 1210 762 minima
1231 695 1361 762 caritate
1385 701 1453 780 pot·
1520 727 1521 730 ¹

362 823 476 868 222222.
494 815 543 876 222
569 809 642 896 quis
660 809 806 876 resistere
834 809 1105 892 quantaecumque
1122 799 1301 870 tentationi:
1326 817 1401 886 ergo
1426 801 1452 868 si

494 915 630 1002 Apostoli
655 913 813 980 minimam
840 911 1005 988 baberent,
1028 925 1103 994 ergo
1119 911 1273 992 poterant.

585 1021 798 1106 despondetur
823 1013 859 1082 ad
885 1017 945 1082 boc
967 1015 1140 1082 secundnm
1156 1012 1314 1098 duplicem
1333 1011 1453 1096 opinio-

371 1141 438 1196 2222
455 1141 475 1186 t·
494 1145 577 1196 nem.
601 1125 732 1210 Quidam
757 1123 883 1202 dicunt,
906 1119 991 1206 quod
1015 1141 1054 1186 ec
1079 1119 1233 1198 minimo,
1263 1123 1452 1186 nontamen

494 1239 646 1300 mouente
667 1229 828 1308 minimo,
851 1229 925 1314 qnia
950 1233 1100 1312 angetur3
1126 1231 1156 1294 et
1181 1225 1352 1294 secundum
1377 1225 1453 1294 istos

494 1339 694 1416 solvendum,
718 1341 755 1402 ut
771 1335 873 1420 prins,
899 1333 979 1420 quod
998 1351 1059 1400 non
1081 1339 1225 1420 poterant
1239 1351 1296 1420 per
1321 1333 1350 1400 ld
1368 1333 1452 1418 quod

372 1457 438 1514 Rern·
454 1459 474 1504 c·
494 1445 720 1512 habebant-
737 1441 915 1510 Secundum
940 1440 1031 1508 aliam
1055 1441 1231 1528 opinionem
1260 1441 1451 1526 respondeo:

494 1549 666 1618 secundum
693 1547 851 1614 minimam
863 1553 982 1632 potest,
1008 1547 1063 1614 sed
1085 1565 1147 1612 non
1169 1543 1332 1634 feciliter,
1355 1545 1452 1612 immo

493 1653 588 1722 22222
609 1651 809 1744 difficilium
833 1659 863 1720 et
887 1653 956 1720 ideo
977 1653 1071 1740 pauci
1093 1653 1282 1720 resistente
1312 1703 1313 1706 ,

528 1785 530 1790 ·
584 1761 636 1828 et.
659 1763 784 1846 Quaest.
809 1761 853 1828 lll.
880 1763 954 1828 ltem
969 1759 1137 1848 quaeritur
1158 1759 1198 1826 de
1213 1759 1272 1824 hoc
1296 1757 1381 1842 quod
1403 1755 1451 1824 di-

494 1867 549 1936 cit:
575 1867 771 1936 Muniuturu
791 1889 915 1936 uouuru
940 1867 979 1934 do
1004 1865 1092 1934 codis
1116 1873 1174 1932 etc.

471 2033 474 2038 .
585 1977 612 2040 l.
638 1975 741 2060 Quare
765 1993 828 2042 non
857 1973 1017 2060 praecepit
1046 1971 1101 2038 eis
1122 1971 1159 2038 de
1184 1969 1347 2038 dilectione
1379 1969 1450 2050 Dei,

494 2083 579 2170 quod
599 2089 648 2150 est
664 2081 819 2168 primum
840 2089 871 2146 et
888 2097 1059 2146 sumntum
1081 2077 1280 2144 mundatum
1293 2077 1327 2142 2?

575 2191 612 2254 i.
638 2189 729 2266 ltem,
755 2185 909 2272 quomodo
933 2181 1008 2250 dicit
1030 2203 1172 2262 uenum,
1201 2183 1275 2266 quia
1298 2183 1338 2248 ab
1362 2181 1450 2250 initio

492 2295 599 2362 datum
623 2293 707 2360 initi
728 2291 816 2358 Unde
838 2289 958 2374 primae
980 2287 1101 2356 loannis
1122 2287 1293 2368 secundol,
1318 2289 1450 2374 loquens

492 2399 531 2466 de
546 2399 606 2464 hoc
622 2396 781 2476 mandato,
797 2395 887 2462 dicit:
900 2393 973 2460 Nou
987 2393 1188 2460 mundatum
1202 2413 1325 2462 nocuus
1339 2395 1449 2462 scribo

492 2503 601 2584 uobis,
626 2503 684 2568 sed
704 2501 903 2570 muuduturu
924 2507 1026 2568 uetus.

2410 515 2475 582 ltu

1605 697 1813 762 Rcseouoco:
1847 691 2018 760 Dicendum
2055 691 2098 758 ad*
2128 691 2289 776 primum,
2323 689 2408 774 quod
2443 689 2475 756 in
2495 701 2601 758 22222
2618 701 2637 746 t·

1516 799 1680 868 dilectione
1703 799 1839 886 proximi
1864 799 1989 868 dilectio
2011 799 2066 868 Dei
2089 795 2274 882 intelligitur
2286 799 2310 862 4.

1518 939 1520 946 v
1604 906 1648 974 Ad
1660 907 1833 976 secundum
1849 907 2026 988 dicendum,
2036 905 2121 992 quod
2129 901 2279 970 etsilstud
2293 899 2475 968 mandatum
2495 913 2559 970 rese·
2572 913 2601 956 ad
2618 913 2637 958 2

1515 1013 1653 1080 fueritin
1667 1015 1766 1082 veteri
1781 1019 1967 1080 testamento
1979 1009 2099 1090 datum,
2115 1009 2261 1078 tamenin
2276 1027 2356 1076 noro
2369 1015 2416 1076 est
2428 1009 2474 1074 ln-

1515 1125 1665 1188 22222222
1679 1125 1832 1206 qnantum
1848 1117 2026 1186 admodum
2040 1143 2048 1186 z
2062 1117 2190 1206 quiaibi
2202 1117 2331 1202 diligere
2347 1115 2473 1196 amicos

1517 1225 1569 1293 hic
1584 1225 1743 1304 inimicos;
1759 1225 1802 1290 lbi
1817 1225 1925 1292 amicis
1941 1225 2137 1306 benefacere,
2162 1225 2212 1292 hic
2237 1223 2371 1292 inimicis
2387 1241 2473 1290 man-

1515 1331 1608 1396 datur
1622 1333 1652 1410 5;
1678 1331 1738 1396 boc
1759 1329 1907 1414 importat
1924 1331 2008 1414 quod
2024 1331 2147 1398 subdit:
2174 1331 2266 1398 Sicut
2290 1329 2390 1396 diioui
2404 1349 2472 1396 uns.

1605 1439 1656 1504 55.
1683 1437 1807 1520 Quaest.
1824 1435 1970 1502 lV.'ltem
1988 1435 2152 1522 quaeritur
2177 1439 2214 1504 de
2232 1439 2292 1506 hoc
2313 1437 2397 1522 qnod
2414 1437 2474 1504 Do-

1515 1543 1621 1610 minus
1642 1541 1723 1608 dixit
1748 1543 1854 1608 Petro:
1886 1543 1947 1606 Ter
1962 1561 2013 1606 rue
2034 1543 2204 1628 mpcntet
2224 1579 2265 1594 -
2282 1545 2328 1610 Ex
2345 1545 2405 1612 hoc
2429 1543 2475 1610 vi-

1515 1649 1620 1728 detur,
1643 1647 1726 1732 quod
1743 1645 1930 1716 revelaverit
1952 1647 2043 1714 Petro
2060 1647 2182 1732 lapsum
2204 1667 2319 1730 sunm,
2342 1657 2373 1718 et
2387 1649 2473 1736 quod

1515 1755 1652 1840 coegerit
1676 1755 1803 1820 Petrum
1826 1753 2003 1838 desperare.

1603 1861 1811 1926 llesrouuco:
1832 1859 2023 1938 Dicendum,
2051 1857 2133 1944 quod
2156 1859 2260 1926 diliert
2280 1859 2474 1944 praedicere
2484 1867 2627 1966 &ispe-‘iffi

1514 1975 1546 2034 22
1562 1967 1714 2034 revetere.
1732 1968 1818 2033 Deus
1838 1965 1919 2032 nulli
1936 1963 2070 2044 reueiut,
2092 1963 2145 2032 sed
2161 1969 2265 2032 tamen
2282 1963 2362 2032 bene
2372 1985 2473 2050 prue-

1514 2073 1614 2152 cteta
1644 2071 1719 2158 qula
1750 2071 1849 2158 quod„
1865 2069 2029 2138 reueletur
2062 2071 2322 2138 certitudinaliter
2356 2071 2472 2154 scitur,

1513 2179 1597 2266 quod
1621 2197 1697 2246 vero
1724 2179 1949 2264 praedicitur,
1973 2197 2055 2258 non;
2078 2177 2152 2262 quia
2183 2177 2351 2264 aliquando
2373 2179 2474 2248 credi-

1513 2293 1569 2354 tur
1589 2305 1630 2352 eu
1660 2283 1912 2352 comminutione
1941 2283 2076 2364 dictum,
2108 2285 2274 2370 aliquando
2304 2303 2380 2352 vero
2411 2287 2472 2352 sub

1512 2393 1704 2458 conditione.
1730 2391 1815 2458 Unde
1837 2397 1871 2458 et
1885 2391 1996 2458 Petrus
2018 2391 2078 2458 sub
2102 2391 2276 2458 conditione
2301 2391 2471 2458 intellexit:

1511 2499 1538 2566 si
1562 2517 1625 2566 non
1647 2499 1768 2566 caveris
1790 2497 1863 2578 tibi;
1887 2503 1920 2564 et
1940 2497 2010 2566 ideo
2032 2515 2093 2564 non
2119 2495 2330 2584 desperanti.

1342 2749 1525 2816 Cnmrnnuu
1549 2747 1625 2816 XlV.

533 2997 648 3054 Secundo
665 2997 850 3054 confirmentur
870 2995 991 3068 discipuli
1010 2995 1164 3052 cruditionis
1184 2995 1209 3052 ct
1228 2994 1411 3066 consolationis

846 3085 924 3142 verbo
942 3083 1093 3156 tripliciter.

583 3319 611 3382 l.
638 3319 679 3404 lit
701 3319 751 3384 uit
771 3317 946 3404 discipulis
966 3317 1083 3384 suist:
1115 3317 1190 3384 Nou
1211 3319 1366 3386 turbetur
1388 3325 1448 3386 etc.

492 3427 594 3510 Supra
617 3423 802 3492 confortavit
825 3423 977 3490 Dominus
1001 3423 1170 3510 discipulos
1193 3443 1267 3492 suos
1291 3425 1448 3510 exemplo,

491 3519 524 3598 in
546 3531 605 3598 huc
629 3539 717 3616 parte
741 3531 894 3598 confortat
908 3529 1107 3598 eruditionis
1129 3529 1244 3610 cerdu-
1259 3537 1290 3598 et
1312 3531 1449 3600 continet

491 3637 570 3704 haec
590 3655 664 3724 pars
689 3637 749 3704 tria
771 3637 906 3722 capitula
932 3641 961 3704 et
983 3637 1134 3702 dividitur
1157 3637 1190 3702 in
1205 3643 1279 3704 tres.
1298 3637 1329 3702 ln
1346 3637 1449 3724 prima

491 3751 581 3830 parte
602 3745 708 3812 erudit
730 3761 783 3812 eos
807 3743 975 3824 DominuS,
994 3751 1028 3810 ut
1046 3743 1107 3810 sint
1124 3751 1301 3812 constantes
1316 3743 1352 3810 iu
1367 3743 1448 3830 idm

398 3899 399 3902 ,
490 3849 684 3918 insecenda
711 3869 806 3930 vero,
830 3849 867 3916 iu
899 3849 1086 3928 dilectiouc;
1112 3847 1254 3918 ethaeo
1284 3849 1393 3934 incipit
1415 3849 1448 3916 in

490 3955 644 4044 principio
678 3955 790 4024 decimi
826 3955 970 4042 quinti⁹z
999 3957 1066 4048 Epo
1088 3955 1165 4022 suut
1188 3955 1265 4024 uitis
1287 3957 1392 4036 ueru;
1415 3957 1448 4022 in

489 4063 698 4144 tertiarum,
721 4063 758 4128 iu
771 4061 843 4148 spei
857 4063 1106 4148 ecspcctotioue,
1131 4081 1244 4146 parum
1267 4069 1338 4148 post
1361 4063 1448 4148 prin·

490 4169 606 4254 ulpium
632 4169 743 4236 decimi
767 4169 867 4236 sexti:
891 4171 981 4236 Huec
1005 4177 1117 4236 cutem
1138 4169 1230 4236 uotis
1253 4169 1295 4234 ub
1318 4169 1425 4236 initio.

602 4399 703 4474 Primo,
722 4399 794 4456 eires
813 4399 989 4456 coustantium
1007 4399 1034 4456 iu
1054 4399 1101 4456 nce
1121 4399 1176 4456 tris
1193 4399 1332 4472 ponuntur.

499 4597 500 4600 ’
579 4597 682 4662 Prima
704 4615 793 4682 pars,
818 4615 897 4682 quae
923 4597 1060 4666 continet
1081 4615 1232 4684 praesens
1254 4597 1445 4684 capitulum,

490 4705 555 4768 tres
578 4701 672 4768 hahet
696 4709 811 4786 partes
835 4703 868 4768 ln
899 4703 1003 4786 prims
1036 4703 1189 4770 Dominus
1216 4699 1373 4770 torculur
1400 4705 1446 4770 uei

488 4805 586 4890 pidem
602 4815 813 4874 2222222222.
830 4807 864 4874 22
881 4809 1017 4876 secunda
1033 4827 1127 4890 vero,
1151 4809 1226 4894 qnia
1254 4835 1269 4868 (ι
1286 4809 1364 4876 2222
1379 4809 1445 4876 sine

338 4715 468 4762 subdivisio.

429 5295 432 5298 ,
557 5233 569 5298 2
587 5233 639 5290 Clr.
657 5237 696 5290 lll.
715 5235 784 5312 Seni.
806 5237 831 5290 d.
851 5237 893 5290 32.
912 5251 939 5304 q.
959 5237 990 5302 2,
1008 5233 1056 5290 ubi
1073 5237 1172 5304 duplex
1190 5239 1254 5290 baec
1267 5239 1357 5304 opinio
1370 5251 1446 5302 expo·
1477 5239 1482 5260 ¹

488 5327 567 5380 nitur.
585 5353 622 5366 --
640 5327 766 5392 Superius
784 5341 834 5392 pro
848 5329 938 5396 potest
955 5327 997 5380 ed.
1012 5329 1147 5396 poterunt.

560 5409 570 5442 ²
588 5413 678 5466 Mattb.
696 5415 746 5478 22,
765 5413 808 5466 38.
1114 5461 1115 5464 ,

559 5499 570 5530 ⁸
589 5503 665 5576 Vers.
687 5503 714 5566 7,
736 5503 763 5554 ln
781 5503 858 5556 cuins
876 5503 929 5556 dne
946 5503 989 5556 ed.
1007 5517 1068 5556 cnm
1089 5504 1200 5570 Vulgata
1219 5503 1293 5558 addit
1311 5503 1383 5574 quod
1400 5503 1446 5560 icu-

488 5591 581 5646 buistc's
599 5591 634 5646 ob
652 5589 738 5646 tuitio.
1113 5653 1115 5656 ,

536 5669 638 5734 '⁴Cle.
656 5681 781 5746 August,
803 5681 827 5732 iu
851 5683 921 5734 loen.
945 5683 1044 5746 Evang.
1068 5687 1099 5734 22.
1124 5683 1167 5734 65.
1188 5697 1213 5734 n.
1238 5683 1265 5748 2,
1286 5681 1330 5736 ubl
1351 5683 1444 5736 eadem

486 5767 598 5822 obiectio
617 5769 709 5822 eodem
730 5767 838 5822 solvitur
858 5769 945 5822 modo.
1041 5767 1042 5770 ’

496 5887 500 5902 .
557 5853 621 5910 ὅ222
637 5857 781 5910 insinnatur
801 5859 886 5912 maten.
906 5859 938 5924 ὅ,
957 5857 999 5912 ta.
1025 5875 1079 5926 seq.
1099 5887 1134 5900 ·-
1154 5857 1301 5924 cneysost„
1324 5861 1352 5912 in
1375 5863 1444 5914 loen.

486 5947 576 6022 bomil.
588 5945 640 5998 22.
660 5945 735 6014 (alias
752 5947 813 6016 rt.)
826 5961 852 6000 n.
872 5947 897 6012 3.
917 5947 943 6000 in
963 5947 1029 6000 ilnc:
1049 5951 1107 6014 lpse
1124 5947 1189 6000 illud
1200 5959 1302 6016 uncum
1315 5947 1374 6002 lecit
1385 5947 1443 6014 ipso

486 6031 665 6100 praecipiendi
692 6037 784 6100 modo;
811 6037 984 6098 intulitenim
1009 6037 1081 6092 sicut
1106 6035 1191 6090 dilecci
1212 6049 1268 6090 uos.
1293 6037 1350 6090 Non
1373 6039 1443 6090 enim

485 6123 579 6178 vestris
596 6123 816 6194 praecedentibus
834 6125 934 6178 meritis
951 6123 1070 6178 debitum
1084 6123 1212 6190 persolvi,
1226 6125 1272 6178 sed
1286 6125 1341 6190 ipse
1355 6127 1443 6196 coepi,

487 6211 579 6280 lnquit.
598 6211 639 6264 Sic
658 6217 684 6264 22
701 6227 751 6264 222
768 6217 872 6278 oportet
898 6213 990 6266 amicis
1016 6213 1112 6267 vestris
1139 6211 1265 6266 beneficia
1295 6219 1442 6282 praestare,

486 6301 558 6352 nullo
575 6299 666 6354 debito
693 6299 840 6354 obstrictos.
860 6329 894 6340 -·
913 6303 998 6354 Locus
1014 6301 1178 6366 praecedens
1201 6301 1228 6352 in
1253 6301 1296 6354 cd.
1319 6307 1347 6354 et
1365 6303 1441 6358 codd.

485 6391 524 6442 est
541 6393 691 6454 corruptus
718 6389 815 6442 Omnes
833 6391 954 6442 omittunt
974 6389 1084 6458 dilipcre
1104 6395 1163 6444 ante
1181 6387 1297 6454 amicos,
1316 6393 1342 6442 ct
1361 6389 1442 6458 (exce

484 6483 527 6544 ple
547 6477 600 6546 ed.)
620 6475 767 6532 mundatur
787 6485 847 6544 post
866 6475 981 6534 inimicis
989 6499 1000 6544 ,·
1018 6481 1062 6532 ed.
1076 6493 1131 6548 pro
1144 6477 1260 6532 iuiruiu's
1273 6493 1356 6532 crure
1367 6493 1443 6536 tunu-

485 6555 579 6630 detur,
603 6565 624 6616 ltt
644 6565 688 6620 bic
701 6551 756 6634 pro
775 6565 889 6622 inimicis
914 6565 997 6632 mori,
1026 6569 1115 6632 plnres
1141 6565 1220 6622 codd.
1244 6581 1299 6634 pro
1325 6565 1441 6624 inimicis

484 6653 594 6718 mutto,
615 6655 749 6708 Gomanus
761 6667 816 6722 pro
835 6653 951 6710 inimicis
971 6667 1071 6710 crure..

498 6797 500 6802 ,
555 6739 621 6796 2222
638 6743 727 6796 222222.
746 6743 793 6808 26,
812 6741 855 6796 32.
883 6745 930 6796 Ed.
957 6755 1017 6796 cum
1047 6747 1116 6798 loen.
1145 6745 1193 6808 23,
1223 6745 1274 6798 38:
1293 6745 1382 6802 Douec
1401 6751 1441 6814 ier

484 6845 525 6886 rue
543 6845 632 6900 rupes.

1513 2997 1664 3082 operibus
1682 3003 1807 3064 mortua
1822 2997 1952 3094 eser»,
1978 2995 2133 3064 torculur
2148 2999 2195 3064 ud
2211 2997 2330 3064 denum
2355 3019 2471 3084 operc-

1514 3103 1651 3182 tioueru,
1677 3103 1736 3170 ibi:
1761 3103 1800 3170 Si
1819 3103 1958 3190 ciiiipc'tic
1975 3123 2045 3184 ure,
2061 3107 2226 3172 muudutu
2242 3125 2316 3172 rueu
2330 3115 2469 3174 seruate.

1513 3211 1547 3278 ln
1571 3211 1663 3278 tertia
1679 3229 1754 3280 reru
1765 3211 1935 3298 praedicit
1948 3229 2097 3278 recessus
2112 3211 2169 3278 sui
2183 3211 2470 3294 accelerationem,

1511 3317 1574 3384 ibi:
1598 3319 1688 3408 Huee
1711 3319 1840 3386 locutus
1864 3339 1940 3386 suut
1963 3317 2072 3400 codis,
2087 3319 2190 3406 -upud
2213 3339 2271 3386 uos
2294 3339 2441 3388 murreus

1602 3423 1705 3492 Primo
1730 3443 1805 3510 ergo
1828 3425 1975 3492 hortatm
1998 3425 2184 3510 discipulos,
2209 3435 2245 3494 ut
2268 3433 2397 3512 propter
2421 3445 2473 3496 re·
2501 3435 2572 3480 Primo
2585 3437 2634 3480 hu·

1512 3525 1636 3598 2222222
1666 3549 1758 3598 snum
1793 3549 1860 3598 uou
1888 3529 2042 3598 vacillent
2070 3531 2109 3598 iu
2129 3529 2211 3616 pide,
2237 3533 2403 3602 ostendens
2426 3487 2634 3600 eisffluffieff

1555 3637 1560 3648 ,
1796 3637 1802 3650 ,
2192 3637 2197 3652 ,
2353 3639 2359 3652 ,
2483 3601 2525 3640 tem
2544 3595 2634 3652 quadru-

1512 3653 1616 3722 pmmo
1637 3637 1803 3704 recedendi
1826 3637 1983 3714 2222222·
1998 3637 2145 3718 secundo,
2162 3657 2271 3718 uentu·
2288 3645 2390 3720 222222,
2408 3647 2471 3706 ter·
2483 3647 2574 3704 etrier·

1511 3743 1663 3820 eduum,-
1687 3749 1817 3830 quarto,
1840 3743 2002 3832 fructum.

1602 3849 1702 3932 (Vers.
1733 3853 1784 3930 2.).
1809 3849 1959 3916 Hortatur
1994 3869 2068 3936 ergo
2104 3851 2224 3936 primo,
2247 3859 2301 3934 ut,
2330 3853 2633 3960 conside-expgqqqgtie

1512 3961 1620 4024 rantes
1641 3957 1814 4024 recedendi
1835 3959 1992 4040 modum,
2014 3959 2055 4024 de
2081 3977 2209 4026 recessu
2234 3979 2292 4026 sno
2314 3979 2377 4026 non
2401 3967 2471 4028 tnr—
2489 3947 2598 4014 recem?

1511 4063 1628 4132 bentur
1651 4081 1708 4132 nec
1734 4063 1763 4130 in
1788 4063 1849 4132 lide
1871 4063 2035 4146 deficiant,
2059 4065 2113 4132 sed
2127 4067 2228 4152 magis
2243 4067 2379 4134 credant.
2399 4069 2472 4134 rec-

1511 4177 1621 4254 pterea
1643 4171 1736 4238 dicit:
1760 4171 1835 4238 Nou
1852 4171 2004 4238 turbetur
2019 4193 2077 4240 cor
2093 4181 2258 4252 uestrum,
2277 4173 2330 4242 sed
2348 4175 2469 4256 credet3
2503 4195 2504 4198 ¹
2570 4177 2578 4198 '

1511 4272 1614 4342 unde:
1640 4273 1782 4342 Creditis
1814 4275 1853 4342 iu
1882 4277 2006 4356 Deum,
2043 4283 2070 4342 et
2099 4279 2133 4344 iu
2166 4297 2217 4346 ure
2249 4279 2377 4346 credite.
2405 4279 2471 4346 Non

1511 4380 1661 4448 turbetur
1684 4381 1723 4448 de
1745 4381 1904 4462 absentia,
1928 4383 2037 4450 sedin
2060 4385 2222 4452 absentem
2238 4385 2371 4466 credite3
2388 4387 2471 4454 sicut

1509 4489 1543 4554 in
1560 4489 1660 4554 Deum
1677 4489 1821 4570 creditis,
1838 4507 1933 4576 quem
1949 4509 2011 4558 non
2030 4491 2140 4558 videtis
2155 4495 2189 4558 ¹1.
2208 4495 2244 4560 Et
2259 4493 2355 4574 ratio,
2370 4511 2472 4578 qnare
2489 4499 2559 4544 naeu

1509 4613 1572 4660 non
1606 4595 1719 4662 debent
1751 4597 1889 4676 turbari,
1915 4595 1977 4664 sed
1991 4585 2133 4678 credere,
2159 4605 2224 4666 est:
2247 4597 2322 4684 quia
2354 4599 2472 4666 scilicet

1509 4701 1665 4768 Dominus
1688 4703 1728 4770 ab
1751 4703 1797 4768 eis
1819 4723 1881 4768 non
1914 4705 2041 4770 omnino
2063 4703 2199 4784 recedit,
2220 4705 2278 4788 sed
2301 4723 2355 4772 eos
2376 4723 2469 4790 prae-

1508 4807 1608 4888 cedit,
1631 4815 1682 4876 ut·
1702 4807 1818 4876 ilerum
1853 4827 1908 4876 wens
1940 4813 2080 4876 assumet
2114 4809 2153 4874 ad
2176 4809 2325 4894 gloriam,
2351 4811 2379 4876 in
2406 4831 2469 4896 qna

1580 5233 1661 5292 'Clu
1681 5239 1708 5290 ll.
1730 5239 1800 5292 Sent.
1817 5239 1845 5292 d.
1865 5239 1888 5290 l.
1910 5253 1932 5292 2.
1952 5239 1978 5292 2.
1996 5253 2022 5306 q.
2043 5241 2066 5292 2.
2087 5239 2120 5294 22
2147 5243 2175 5308 2,
2193 5239 2240 5294 ubi
2265 5227 2359 5296 eodem
2384 5243 2466 5296 modo

1396 5367 1397 5370 .
1508 5329 1575 5380 baec
1593 5329 1711 5396 quaestio
1731 5329 1850 5382 solvitur.
1870 5329 1935 5382 t'ide
1952 5329 2033 5382 etiem
2051 5343 2130 5396 supra
2150 5345 2172 5384 2.
2191 5331 2217 5384 8.
2236 5345 2260 5384 n.
2282 5331 2323 5384 lt.
2337 5359 2372 5372 -
2386 5333 2466 5398 5222-
2550 5335 2551 5338 ’

1508 5417 1564 5470 rius
1582 5431 1630 5482 pro
1649 5415 1737 5472 scitur
1754 5419 1776 5470 H
1796 5415 1927 5488 sequitant
2110 5473 2111 5476 ,
2178 5475 2184 5484 ,,

1579 5501 1591 5536 ⁸
1610 5507 1723 5572 Vulgata
1748 5509 1845 5560 omittit
1867 5505 1905 5562 Et
1928 5505 1968 5564 uit
1993 5505 2131 5578 descipulis
2160 5509 2226 5566 suis.
2247 5539 2280 5548 —
2300 5509 2352 5566 Cir.
2380 5527 2462 5578 supra

1507 5611 1532 5650 c.
1552 5597 1594 5650 23.
1615 5611 1641 5650 n.
1663 5599 1686 5662 l,
1705 5595 1750 5650 ubi
1770 5597 1910 5650 divisionis
1928 5597 2046 5650 membre
2065 5605 2215 5654 occurrunt.

1578 5679 1591 5712 ⁹
1612 5685 1684 5738 Vere.
1709 5688 1735 5750 l;
1753 5699 1808 5752 seq.
1827 5701 1889 5752 pars
1915 5687 2004 5756 incipit
2024 5689 2070 5752 lt,
2091 5689 2114 5740 t.
2134 5715 2170 5728 --
2186 5689 2236 5746 Pro
2255 5687 2420 5744 insecundo
2439 5695 2466 5744 22

1506 5769 1537 5824 iu
1554 5771 1634 5826 tertio
1653 5773 1732 5826 codd.
1748 5773 1866 5826 secundo
1883 5779 1912 5826 22
1928 5773 2013 5830 tertio.

1579 5857 1603 5890 ¹⁰
1620 5862 1670 5914 lec.
1689 5863 1722 5926 2,
1740 5863 1783 5914 22.
1802 5867 1827 5914 22
1847 5863 1888 5916 26.
1903 5891 1937 5904 -
1949 5863 2020 5916 Haec
2039 5867 2064 5914 et
2082 5877 2137 5932 seq.
2158 5879 2220 5930 pars
2237 5865 2362 5932 incipiunt
2378 5875 2407 5918 v'.
2420 5867 2464 5920 25.

1506 5953 1534 6002 22
1552 5949 1595 6004 25.

1578 6037 1710 6100 ¹,1Gtosse
1736 6037 1878 6094 crccucrtc
1899 6039 2055 6108 (secundum
2081 6043 2202 6106 August,
2221 6043 2246 6094 ln
2272 6045 2343 6096 loen.
2363 6043 2465 6106 Evang.

1505 6131 1539 6180 tr.
1558 6127 1601 6180 67.
1619 6141 1645 6178 2.
1667 6128 1690 6179 2.
1709 6127 1791 6196 seq.):
1810 6127 1848 6180 Ne
1871 6133 1960 6182 eutem
1983 6127 2106 6200 [Christi]
2123 6135 2235 6184 mortem
2264 6135 2388 6196 tanquam
2417 6133 2465 6184 bo·

1485 6217 1583 6268 minis
1602 6215 1726 6286 [August.
1745 6215 1878 6285 tornines]
1899 6219 2019 6272 timerent
2042 6223 2067 6272 et
2092 6219 2153 6274 ideo
2176 6217 2352 6282 turbarentur,
2369 6231 2464 6272 conso-

1505 6307 1573 6358 latur
1593 6319 1653 6372 222,
1672 6319 1699 6358 22
1720 6305 1797 6358 etiem
1816 6307 1899 6360 Deum
1928 6321 1986 6362 esse
2012 6309 2111 6362 dicens.
2130 6309 2167 6362 Ne
2185 6313 2274 6360 autem
2293 6307 2388 6360 iterum
2412 6307 2462 6362 sibi

1505 6393 1638 6458 timerent,
1651 6395 1728 6468 quasi
1745 6395 1781 6448 ab
1799 6409 1830 6448 2ο
1850 6397 1974 6462 perituri,
1989 6409 2051 6448 cum
2070 6397 2250 6450 confidentium
2271 6397 2345 6448 Petro
2362 6397 2463 6452 dictum

1505 6481 1555 6536 sit:
1574 6481 1692 6550 Nepotis
1718 6481 1778 6552 [clr.
1796 6499 1875 6550 supra
1902 6499 1924 6538 2.
1943 6485 1991 6548 23,
2010 6483 2080 6552 32],
2099 6483 2286 6550 certificantur,
2304 6489 2365 6548 post
2382 6491 2465 6538 tenta-

1504 6571 1589 6624 tiones
1613 6583 1641 6622 se
1669 6571 1739 6634 apud
1759 6571 1844 6624 Deum
1862 6585 1925 6624 cum
1943 6571 2046 6626 Christo
2064 6583 2203 6624 mansuros
2226 6583 2296 6638 esse,
2315 6571 2393 6640 qnia,
2414 6577 2463 6628 etsi

1504 6657 1668 6724 2222222222,
1685 6661 1772 6712 nullus
1796 6667 1882 6712 222222
1907 6655 2061 6712 2222222222
2080 6673 2095 6712 2
2113 6659 2210 6724 domo,
2228 6659 2254 6712 in
2273 6673 2326 6728 qua
2349 6663 2463 6730 quisque

1505 6747 1585 6802 babet
1612 6749 1777 6802 mansionem
1803 6763 1853 6814 pro
1879 6747 1974 6800 merito
1991 6751 2041 6800 ete.
2058 6775 2096 6788 -
2113 6747 2230 6802 Subinde
2251 6755 2310 6816 post
2330 6751 2394 6820 quio
2417 6753 2460 6808 ed.

1503 6837 1595 6892 addit:
1614 6839 1645 6892 lu
1664 6835 1743 6892 domo
1761 6835 1854 6890 Putris
1870 6835 1926 6902 ruci
1942 6835 2217 6914 mensioneslruultce
2233 6843 2312 6908 sunt,
2330 6841 2408 6910 quio.
