5916 8276
503 543 576 628 bib

393 727 394 730 ’
502 735 539 804 de
563 735 640 804 loris
662 745 710 804 est
725 763 758 818 »3
780 741 813 804 et
834 737 1048 806 iusduoanam
1070 757 1102 806 se
1127 757 1231 808 coram
1256 739 1455 820 hominibus;

406 937 407 942 Ἰ
502 845 601 910 Lucae
626 841 746 910 decimo
768 847 878 908 sexto:
905 869 922 902 n
940 841 1002 910 Vos
1022 843 1116 922 ostie,
1138 845 1194 928 qui
1208 843 1385 912 iustificatis
1401 863 1457 912 uos

501 967 606 1016 coram
632 949 812 1014 hominibus
823 971 831 1028 ;
855 949 942 1016 Deus
962 959 1070 1016 autem
1091 949 1179 1018 novit
1194 949 1289 1016 corda
1305 957 1409 1018 restra
1425 977 1455 1016 a.

863 1163 1089 1246 Quausrrouas.

508 1417 510 1420 -
587 1371 640 1440 33.
664 1375 788 1458 Quaest.
815 1373 834 1438 l.
852 1373 910 1442 Sal
928 1375 1091 1460 quaeritur
1108 1375 1178 1458 hic,
1194 1385 1306 1444 atrurn
1320 1379 1455 1446 circum·

500 1477 665 1546 cidendum
689 1485 769 1548 esset
791 1479 824 1546 in
843 1481 988 1546 Sahhalo.
1013 1521 1055 1530 -
1078 1483 1116 1550 Et
1137 1485 1221 1570 quod
1246 1483 1308 1564 sic,
1330 1483 1455 1554 uidetur

500 1585 551 1652 hic
581 1583 686 1654 dicere
714 1585 878 1654 Dominus.
909 1587 946 1654 Et
976 1589 1058 1658 ratio
1079 1598 1143 1676 θεῖ,
1168 1591 1244 1679 quia
1265 1597 1376 1658 cctam
1406 1591 1455 1654 dic

500 1691 633 1768 debebat
652 1691 759 1758 lieri1.

587 1797 647 1866 Sed
670 1815 810 1864 courel:
832 1799 1037 1886 Praeceptum
1061 1803 1098 1870 de
1124 1803 1256 1872 Sabbata
1278 1799 1455 1864 maximum

500 1909 569 1972 erat
597 1901 681 1970 inter
710 1905 816 1972 omnia
841 1915 1009 1994 praecepta
1031 1909 1122 1994 Legis
1142 1917 1176 1974 θῖ
1196 1905 1318 1992 pluries
1340 1903 1455 1990 repeti-

499 2009 616 2076 tum²:
640 2027 714 2098 ergo
739 2005 941 2098 praeceptum
963 2017 1070 2080 minus
1091 2012 1184 2080 debet
1205 2011 1317 2078 cedere
1331 2009 1452 2074 maiori.

499 2113 657 2182 Debebanl
683 2137 757 2206 ergo
772 2137 912 2200 cessare,
930 2137 968 2186 ne
986 2117 1247 2186 circumciderent
1261 2115 1294 2182 in
1310 2117 1452 2182 Sabbata.

488 2307 490 2310 Ι
586 2225 783 2294 arsionum:
801 2227 990 2304 Dicendum,
1006 2223 1089 2312 quad
1106 2223 1364 2310 praeceptumde
1379 2225 1453 2290 Sab-

412 2335 478 2394 lieu·
498 2331 572 2398 bato
595 2349 743 2416 magnum
765 2337 814 2398 θεῖ
827 2337 861 2398 θῖ
875 2329 1106 2416 circumcisioni
1123 2347 1185 2396 non
1199 2329 1364 2410 obviabat,
1379 2329 1453 2414 quia

499 2455 561 2504 non
582 2437 770 2520 prohibebat
799 2455 878 2520 opus
908 2435 1038 2514 salutis,
1068 2435 1123 2500 sed
1154 2433 1335 2502 seruitutis:
1369 2433 1452 2500 unde

499 2543 528 2608 in
554 2543 687 2610 Sahhato
709 2539 929 2626 exponebatur
959 2541 1068 2620 Lex³,
1100 2539 1175 2627 quia
1199 2539 1343 2606 doctrina
1373 2557 1453 2624 opus

499 2653 546 2716 est
569 2647 721 2728 salutare3
748 2653 776 2714 et
801 2647 870 2714 ideo
892 2631 1122 2714 circumcisioni
1145 2667 1207 2714 non
1232 2643 1377 2724 cedebat,
1400 2645 1453 2712 sed

498 2753 589 2820 simul
614 2759 786 2840 utrumque
810 2757 1011 2836 praeceptum
1036 2755 1191 2820 currebat.

587 2857 639 2926 aa.
665 2859 788 2944 Quaest.
814 2857 846 2922 ll.
866 2861 939 2926 Item
956 2859 1122 2944 quaeritur
1137 2857 1377 2944 deargentanto
1392 2855 1453 2920 Do-

497 2965 590 3044 mini,
609 2965 693 3052 quod
707 2965 905 3034 circumcisio
923 2983 984 3030 nnn
1001 2963 1139 3032 solvebat
1152 2965 1336 3042 Sabbatum,
1354 2963 1452 3028 multo

497 3071 600 3138 minus
625 3089 683 3136 nec
703 3069 867 3154 paralytici
882 3071 1039 3136 ouranios
1064 3061 1109 3118 4-
1131 3069 1260 3136 Videtur
1286 3085 1452 3154 argumen-

497 3187 567 3244 tum
587 3175 674 3244 istud
696 3177 773 3244 nihil
799 3177 920 3252 valere:

587 3287 616 3350 l.
640 3283 720 3368 Quia
744 3283 939 3352 circumcisio
962 3289 1029 3350 erat
1046 3283 1075 3348 in
1094 3289 1259 3368 praecepto
1284 3299 1341 3348 nec
1364 3287 1450 3366 pote·

493 3395 546 3458 rat
569 3389 703 3470 differri,
729 3389 925 3484 sedcuratio
947 3389 981 3454 in
1003 3391 1064 3456 alio
1086 3389 1135 3456 die
1160 3392 1285 3476 poterat
1306 3389 1384 3454 lieri.

585 3499 617 3564 D.
640 3499 821 3576 Praeterea,
855 3497 1052 3564 circumcisio
1081 3515 1163 3580 opus
1184 3503 1253 3562 erat
1277 3493 1452 3580 spirituale

498 3609 650 3689 quantum
675 3601 712 3670 ad
737 3607 813 3682 hec,
845 3601 930 3688 quud
952 3601 1124 3670 mundabat
1146 3603 1186 3670 ab
1209 3599 1373 3686 originali;
1399 3601 1452 3668 sed

497 3711 619 3778 curatio
639 3709 693 3776 illa
714 3707 730 3776 l
751 3709 773 3776 't
798 3727 877 3792 opus
899 3709 1089 3792 corporale,
1115 3709 1188 3792 quia
1203 3705 1368 3792 aegritudo
1384 3713 1452 3772 erat

498 3815 680 3899 corporalis.

585 3924 791 3989 Rcsrcunrn:
814 3919 1005 4000 Dicendum,
1022 3919 1109 4006 quod
1124 3921 1187 3988 Lex
1204 3919 1301 4002 Moysi
1316 3919 1452 3984 circum·

412 4033 479 4090 neap.
498 4027 642 4096 cisiouem
669 4047 731 4094 non
753 4025 929 4112 praecepit,
959 4025 1013 4092 sed
1045 4025 1210 4110 supposuit
1240 4023 1328 4110 quasi
1358 4043 1375 4090 a
1407 4023 1452 4092 di-

497 4133 616 4222 gniori;
632 4135 716 4200 unde
732 4133 846 4202 dicitnr
863 4129 958 4198 Exodi
977 4131 1161 4198 duodecimo
1173 4133 1202 4198 ⁵:
1223 4129 1258 4198 Si
1274 4129 1348 4218 quia
1360 4149 1452 4218 pere-

496 4243 676 4332 qainoram
698 4237 838 4306 calamit
868 4237 903 4304 iu
932 4245 1077 4304 oeatrara
1103 4237 1247 4304 transire
1270 4237 1449 4314 coloniam,

497 4347 761 4418 circumcidetur.
795 4345 855 4410 Sed
883 4343 1053 4410 Sabbatum
1083 4343 1115 4408 in
1143 4345 1223 4428 Lege
1248 4347 1452 4426 praeceptum

497 4461 546 4524 θεῖ
567 4459 600 4520 θῖ
620 4471 682 4520 non
705 4439 868 4520 aotoronac
889 4449 1179 4528 circumcisionem,
1203 4465 1287 4534 qaae
1308 4467 1327 4514 a
1354 4447 1452 4514 Patri-

497 4563 558 4630 bus
580 4565 670 4626 erat:
693 4575 767 4644 ergo
792 4557 890 4632 multo
914 4553 1018 4622 minus
1043 4573 1101 4620 nec
1123 4555 1317 4622 curationem
1336 4555 1450 4632 aDeo‚

497 4669 641 4756 quamvis
665 4685 727 4734 non
749 4669 830 4732 esset
854 4669 1031 4750 praecepta.-

585 4777 616 4842 D.
639 4773 684 4840 Ad
710 4771 796 4840 aliud
824 4769 1008 4848 dicendum,
1034 4767 1117 4854 quod
1140 4767 1262 4834 curatio
1286 4767 1339 4834 illa
1360 4785 1451 4852 para-

339 4907 341 4910 ·
408 4879 478 4926 ffl-
498 4879 581 4966 lytici
607 4897 669 4948 nnn
692 4859 813 4944 tantum
838 4881 905 4942 erat
929 4875 979 4940 uel
993 4873 1053 4942 luit
1067 4873 1272 4960 corporalia,
1289 4873 1341 4940 sed
1358 4873 1451 4938 otiam

497 4987 709 5074 spiritantia:
734 4983 815 5052 unde
831 4983 949 5050 dictum
969 4987 1015 5050 est
1031 4981 1083 5050 ei6
1100 5005 1107 5046 :
1133 4981 1207 5046 laon
1223 4979 1368 5066 amplius
1383 4979 1451 5046 uolt

494 5113 641 5182 peccare.
669 5093 704 5158 Et
728 5091 796 5158 iden
815 5089 932 5158 dicitur
948 5089 981 5154 in
995 5089 1117 5154 littera:
1151 5089 1266 5152 Totam
1289 5083 1451 5152 bemineru

496 5219 619 5268 sanum
640 5195 724 5284 saci,
747 5195 864 5266 scilicet
887 5195 1020 5262 interius
1037 5199 1066 5260 θῖ
1082 5195 1241 5274 arterium
1258 5199 1324 5260 esto
1341 5191 1450 5272 etiam,

497 5305 582 5394 quod
606 5313 727 5374 tantum
747 5303 889 5370 exterius
906 5303 936 5368 in
953 5317 1102 5386 corpore,
1125 5305 1230 5366 tantan
1253 5299 1356 5364 adhuc
1370 5315 1452 5384 opus

497 5417 565 5482 erat
587 5411 729 5498 pietatis,
758 5415 792 5476 et
817 5409 928 5494 utique
951 5407 1081 5492 pietatis
1098 5425 1192 5490 opera
1217 5413 1365 5488 uuquam
1390 5401 1452 5488 spi-

1200 563 1392 646 COlllllllliNT.
1419 565 1455 630 lN
1478 563 1643 632 IOANNEM
1667 565 1698 632 C.
1723 565 1783 634 Vll.

1521 759 1685 826 mosynam
1715 743 1802 810 dare.
1832 743 1863 808 Si
1886 743 1970 808 enim
1994 743 2109 812 licebat
2129 745 2252 812 asinum
2276 744 2476 830 adaquare²‚

1521 849 1623 936 magis
1643 852 1872 932 eleemosynam
1890 847 1985 928 dare,
2000 849 2137 918 maxime
2154 851 2313 918 infirmum
2330 851 2475 918 liberare.

1612 957 1663 1024 35.
1688 957 1812 1040 Quaest.
1836 951 1882 1018 lll.
1907 953 1966 1020 Sed
1983 955 2166 1042 quaeritur:
2189 973 2290 1040 quare
2311 955 2476 1022 circumci-

1520 1061 1566 1128 sio
1589 1061 1648 1128 fuit
1679 1059 1750 1126 data
1779 1061 1853 1124 ante
1874 1057 2010 1144 Legem?
2036 1065 2165 1146 propter
2187 1060 2247 1127 hoc
2270 1061 2355 1144 quod
2376 1061 2475 1128 dicit:

1421 1229 1422 1232 ,
1520 1165 1595 1232 Non
1619 1185 1658 1232 en
1681 1165 1790 1250 Moqae
1811 1167 1869 1228 etc.

1609 1271 1799 1348 Dicendum,
1828 1267 1914 1354 quod
1943 1287 2039 1338 cansa
2066 1271 2199 1338 dationis
2228 1271 2474 1340 circumcisionis
2492 1285 2556 1342 uest·

1517 1395 1581 1444 una
1617 1375 1785 1460 praecipua
1815 1373 1874 1439 fuit
1895 1375 2052 1444 distinctio
2074 1379 2199 1462 populi,
2225 1379 2262 1444 de
2287 1395 2350 1460 quo
2371 1377 2474 1444 nasci-

1518 1469 1614 1548 turus
1646 1489 1714 1546 erat
1748 1479 1910 1558 Christm,
1940 1499 1959 1546 a
1989 1483 2188 1564 nationibus;
2214 1491 2244 1552 et
2267 1483 2343 1568 qnia
2371 1483 2474 1568 primo

1518 1593 1649 1656 uocatus
1673 1593 1719 1654 est
1742 1585 1916 1666 ahraham,
1938 1587 1991 1654 cui
2009 1587 2091 1656 lacta
2106 1597 2153 1656 est
2170 1589 2387 1677 repromissio,
2405 1589 2485 1656 tago
2514 1649 2516 1654 .

1517 1691 1633 1760 abillo
1664 1689 1856 1758 inchoarit⁸.
1878 1691 2026 1758 —Sunt
2049 1699 2079 1760 et
2102 1693 2179 1762 aliae
2202 1711 2313 1762 causae
2338 1693 2474 1762 circum·
2491 1705 2638 1752 erinaceu-

1517 1797 1643 1864 cisicnis
1667 1797 1804 1876 dandae,
1829 1815 1929 1882 quare
1950 1797 2022 1864 data
2046 1799 2141 1866 luerit
2165 1802 2280 1886 populo
2302 1801 2358 1868 Dei
2372 1799 2473 1886 magis
2513 1835 2514 1838 ¹
2538 1771 2583 1804 Μ’

1517 1921 1616 1990 quarn
1637 1903 1721 1972 aliud
1746 1903 1886 1988 signum,
1905 1921 1986 1990 quae
2008 1905 2058 1972 his
2081 1907 2227 1974 uersibus
2248 1907 2472 1974 continentur:

1627 2101 1640 2128 n
1652 2083 1695 2136 Est
1712 2083 1831 2148 signum,
1851 2083 1989 2146 meritum,
2006 2081 2156 2148 distinguit,
2174 2083 2232 2136 sive
2249 2083 2382 2146 medetur,

1624 2169 1784 2224 circumcisa
1801 2185 1862 2224 caro
1879 2171 2075 2240 significatque,
2096 2171 2210 2224 decet».

1517 2331 1569 2398 Est
1592 2329 1728 2416 siquam
1750 2329 1820 2398 lidei
1844 2331 2001 2410 abrahae,
2024 2331 2178 2398 meritura
2192 2327 2406 2410 obedientiae,
2420 2329 2472 2396 di·

1514 2435 1656 2522 elinquit
1677 2437 1848 2522 populum,
1871 2437 2017 2504 caedetur
2035 2443 2151 2504 contra
2171 2437 2344 2530 originale,
2365 2437 2471 2524 siqui-

1515 2537 1596 2622 licat
1616 2545 1755 2608 octauam
1781 2541 2037 2622 resurrectionis
2060 2543 2150 2608 docet
2172 2545 2344 2612 castitatem
2357 2541 2379 2606 ⁹.

1533 2689 1534 2692 ,
1607 2645 1659 2710 36.
1683 2643 1839 2712 Dicebant
1854 2665 1930 2732 erqo
1946 2647 2086 2734 quidam
2102 2667 2139 2712 aar
2156 2647 2372 2736 lororolpmtr.
2392 2647 2470 2714 Con·
2488 2657 2635 2704 contradu-

1516 2749 1629 2816 lutauit
1660 2751 1880 2836 malignantes,
1916 2749 1967 2816 hic
1999 2749 2153 2836 enubilat
2186 2755 2409 2842 obloquentem
2438 2715 2637 2820 θῖῖἶῗοῗΙιθὸίῖιιαι

1515 2855 1657 2940 procedit
1686 2857 1747 2924 hoc
1778 2857 1895 2922 ordine.
1921 2857 2025 2922 Primo
2046 2857 2174 2942 ponitur
2198 2859 2265 2944 ipsa
2288 2857 2470 2938 oblocutio;

1516 2963 1671 3042 sentrude,
1699 2963 1938 3052 obloquentium
1963 2965 2166 3052 confutatio;
2183 2965 2293 3046 tertio,
2316 2965 2470 3052 consuta-

1517 3075 1626 3134 torum
1643 3067 1815 3136 otrrtoouo
1829 3093 1842 3148 ,·
1857 3075 1987 3154 quarte,
2003 3073 2210 3154 parvulorum
2228 3089 2285 3138 seu
2298 3071 2470 3138 minorum

1516 3173 1712 3258 aedificatio.

1606 3281 1705 3364 (Vera
1732 3281 1807 3370 ab).
1838 3281 1941 3348 Primo
1965 3301 2040 3368 erge
2061 3283 2189 3367 ponitur
2214 3283 2369 3350 oblocutio
2402 3283 2469 3350 illo·
2483 3293 2636 3390 Eilffilffffl·

1515 3403 1590 3454 rum
1620 3387 1675 3472 qui
1706 3385 1804 3470 magis
1835 3405 2022 3472 cognoscere
2042 3389 2217 3472 dehebant3
2247 3397 2280 3454 et
2306 3389 2356 3456 isti
2379 3395 2470 3456 erant
2489 3399 2592 3444 Primum·

1516 3493 1569 3578 qui
1596 3493 1626 3558 in
1652 3493 1776 3560 civitate
1799 3493 1884 3578 regia
1907 3493 2095 3574 inanebant3
2117 3501 2246 3580 propter
2272 3495 2353 3580 quod
2377 3495 2469 3562 dicit:

1499 3599 1676 3666 'Dicebant
1697 3619 1776 3686 erqo
1799 3601 1935 3686 quidam
1961 3619 1999 3664 ca
2026 3601 2251 3690 lerosolqmio,
2277 3601 2332 3688 qui
2354 3599 2484 3670 conscii

1516 3713 1607 3772 erant
1635 3703 1874 3772 machinationis
1906 3705 2166 3772 Pharisaeorum:
2193 3707 2306 3774 Nouae
2330 3705 2382 3772 bic
2405 3715 2469 3786 est,

1515 3831 1611 3900 quent
1625 3809 1827 3900 quaerebant
1844 3811 1962 3876 ludaei
1976 3811 2157 3894 interficere
2168 3811 2220 3878 1⁰?
2239 3817 2389 3898 tanquam
2403 3829 2469 3878 ma-

1515 3919 1604 3998 lum;
1634 3925 1725 3986 erant
1754 3915 1838 3982 enim
1861 3917 1900 3982 de
1922 3917 2000 3998 illis,
2026 3919 2062 3986 de
2087 3919 2204 4006 quihus
2226 3919 2469 3986 Proverblorum

1514 4023 1617 4108 primo
1640 4023 1779 4090 dicitnr:
1805 4021 1932 4090 «Pedes
1958 4023 2085 4090 illorum
2108 4025 2147 4090 ad
2173 4023 2290 4090 malurn
2315 4029 2468 4102 currunt,

1515 4131 1547 4194 et
1568 4125 1733 4208 festinant,
1756 4131 1794 4192 ut
1815 4127 1978 4194 adundant
2000 4129 2184 4214 sanguinem
2201 4155 2230 4194 n.

1605 4233 1658 4300 37.
1681 4235 1782 4312 (vars.
1806 4237 1884 4316 Sd).
1918 4237 1947 4300 Ε
1985 4255 2073 4314 θθθθ,
2101 4235 2220 4320 palam
2242 4233 2408 4322 loquitur,
2425 4279 2426 4282 =
2441 4243 2469 4300 ct

1514 4337 1600 4408 nibil
1619 4341 1652 4406 ci
1672 4341 1804 4418 tlicuul,
1831 4345 1860 4408 et
1884 4357 1925 4408 ex
1949 4341 2008 4408 hoc
2032 4341 2227 4408 admirantur
2247 4351 2279 4408 θῖ
2304 4359 2347 4408 eu
2369 4341 2468 4408 admi-

1515 4445 1653 4524 ratione,
1675 4463 1748 4512 cum
1772 4443 1921 4512 deberent
1943 4447 2076 4514 excitari
2100 4447 2139 4514 ad
2161 4449 2273 4528 tidem,
2294 4447 2469 4532 precedunt

1515 4551 1547 4616 in
1570 4549 1749 4618 mendacem
1783 4549 2034 4618 oblocutionem:
2066 4551 2226 4640 Numquid
2256 4573 2331 4618 uere
2352 4573 2469 4640 eoquo-

1514 4663 1635 4724 ncruut
1647 4657 1825 4744 principes,
1843 4657 1998 4746 quoniam
2015 4659 2040 4698 11
2056 4655 2108 4724 bic
2123 4667 2169 4726 est
2183 4657 2358 4726 Christus?
2372 4661 2468 4744 Quasi

1514 4763 1632 4830 dicant:
1650 4761 1800 4850 suspicari
1816 4769 1966 4848 possunt,
1982 4765 2037 4830 sed
2051 4781 2126 4830 vere
2144 4763 2223 4832 scire
2244 4783 2307 4830 neu
2324 4773 2466 4850 possunt;

1516 4869 1599 4938 uude
1621 4869 1746 4936 subdit:

1604 4975 1656 5044 38.
1689 4979 1789 5060 (Vers.
1823 4977 1899 5060 Sl).
1932 4977 1994 5050 Soa
2024 4975 2111 5044 bunc
2135 4979 2274 5058 arlinus,
2297 4979 2385 5044 uude
2405 4979 2466 5058 cil,

1515 5083 1621 5170 quiae
1638 5083 1803 5164 Nazaretl13
1820 5101 1917 5168 supra
1931 5085 2034 5170 primo
2047 5085 2094 5152 1²:
2116 5113 2133 5144 «
2149 5087 2325 5154 Invenimus
2347 5087 2466 5166 lesum,

1515 5189 1619 5272 lilium¹
1639 5191 1747 5276 loseph
1772 5209 1790 5254 a
1812 5191 2013 5258 Nazareth».
2033 5189 2184 5258 Christus
2202 5199 2310 5260 autem
2327 5211 2402 5258 mne
2416 5211 2467 5258 cc-

1514 5299 1618 5374 ueril,
1643 5317 1734 5362 nano
1758 5295 1839 5376 anit,
1862 5297 1951 5362 uude
1973 5297 2039 5374 ait;
2062 5305 2093 5364 et
2115 5297 2158 5364 ita
2180 5297 2370 5382 derogabant
2400 5297 2468 5364 eius

1515 5399 1638 5490 origini.
1670 5405 1731 5470 lloc
1762 5401 1905 5470 dicebant
1933 5411 2063 5488 propter
2093 5403 2170 5472 illud
2206 5403 2288 5488 quod
2320 5403 2467 5472 scribitur
2517 5441 2518 5444 =

497 5515 623 5584 ritualia
645 5517 711 5582 Lex
735 5515 910 5598 reputabat.
932 5511 1020 5578 Unde
1040 5511 1071 5580 in
1089 5511 1222 5578 Sabbata
1244 5509 1356 5576 licebat
1371 5509 1452 5574 elec·
1481 5507 1485 5586 Ι
1517 5509 1610 5576 Isaiae
1646 5509 1905 5594 quinquagesimo
1939 5509 2052 5576 tertio:
2093 5533 2109 5566 «
2135 5509 2370 5576 Generatlonem
2400 5509 2468 5576 elus

568 5987 577 6018 ¹
599 5987 648 6044 Clr.
669 5983 799 6052 Genii,
818 5987 861 6036 la.
881 5997 962 6048 supra
980 5997 1004 6036 n.
1025 5983 1065 6034 30.
1088 5983 1221 6048 allegatus.

566 6073 578 6106 ⁹
599 6079 667 6132 Vide
684 6077 763 6130 Exod.
784 6073 831 6138 20,
852 6075 865 6124 8
873 6093 880 6138 ;
902 6073 948 6136 3l,
969 6073 1011 6124 ta.
1031 6085 1104 6138 seqq.
1122 6077 1149 6126 et
1166 6073 1240 6124 Deut.
1261 6071 1290 6136 5,
1311 6071 1352 6122 ta.
1376 6083 1451 6136 seqq.

567 6163 650 6222 ³Clr.
668 6169 732 6220 Luc.
749 6161 780 6226 l,
801 6163 843 6214 ld.
860 6175 948 6228 seqq-3
968 6163 1023 6214 Act.
1043 6159 1092 6222 te,
1111 6159 1154 6212 tl.
1171 6173 1227 6226 seq.
1245 6163 1273 6210 θῖ
1290 6157 1339 6222 ta,
1355 6157 1399 6208 Sl.
1416 6183 1452 6196 ι-

497 6257 550 6310 Cir,
577 6271 657 6324 supra
683 6269 708 6310 c.
731 6257 754 6308 5.
776 6267 801 6304 n.
826 6253 913 6304 ert-33.
931 6277 969 6290 -
986 6249 1094 6304 interius
1118 6265 1167 6314 pro
1191 6243 1393 6302 circumcisioni
1409 6245 1452 6300 ed.

497 6359 558 6400 cum
577 6345 669 6412 paucis
686 6343 763 6398 codd.
785 6337 961 6396 cicumcisio.

566 6429 579 6460 ⁴
598 6437 634 6488 De
653 6447 705 6502 que
725 6443 803 6496 supra
823 6429 854 6494 5,
872 6431 898 6482 9.

567 6519 579 6550 ⁵
601 6525 674 6576 Vens.
692 6523 735 6576 48.
754 6519 805 6574 Clr.
824 6535 906 6586 supra
923 6533 948 6570 n.
970 6521 1012 6572 30.

567 6607 579 6640 ⁶
600 6613 682 6676 Supra
704 6613 732 6676 5,
752 6607 795 6658 ll.
812 6607 864 6662 Clr.
884 6621 965 6672 supra
983 6621 1005 6660 c.
1027 6609 1050 6660 5.
1070 6621 1097 6658 n.
1117 6603 1288 6670 te‘priooip.
1307 6605 1387 6666 Resp.

568 6695 578 6726 ²
599 6703 661 6760 Luc.
681 6699 729 6764 ta,
749 6697 797 6748 ld:
815 6697 981 6762 Hypocritae,
998 6695 1180 6762 unusquisque
1199 6697 1317 6746 vestrum
1338 6687 1452 6748 Sabbata

497 6799 552 6836 non
576 6787 656 6840 solvit
673 6785 770 6840 hovem
790 6799 866 6838 suum
886 6789 929 6836 aut
948 6785 1049 6838 asinum
1070 6799 1085 6834 a
1103 6783 1239 6848 praesepio
1259 6787 1284 6834 et
1301 6781 1374 6832 ducit
1394 6777 1453 6830 ada·

497 6885 579 6938 quare
590 6877 602 6924 ῖ

1586 5977 1666 6034 ⁸Clr.
1685 5985 1747 6034 Gen.
1770 5981 1816 6044 ld,
1837 5981 1859 6032 l.
1880 5993 1954 6046 seqq.
1972 5985 1998 6034 et
2024 5979 2074 6046 tu,
2098 5981 2124 6034 l.
2149 5995 2235 6050 seqq,
2261 5979 2408 6034 nbietiam
2435 5983 2468 6034 dc

1515 6069 1673 6122 institutione
1693 6067 1906 6122 circumcisionis.
1922 6097 1959 6110 -
1978 6071 2104 6136 Superius
2123 6075 2182 6136 post
2199 6067 2350 6130 uatieuibus
2369 6071 2411 6124 ed.
2424 6071 2468 6124 ad·

1517 6157 1553 6210 dit
1571 6157 1642 6212 oltra.

1586 6243 1597 6274 ⁹
1616 6249 1683 6302 Vide
1697 6251 1812 6304 Glossam
1828 6247 1998 6302 ordinariam
2012 6249 2036 6300 in
2048 6247 2119 6300 loen.
2133 6247 2157 6312 7,
2171 6251 2219 6312 22,
2231 6261 2301 6316 quae
2314 6247 2466 6302 alstrabono

1516 6341 1540 6388 et
1559 6337 1584 6388 S.
1604 6339 1706 6392 Thome
1724 6337 1761 6406 (ln
1779 6337 1875 6392 Calena
1894 6337 1983 6402 aurea)
2003 6337 2109 6390 alcuino
2129 6337 2262 6400 tribuitur,
2274 6343 2300 6390 θῖ
2313 6337 2338 6388 in
2357 6351 2408 6404 qua
2428 6351 2468 6390 re-

1516 6429 1653 6478 censentur
1670 6433 1723 6480 tres
1741 6443 1773 6478 ex
1791 6427 1931 6490 praedictis
1950 6439 2057 6490 causae,
2078 6427 2131 6480 scil.
2152 6427 2174 6478 l.
2195 6429 2218 6478 3.
2238 6431 2265 6480 ct
2281 6427 2307 6478 b.
2327 6425 2376 6478 Clr.
2390 6427 2466 6480 etiam

1518 6511 1560 6564 lu·
1579 6517 1648 6568 Sent.
1667 6517 1694 6568 d.
1715 6517 1738 6568 l.
1759 6529 1783 6580 p.
1804 6517 1832 6568 ll.
1849 6529 1873 6568 a.
1894 6519 1916 6568 a.
1937 6523 1963 6568 et
1980 6515 2070 6568 dubia,

1587 6597 1608 6630 1⁰
1624 6603 1733 6668 Vulgata
1744 6617 1824 6672 quem
1834 6607 1968 6672 quaeruut
1976 6601 2133 6674 interficere.
2141 6631 2175 6640 -
2183 6601 2304 6670 Sequitur
2310 6601 2386 6654 Prov.
2395 6603 2417 6664 t,
2427 6601 2437 6660 t
2444 6601 2466 6652 6.

1587 6689 1608 6720 ¹¹
1629 6693 1738 6758 Vulgata
1760 6691 1832 6760 quia.

1588 6775 1608 6808 ¹2
1629 6783 1704 6834 vers.
1722 6781 1766 6834 lb.
1777 6809 1812 6820 -
1825 6783 1883 6834 Duo
1901 6795 1974 6850 seqq.
1994 6781 2041 6836 loci
2062 6787 2121 6836 sunt
2139 6783 2196 6838 lsai.
2210 6781 2295 6850 53,8.
2310 6785 2335 6832 et
2346 6781 2406 6846 Sap.
2423 6781 2466 6844 l8,

1518 6865 1560 6918 ll.
1580 6865 1635 6934 (alr.
1653 6883 1731 6934 supra
1751 6867 1897 6924 Comment.
1915 6871 1941 6922 in
1961 6873 2029 6922 hanc
2048 6871 2156 6940 locum).
2205 6925 2206 6928 ,
