5908 8266
189 2431 194 2540 l

185 3319 188 3450 ¹

1051 487 1305 558 COLLATIONES
1331 489 1366 556 ΙΝ
1390 488 1555 556 thNNEM
1580 487 1658 554 etr.
1682 487 1727 552 lM.
1751 485 1855 552 cela.
1882 485 1956 550 XIM.
2422 487 2484 554 553

509 667 643 737 dicitur:
657 669 756 736 Illum
768 675 892 754 oportet
904 685 1054 736 crescere.
1070 705 1110 714 --
1124 665 1266 732 Secundo
1280 667 1466 752 proponitur
1493 663 1499 760 l
1531 664 1562 730 ln
1576 663 1749 730 altitudine
1762 681 1818 750 per
1831 661 2039 730 eminentiam
2055 659 2317 740 centuriandum
2334 663 2483 748 quarto⁵z
2504 673 2583 724 Primo.
2597 673 2621 718 in

510 775 602 842 nobis
622 775 764 842 minutio
781 773 918 840 loannis
941 773 1170 858 inexemplum
1193 767 1409 850 humilitatis,
1428 775 1467 836 ut

510 881 668 948 discamus
689 897 758 948 θεεθ
782 877 959 946 humilitate
981 877 1080 964 parvi.

602 991 630 1054 2.
661 985 741 1052 Dicit
771 1003 863 1068 ergo:
895 983 992 1048 lllum
1026 989 1151 1068 oportet
1182 999 1335 1048 crescere.
1369 981 1466 1060 Nota,

381 1107 492 1176 eropon
509 1093 597 1178 quod
618 1091 719 1158 crevit
733 1089 876 1156 Christus
901 1089 931 1154 in
954 1087 1046 1156 bonis
1060 1085 1295 1174 spiritualibus
1310 1093 1467 1172 quantum

383 1159 486 1258 iiiiii?
509 1197 549 1266 ad
579 1195 767 1264 evidentiam
796 1195 894 1280 magis
921 1197 1045 1278 quam1
1076 1197 1229 1282 quantum
1258 1191 1296 1258 ab
1328 1189 1467 1258 existen-

509 1303 601 1384 tiam,
623 1303 725 1370 crevit
739 1301 772 1368 in
789 1303 1052 1386 praedicatione,
1078 1303 1109 1366 in
1129 1297 1287 1386 passione
1314 1303 1345 1364 el
1360 1297 1392 1362 in
1415 1315 1467 1362 re-

355 1423 496 1534 ,Ebibit
508 1409 721 1474 surrectione.
739 1445 781 1458 -
798 1407 831 1474 ln
851 1407 1099 1492 praedieatione
1122 1405 1221 1472 crevit
1244 1409 1400 1488 quantum
1426 1401 1467 1468 ad

355 1541 390 1576 ne·
509 1513 718 1582 ostensionem
733 1513 882 1580 ueritatis
891 1537 903 1592 ‚·
914 1513 1016 1580 Lucae
1032 1509 1205 1580 meandri:
1224 1509 1333 1574 «Puer
1346 1525 1466 1574 cresce-

509 1619 562 1684 hat
578 1625 609 1684 et
624 1617 870 1698 confortabatur,
896 1619 1006 1704 plenus
1030 1615 1190 1706 sapientia,
1208 1619 1237 1682 et
1253 1613 1389 1698 Spiritus
1410 1613 1466 1678 Dei

509 1731 579 1792 erat
609 1723 640 1790 in
672 1725 725 1792 illo
740 1751 780 1804 »3
811 1725 914 1812 primo
944 1729 1062 1810 Regum
1095 1721 1209 1790 terlio:
1242 1747 1260 1778 «
1275 1719 1380 1788 Creuit
1412 1721 1466 1788 Sa-

437 1845 438 1848 ’
509 1833 609 1912 muel,
633 1837 667 1900 et
686 1831 841 1900 Dominus
872 1837 942 1900 erat
975 1849 1046 1898 oum
1073 1849 1126 1910 eo,
1151 1833 1182 1894 et
1206 1845 1267 1894 uon
1290 1825 1401 1894 cecidit
1427 1827 1467 1894 de

509 1939 656 2006 omnibus
677 1939 784 2008 verbis
806 1939 874 2006 eius
899 1939 928 2004 in
955 1943 1090 2024 terram,
1112 1939 1146 2002 θῖ
1166 1931 1312 2020 cognorit
1338 1933 1466 1998 univer-

509 2061 564 2112 sus
588 2045 699 2126 lsrael,
723 2047 806 2130 quod
833 2043 957 2110 mmuol
986 2041 1088 2110 fidelis
1117 2045 1200 2108 θεεθῖ
1228 2039 1383 2124 propheta
1405 2039 1466 2104 Do-

507 2149 585 2216 mini
601 2173 632 2230 »3
656 2151 768 2216 Esther
791 2149 927 2216 decimo:
956 2149 1065 2214 «Fons
1088 2163 1206 2232 parvus
1228 2145 1329 2212 crevit
1349 2143 1383 2212 in
1405 2143 1467 2212 tlu-

510 2257 597 2322 vium
618 2273 768 2342 magnum
785 2279 816 2334 >23
837 2255 920 2340 quod
942 2253 1001 2320 fuit
1024 2255 1055 2320 in
1081 2251 1308 2338 praedicatione
1334 2251 1466 2332 Christi,

509 2359 682 2428 secundum
708 2359 785 2426 illud
808 2359 1011 2426 Ecclesiastici
1034 2357 1185 2444 vigesimo
1208 2365 1343 2444 quarto:
1373 2383 1389 2416 «
1404 2359 1467 2444 Ego

468 2521 469 2524 ,
509 2467 661 2553 sapientia
682 2467 778 2534 effudi
800 2467 933 2534 flurnina
950 2495 978 2532 u.
1062 2547 1064 2552 Ι

599 2571 627 2638 3.
653 2571 758 2640 Crevit
781 2573 811 2638 in
832 2573 987 2660 passione
1011 2579 1164 2660 quantum
1189 2571 1227 2648 ad
1256 2569 1464 2640 ostensionem

345 2689 453 2754 scenio.
468 2691 490 2734 in
510 2679 673 2746 bonitalis.
701 2681 787 2746 Tunc
810 2679 893 2746 enim
917 2685 1089 2764 patuerunt
1115 2707 1131 2740 «
1148 2677 1268 2746 viscera
1289 2679 1466 2746 misericor-

363 2755 471 2874 p²⁵÷¹⁰n⁰'
510 2785 579 2852 diae
602 2785 656 2852 Dei
681 2785 796 2864 nostri,
822 2785 852 2850 in
881 2783 996 2870 quibus
1031 2783 1167 2850 visitavit
1203 2801 1260 2850 nos
1289 2783 1395 2852 oriens
1424 2803 1466 2852 ex

509 2891 571 2956 alto
588 2891 599 2930 ³
615 2915 648 2970 »3
676 2891 759 2956 sicut
781 2889 854 2958 dicit
878 2889 987 2956 heatus
1012 2887 1185 2956 Matthaeus
1208 2887 1464 2956 decimotertio:

515 2995 651 3064 «Simile
684 3001 732 3064 est
767 3013 900 3082 regnum
935 2995 1093 3062 caelorum
1109 3023 1141 3076 s,
1163 2995 1197 3060 id
1226 3001 1273 3062 θεῖ
1304 2997 1464 3078 Christus,

515 3129 531 3162 a
545 3121 645 3188 grano
659 3101 792 3184 sinapiS,
809 3103 894 3184 quod
916 3099 1072 3184 accipiens
1094 3103 1190 3168 homo
1202 3127 1232 3180 u,
1250 3099 1368 3168 scilicet
1383 3103 1466 3168 Deus

509 3211 615 3286 Pater,
647 3205 842 3274 «seminavit
865 3205 898 3272 in
920 3223 996 3292 agro
1023 3223 1082 3274 suo
1097 3233 1129 3286 v,
1152 3205 1184 3270 id
1207 3211 1255 3272 θεῖ
1277 3205 1310 3272 in
1332 3207 1464 3286 mundo,

515 3313 630 3400 «quod
652 3313 818 3380 minimum
842 3311 968 3396 quidem
1000 3317 1045 3378 est
1077 3311 1223 3378 omnibus
1247 3311 1417 3380 seminibus
1435 3339 1465 3394 s,

508 3419 726 3506 reputatione3
755 3417 825 3486 talis
858 3417 944 3484 enim
972 3417 1032 3484 fuit
1067 3417 1211 3484 Christus
1241 3417 1274 3484 in
1305 3419 1465 3502 passiane;

514 3553 529 3584 c
545 3543 616 3592 cum
651 3531 758 3592 autem
791 3523 928 3592 creverit
944 3551 959 3582 v
988 3541 1044 3610 per
1079 3523 1286 3590 ostensionem
1319 3525 1465 3592 honitatis

509 3649 600 3710 suae,
631 3657 647 3688 n
661 3629 763 3696 maius
785 3637 832 3696 θεῖ
854 3629 1002 3696 omnibus
1031 3629 1170 3696 oleribus
1188 3655 1218 3708 »,
1244 3629 1274 3694 id
1304 3637 1350 3696 θεῖ
1378 3629 1464 3714 plan-

510 3739 584 3804 tulis
616 3735 849 3820 spiritualibus
879 3763 895 3794 «
910 3741 942 3802 et
971 3735 1008 3800 iit
1037 3735 1143 3814 arhor,
1175 3733 1217 3800 ita
1253 3741 1287 3800 ut
1322 3735 1466 3800 volucres

509 3841 585 3910 caeli
599 3867 633 3922 v,
656 3841 688 3906 id
710 3847 758 3908 est
779 3841 900 3906 animae
924 3839 1117 3922 spirituales,
1144 3839 1302 3904 «veniant
1325 3845 1354 3904 θῖ
1379 3839 1465 3906 habi-

510 3953 577 4014 lent
597 3947 631 4012 in
654 3947 750 4012 ramis
773 3945 841 4012 eius
857 3973 889 4024 »,
912 3945 944 4010 id
966 3953 1014 4012 θεῖ
1028 3945 1069 4012 in
1091 3943 1229 4012 brachiis
1260 3945 1364 4012 crucis
1387 3945 1463 4012 eius.

596 4051 633 4116 b.
652 4051 758 4118 Crevit
777 4051 810 4114 in
833 4051 1072 4116 resurrectione
1105 4055 1258 4136 quantum
1294 4051 1332 4116 ad
1363 4057 1489 4118 osten-v

350 4171 489 4270 ,geppe
510 4159 629 4226 sionem
647 4157 827 4242 potestatis.
850 4155 939 4222 Unde
960 4163 1029 4240 post
1052 4153 1317 4222 resurrectionem
1331 4155 1376 4222 ait
1390 4157 1464 4222 Mat-

351 4291 388 4324 ιθ.
510 4265 592 4332 thasi
626 4264 735 4330 ultimo
749 4265 779 4328 4:
809 4289 824 4322 «
839 4263 918 4330 Data
949 4273 996 4330 θεῖ
1026 4261 1104 4328 mihi
1136 4261 1236 4328 omnis
1266 4269 1402 4346 potestas
1435 4265 1465 4330 in

509 4371 594 4438 caelo
617 4375 649 4438 θῖ
669 4369 702 4436 in
725 4375 813 4436 terra
828 4393 858 4450 »3
884 4369 966 4454 quod
991 4369 1160 4454 figuratum
1186 4375 1232 4434 θεῖ
1260 4357 1395 4434 Danielis
1418 4387 1464 4436 se-

509 4475 630 4556 cundo,
652 4475 778 4558 quando
794 4473 886 4558 lapis,
908 4499 924 4532 «
941 4473 994 4558 qui
1017 4471 1173 4558 percussit
1196 4479 1345 4552 statuam,
1369 4475 1466 4542 crevit

509 4579 665 4648 olfactus
696 4587 744 4648 est
772 4597 863 4646 mons
892 4597 1024 4666 magnus
1056 4585 1086 4646 ct
1118 4577 1257 4664 implevit
1285 4579 1465 4646 universam

510 4691 627 4754 terram
640 4711 669 4750 a.
685 4685 797 4772 Lapis,
811 4685 967 4764 Christus;
983 4691 1109 4764 statua,
1122 4683 1272 4750 diabolus
1287 4687 1377 4770 Lapis
1391 4703 1466 4770 ergo

509 4799 656 4858 statuam
676 4791 842 4876 percussit
876 4791 907 4856 iu
940 4791 1099 4874 passione,
1128 4789 1230 4856 creuit
1259 4789 1291 4854 in
1322 4807 1465 4858 resurre-

509 4897 625 4978 ctione,
647 4895 762 4982 sactus
783 4903 829 4962 est
860 4915 954 4962 mons
986 4915 1131 4984 ruupnus
1146 4897 1187 4964 ,in
1214 4897 1413 4976 ascensione,
1438 4903 1466 4960 et

509 5001 653 5088 impleuit
676 5003 870 5068 uniuersam
902 5009 1028 5068 terram
1052 5003 1083 5068 io
1109 5001 1244 5086 Spiritus
1265 5003 1365 5068 sancti
1391 5005 1465 5068 mis-

509 5109 603 5176 sione.
1286 5175 1287 5178 ,

358 5275 360 5278 .
598 5215 630 5280 b.
652 5215 753 5280 Illum
776 5221 900 5300 oportet
924 5233 1075 5280 arescere.
1093 5213 1180 5278 Sicut
1195 5211 1295 5280 crevit
1310 5213 1464 5294 Christus

358 5311 492 5410 &Diffi
510 5323 554 5388 ita
576 5321 669 5390 debet
692 5337 832 5386 crescere
856 5319 1062 5386 Christianus.
1085 5317 1185 5386 Debet
1207 5335 1360 5398 crescere,
1383 5319 1465 5386 sicut

357 5419 493 5518 {ruoppertus
510 5429 616 5508 arbor,
640 5427 671 5494 iu
689 5425 881 5506 altitudine,
897 5423 1159 5512 infortitudine,
1177 5425 1207 5488 in
1226 5425 1407 5492 latitudine.
1424 5461 1464 5474 -·-

578 5815 587 5846 ¹
609 5817 735 5872 Contoxtu
748 5819 878 5884 exigente,
890 5815 1074 5882 supplevimus
1094 5827 1189 5884 paam,
1207 5817 1279 5882 quod
1295 5817 1319 5868 in
1332 5819 1410 5872 codd.
1424 5821 1467 5872 de·

509 5907 645 5962 sideratur.

411 6001 413 6004 '
470 6013 472 6016 ·
578 5991 589 6024 ²
610 5997 685 6048 Mers.
703 5995 747 6050 40.
764 6023 801 6036 -
819 5995 937 6048 Subinde
964 5995 1111 6058 allegantur
1136 5993 1154 6044 l.
1175 5995 1239 6058 Meg.
1259 5993 1291 6058 3,
1312 5995 1353 6048 re.
1372 6011 1465 6066 seqq.;

509 6085 599 6138 Esther
620 6085 667 6148 lD,
688 6085 712 6136 6.
732 6091 756 6136 et
774 6085 852 6138 Eeeli.
872 6085 922 6150 24,
942 6083 986 6136 40.

579 6167 589 6200 ³
610 6175 672 6224 Luc.
692 6171 716 6234 l,
734 6171 776 6222 ts.
796 6199 829 6208 -
851 6173 972 6238 Sequitur
992 6171 1078 6224 Matth.
1099 6169 1146 6230 l3,
1168 6169 1209 6220 31.
1232 6181 1287 6236 seq.

578 6255 590 6286 ⁴
609 6259 685 6312 Mers.
704 6259 747 6312 ῖ8.
759 6285 796 6298 —-
809 6259 932 6328 Sequitur
949 6259 1048 6312 Daniel.
1068 6259 1101 6322 2,
1120 6255 1162 6310 35.
1176 6283 1209 6292 -
1224 6255 1344 6310 Subinde
1357 6259 1375 6316 C
1388 6263 1465 6316 ornit-

508 6347 538 6400 tit
557 6345 651 6414 Lupls,
674 6345 822 6400 Christus...
842 6351 956 6402 terram.

578 6431 589 6488 i
609 6435 684 6488 Vers.
703 6437 731 6488 8.
749 6463 783 6474 -
803 6435 922 6490 Subinde
940 6438 1086 6500 allegantur
1106 6437 1131 6486 ll.
1151 6433 1259 6498 Paralip.
1283 6433 1329 6498 li,
1346 6439 1393 6490 le:
1407 6439 1466 6494 Cre-

507 6521 628 6586 nitergo
646 6523 766 6586 iosaphat
786 6529 811 6574 et
829 6525 1011 6590 magnificatus
1031 6529 1069 6576 θεῖ
1088 6521 1219 6588 usquein
1237 6521 1364 6590 sublime;
1382 6525 1463 6580 Exod.

426 6659 428 6662 .
509 6611 835 6678 r‚ec.aauc.r‚so.
1000 6607 1002 6610 ·

578 6693 589 6726 ⁸
609 6699 686 6752 Mers.
703 6699 747 6752 28.
764 6727 801 6742 -
818 6701 876 6754 Duo
894 6701 958 6764 loci,
971 6701 1017 6768 qui
1036 6703 1195 6766 sequuntur,
1208 6703 1269 6752 sunt
1281 6701 1346 6754 Gen.
1359 6703 1408 6770 26,
1421 6705 1466 6756 22.

509 6785 657 6854 attiuhi,
679 6787 721 6840 le.

616 6891 645 6948 S.
667 6895 767 6948 Bonae.
779 6921 815 6934 -
827 6895 902 6948 Tom.
923 6895 963 6948 Vl.

2504 727 2628 770 altitudine.

1536 773 1676 838 «Samen
1703 769 1811 838 cecidit
1835 769 1865 836 iu
1891 775 2008 834 terram
2038 767 2151 834 bonam
2174 773 2207 834 θῖ
2228 767 2323 834 dabat
2347 767 2486 836 fructum

1530 877 1746 944 ascendentem
1768 881 1797 942 et
1821 881 2010 944 crescentem
2027 897 2057 954 ¹³3
2082 873 2209 940 secundi
2232 873 2486 958 Paralipomenon

1530 981 1650 1048 decimo
1673 983 1822 1066 septima:
1850 1009 1865 1042 «
1883 979 2094 1066 Magnificatus
2117 985 2163 1048 est
2184 981 2328 1066 iosaphat
2342 985 2374 1046 et
2390 979 2487 1048 crevit

1530 1105 1632 1172 usque
1655 1087 1686 1152 in
1712 1087 1845 1156 sublime
1859 1115 1891 1152 v.
1919 1125 1959 1136 -
1979 1087 2015 1154 ln
2037 1085 2234 1174 fortitudine
2258 1105 2314 1174 per
2335 1093 2487 1154 constare
2505 1093 2651 1194 {ueretffioffip

1531 1189 1612 1256 lium
1637 1191 1789 1268 nutatim
1811 1193 1908 1258 Exodi
1924 1193 2043 1278 primo:
2066 1219 2082 1252 a
2097 1193 2203 1262 Crevit
2216 1195 2352 1280 papulus
2368 1199 2398 1262 θῖ
2414 1211 2486 1260 con-

1529 1295 1663 1362 lortatus
1687 1303 1733 1364 est
1757 1297 1848 1366 nimis
1863 1323 1896 1378 »ς
1919 1299 2022 1366 Lucae
2043 1299 2146 1384 primo
2168 1299 2208 1366 de
2222 1301 2351 1366 Ioanne:
2375 1299 2486 1366 «Puer

1530 1403 1689 1468 crescebat
1712 1411 1742 1468 et
1766 1403 2001 1470 confortabatur
2024 1405 2138 1490 spiritu
2152 1431 2184 1470 v.
2204 1443 2243 1454 --
2261 1407 2292 1472 ln
2315 1405 2487 1474 latitudine
2504 1411 2624 1510 ,rappgpigg

1530 1507 2205 1594 permultipllculiouemuirtutis;Genesis
2220 1513 2363 1596 prinae:
2386 1513 2485 1578 «Cre-
2621 1497 2627 1510 ⁴

1530 1613 1605 1680 scite
1630 1621 1659 1682 θῖ
1687 1603 1935 1698 multiplicamini
1960 1621 1991 1680 θῖ
2023 1616 2140 1702 replete
2170 1623 2287 1684 terram
2304 1645 2335 1700 »3
2360 1617 2486 1684 Genesis

1530 1719 1679 1804 vigesimo
1704 1725 1812 1786 sexto:
1841 1717 2018 1786 «Dilatavit
2039 1737 2096 1786 aas
2120 1722 2272 1790 Dominus
2294 1729 2487 1792 clarescere

1529 1825 1601 1892 iecit
1625 1843 1720 1908 super
1744 1831 1860 1892 terram
1879 1847 1909 1902 »3
1934 1823 1971 1888 ad
1988 1825 2184 1894 colossenses
2199 1829 2319 1912 primo:
2340 1855 2356 1888 (ι
2372 1829 2485 1894 Ambu-

1529 1931 1599 1998 letis
1622 1931 1713 2014 digne
1741 1931 1805 1996 Deo
1835 1931 1992 2014 placentes
2022 1937 2053 1996 et
2085 1931 2310 2000 fructificantes
2338 1933 2371 2000 in
2401 1933 2485 2000 omni

1529 2053 1625 2122 opere
1647 2035 1728 2103 bono
1744 2061 1778 2100 »a

1620 2143 1649 2208 6.
1673 2143 1751 2210 Νοῖθ
1772 2143 1849 2222 tria,
1868 2159 1950 2226 quae
1964 2141 2148 2228 impediunt
2163 2143 2400 2212 incrementum
2416 2143 2499 2230 spi·¹
2518 2153 2569 2196 na
2583 2151 2649 2206 imur·

1529 2249 1667 2316 rituale:
1703 2247 1899 2314 nutrimenti
1933 2245 2085 2334 defectio,
2120 2267 2213 2334 quam
2246 2251 2408 2334 patiuntur
2440 2251 2483 2316 illi
2503 2205 2652 2302 iiiii&

1530 2355 1585 2440 qui
1620 2373 1683 2420 uon
1716 2355 1834 2422 habent
1869 2355 2034 2420 hamorem
2071 2353 2210 2440 gratiam
2236 2355 2286 2422 lob
2321 2363 2432 2422 octavo
2449 2357 2459 2396 ²
2477 2381 2484 2422 :
2503 2311 2607 2356 ΡΜ

1534 2485 1551 2518 «
1568 2461 1713 2546 Nunquid
1736 2467 1837 2546 potest
1861 2461 1966 2548 vivere
1999 2461 2121 2546 scirpus
2150 2461 2217 2528 sine
2249 2461 2400 2540 humore,
2432 2471 2487 2528 aot

1529 2563 1671 2634 crescere
1688 2573 1844 2634 carectum
1862 2567 1928 2636 sine
1943 2585 2024 2652 aqua
2036 2575 2075 2632 »l
2090 2567 2222 2634 Econtra
2239 2569 2352 2636 dicitur
2365 2569 2402 2636 dc
2418 2569 2487 2636 viro

1529 2673 1612 2740 iusto
1637 2673 1666 2738 in
1692 2675 1829 2740 Psalmo:
1858 2701 1875 2732 a
1890 2673 1956 2740 Erit
1977 2679 2127 2760 tanquam
2143 2675 2280 2760 lignum,
2299 2675 2382 2760 quod
2397 2675 2486 2760 plau-

1529 2785 1630 2846 tatum
1663 2787 1711 2848 θεῖ
1745 2797 1835 2848 secus
1870 2779 2022 2848 occursus
2057 2799 2211 2866 aquarum
2228 2809 2258 2848 a.
2294 2819 2337 2830 -
2371 2781 2486 2848 Matri·
2504 2787 2634 2834 Sennium·

1528 2887 1632 2952 menti
1652 2887 1853 2966 subtractio,
1878 2905 1971 2970 quarn
1990 2887 2152 2970 patiuntur
2174 2887 2217 2952 illi
2246 2887 2304 2974 qui
2327 2905 2362 2956 se
2384 2889 2485 2956 elluo-

1529 2979 1608 3061 dunt
1639 2999 1725 3060 etse
1757 2995 1916 3080 implicant
1939 2993 2071 3060 diversis
2105 2995 2372 3078 occupationibus.
2406 2997 2482 3064 Nam

1529 3099 1647 3184 gratiae
1670 3101 1830 3168 fatuorum
1855 3097 2076 3178 abundoniam
2108 3101 2312 3166 Ecclesiastici
2335 3101 2486 3188 vigesimo

1529 3205 1674 3292 primo⁸:
1703 3231 1719 3264 «
1736 3205 1795 3272 Cor
1819 3205 1893 3274 fatui
1920 3203 2008 3290 quasi
2032 3223 2087 3272 vas
2108 3205 2301 3273 confractum
2317 3211 2348 3272 θῖ
2363 3225 2486 3274 omnem

1529 3313 1711 3398 sapientiam
1743 3331 1804 3380 non
1835 3311 1952 3380 tenebit
1967 3337 1999 3394 »3
2030 3318 2062 3378 et
2091 3311 2217 3378 Genesis
2249 3313 2487 3400 quadragesimo

1529 3437 1629 3484 nono:
1665 3445 1683 3478 «
1698 3419 1807 3484 huben
1836 3415 2065 3502 primogenitus
2094 3435 2185 3484 meus
2199 3443 2232 3500 »3
2262 3425 2294 3484 θῖ
2324 3419 2486 3504 sequitur:

1534 3551 1551 3584 «ε
1567 3523 1691 3592 Effusus
1706 3541 1740 3592 es
1755 3523 1835 3592 sicut
1850 3541 1946 3608 aqua,
1961 3541 2024 3590 non
2041 3541 2162 3592 crescas
2180 3551 2208 3588 r.
2225 3563 2268 3572 -
2286 3525 2488 3592 Nutrimeati
2504 3533 2609 3580 Teninr·

1528 3631 1578 3698 vel
1601 3631 1740 3698 nutritae
1760 3631 1805 3696 rei
1821 3625 2012 3718 suffocatio,
2029 3647 2124 3716 quam
2140 3631 2304 3714 patiuntur
2320 3633 2373 3718 qui
2390 3633 2486 3700 sulfo-

1529 3743 1643 3802 cantur
1674 3757 1692 3802 θ
1729 3737 1816 3802 curis
1850 3735 1946 3802 huius
1982 3737 2095 3802 saeculi
2137 3743 2169 3802 θῖ
2205 3737 2485 3818 sollicitudinibus;

1529 3841 1674 3908 Matthaei
1706 3841 1826 3908 aaaron
1858 3841 1994 3908 tertio⁹z
2022 3869 2038 3902 (ι
2055 3843 2132 3910 Cum
2156 3843 2304 3910 crevisset
2334 3845 2433 3912 herba
2455 3851 2487 3910 θῖ

1528 3947 1668 4020 fructum
1706 3947 1845 4026 iecisset,
1880 3955 2096 4030 apparuerunt
2129 3949 2223 4014 simul
2257 3955 2288 4016 θῖ
2321 3949 2438 4016 zizania
2453 3975 2485 4030 »3

1528 4055 1631 4120 Lucae
1652 4061 1778 4120 octavo:
1810 4081 1824 4112 (ι
1840 4053 1977 4120 Exortae
1993 4055 2099 4140 spinae
2115 4057 2346 4124 suffocaverunt
2362 4057 2437 4124 illud
2453 4083 2485 4138 »3

1529 4159 1674 4226 Matthaei
1697 4159 1948 4226 decimotertio:
1976 4187 1992 4216 a
2006 4159 2181 4228 Creverunt
2207 4163 2313 4246 spinae
2336 4169 2367 4228 et
2391 4165 2486 4230 sulio·

1529 4273 1682 4332 caverunl
1704 4281 1787 4330 ea».
2304 4319 2306 4324 ,

1620 4375 1647 4436 7.
1674 4369 1716 4438 hd
1739 4369 1974 4456 procurandum
2001 4377 2108 4438 autem
2137 4373 2366 4440 incrementum
2390 4375 2483 4462 spiri·
2500 4381 2634 4480 fflgffifflss

1529 4477 1614 4546 tuale
1651 4477 1711 4548 tria
1747 4483 1820 4544 sunt
1855 4477 2039 4544 necessaria.
2078 4477 2208 4564 Oportet
2244 4481 2325 4546 enim
2359 4489 2484 4546 terram

1529 4603 1678 4650 eneruem
1685 4607 1696 4660 ;
1728 4583 1823 4650 Exodi
1859 4581 1959 4668 primo
1973 4583 2016 4648 1⁰:
2054 4585 2207 4668 «Quanto
2231 4585 2303 4670 plus
2329 4587 2485 4672 opprime-

1529 4687 1644 4756 bantur
1661 4687 1713 4752 filii
1730 4687 1831 4766 lsrael,
1851 4693 1935 4754 tanto
1950 4687 2049 4772 magis
2064 4689 2245 4756 crescebant
2261 4717 2292 4756 ».
2311 4729 2351 4738 -
2369 4693 2484 4760 Nutri-

1528 4801 1675 4858 mculum
1697 4789 1851 4858 adbibere
1859 4817 1871 4870 ;
1898 4793 2066 4858 Ezechielis
2097 4794 2217 4861 decimo
2247 4813 2347 4862 ncnc:
2375 4823 2391 4856 «
2408 4799 2484 4864 Fru-

1529 4907 1599 4966 ctus
1622 4897 1689 4966 eius
1712 4905 1743 4964 θῖ
1757 4897 1883 4966 lrondcs
1899 4897 1968 4964 eius
1984 4905 2151 4966 creverunt
2167 4919 2207 4968 ex
2225 4903 2313 4986 aquis
2329 4903 2436 4972 multis
2452 4929 2484 4984 »;

1529 5003 1648 5088 primae
1673 5003 1752 5068 Petri
1778 5001 1932 5070 secundo:
1962 5029 1978 5062 e
1994 5005 2052 5072 Lac
2075 5005 2302 5090 concupiscite,
2326 5015 2362 5074 ut
2392 5009 2423 5074 in
2447 5027 2484 5074 eo

1529 5107 1677 5176 crescatis
1688 5107 1719 5174 in
1733 5109 1866 5176 salutem
1877 5135 1909 5174 v.
1925 5145 1965 5194 -ς-
1979 5109 2158 5196 Superllua
2171 5121 2347 5200 amputare
2363 5117 2412 5182 vel
2427 5133 2484 5200 per

1528 5221 1777 5300 paupertatem,-
1793 5215 1920 5284 Genesis
1936 5215 2175 5302 quadragesimo
2191 5219 2294 5302 primo
2305 5221 2351 5286 ¹1:
2380 5245 2396 5278 «
2413 5221 2484 5288 Cre-

1529 5337 1617 5388 scere
1639 5339 1689 5386 me
1712 5321 1784 5388 iecit
1807 5323 1890 5390 Deus
1914 5323 1944 5388 iu
1970 5329 2054 5390 terra
2076 5325 2269 5410 paupertatis
2288 5347 2372 5394 meae
2387 5353 2418 5410 »;
2435 5329 2484 5396 vel

1529 5445 1585 5512 per
1603 5427 1881 5518 euemospaarum
1894 5429 2113 5514 larpitlouem,
2126 5430 2293 5516 dequibus
2305 5433 2484 5518 aithposlo-

1603 5819 1706 5874 ⁷Vera
1727 5823 1767 5872 ll.
1788 5849 1822 5860 -
1843 5821 1965 5886 Sequitur
1982 5823 2024 5874 Ρε.
2046 5825 2073 5884 l,
2093 5823 2123 5884 3,
2143 5835 2223 5890 quem
2242 5825 2262 5874 Α
2282 5823 2383 5874 amittit.

1602 5907 1704 5964 8ῖῖθῖε.
1726 5911 1766 5980 li.
1787 5937 1821 5950 -
1842 5907 1959 5962 Subinde
1977 5909 2103 5974 allegatur
2120 5909 2185 5962 Gen.
2207 5909 2253 5970 49,
2275 5911 2299 5962 3.
2317 5915 2344 5962 et
2362 5909 2385 5962 4.

1601 5995 1706 6050 ”Vera
1729 5997 1772 6050 26.
1790 6025 1824 6036 -
1844 5999 1902 6050 Duo
1921 5997 1969 6048 loci
1988 6011 2061 6064 seqq.
2082 6001 2142 6050 sunt
2158 5999 2219 6048 Luc.
2240 5997 2269 6058 8,
2288 5997 2313 6048 7.
2337 5995 2425 6064 (quem
2446 5998 2482 6050 lo
2552 5997 2554 6000 ’

1530 6101 1590 6140 cum
1605 6087 1682 6140 codd.
1695 6087 1775 6140 citant
1788 6085 1979 6154 diveersimodm
1997 6085 2033 6140 A:
2045 6099 2131 6154 supra
2144 6085 2249 6150 eodem,
2263 6087 2297 6136 B:
2311 6087 2346 6140 El
2357 6091 2431 6152 aule,
2449 6085 2482 6142 C:

1529 6175 1563 6230 m
1580 6175 1681 6244 simul;
1700 6175 1764 6226 ibid.
1784 6187 1833 6240 pro
1852 6171 2055 6242 suffocaverunt
2072 6171 2143 6226 illud
2161 6171 2425 6242 thuffocaueruut
2438 6173 2483 6228 irl-

1530 6261 1623 6328 llcum,
1643 6261 1663 6316 C
1681 6259 1885 6332 suffocareruul
1902 6259 2026 6326 uerbum)
2046 6267 2070 6312 et
2090 6261 2175 6312 Matth.
2191 6261 2240 6324 la,
2252 6259 2284 6324 7,
2303 6275 2382 6328 quern
2396 6263 2481 6314 locum

1529 6351 1623 6406 omittit
1642 6349 1671 6404 C.

1601 6433 1621 6466 ¹⁰
1640 6439 1716 6492 Vers.
1736 6439 1780 6490 ῖ2.
1793 6465 1827 6478 --
1841 6439 1989 6506 Sequuntur
2009 6439 2099 6488 Erech.
2119 6437 2168 6500 le,
2188 6437 2231 6490 lb.
2249 6445 2275 6490 θῖ
2287 6439 2304 6490 l.
2319 6439 2387 6490 Patr.
2407 6441 2436 6504 2,
2458 6441 2481 6490 2.

1529 6553 1561 6566 -
1580 6523 1697 6580 Vocibus
1716 6523 1919 6580 Mutrlmenlum
1946 6523 2071 6576 adbibere
2090 6523 2114 6578 C,
2127 6523 2256 6576 interserit
2281 6523 2385 6592 ploriue
2405 6529 2482 6594 (pra-

1528 6613 1600 6670 liee?
1617 6613 1665 6666 cir.
1682 6613 1762 6676 paulo
1783 6611 1911 6678 interius).

1600 6697 1716 6754 11ῖῖθθε.
1740 6699 1785 6754 52.
1804 6727 1841 6738 -
1864 6698 1980 6752 Subinde
2008 6699 2153 6764 allegantur
2182 6701 2211 6754 ll.
2237 6699 2297 6754 Cor.
2329 6703 2359 6766 D,
2389 6703 2429 6754 lb.
2458 6711 2483 6756 et

1529 6793 1617 6844 narra.
1637 6791 1668 6854 e,
1688 6791 1731 6842 us.

2345 6901 2376 6952 ib
