5908 8266
555 557 618 622 460

644 731 744 816 (Pers.
775 727 827 806 4.).
845 729 944 814 Erpa,
962 727 1035 812 quie
1058 725 1129 792 talis
1151 729 1200 790 θεῖ
1215 723 1383 808 sapientia,
1407 727 1444 786 ut
1465 721 1512 786 di-

428 853 536 896 rrimum·
554 845 641 904 ctum
665 841 729 914 est,
753 833 903 920 attinpit,
926 835 1071 898 contactu
1095 829 1240 910 virtuali,
1265 847 1328 894 non
1345 827 1511 928 corporali,

517 1015 518 1018 ,
554 941 728 1010 secundum
757 937 837 1004 illud
869 937 964 1022 primi
998 937 1115 1022 Regum
1146 933 1266 1002 decimo
1281 937 1305 1000 ¹:
1335 935 1509 1020 «Qtrorum

553 1049 639 1114 Deus
666 1045 810 1132 tetigerat
847 1045 940 1112 eorda
956 1069 986 1124 »;
1022 1063 1044 1108 a
1078 1043 1143 1130 tine
1177 1061 1281 1132 nsque
1315 1041 1361 1108 ad
1395 1039 1511 1126 poen,-

553 1153 662 1220 Glossa
673 1153 705 1216 2:
733 1177 749 1210 s
766 1151 809 1216 ab
833 1155 960 1218 aeterno
982 1151 1133 1236 usquein
1149 1155 1313 1218 aeternum
1329 1173 1359 1228 »;
1377 1149 1442 1218 vel:
1464 1165 1511 1214 «a

552 1255 708 1344 principio
723 1255 832 1324 mundi
847 1273 950 1342 usque
965 1255 1003 1322 ad
1019 1255 1187 1324 adrentum
1211 1255 1326 1322 Christi
1343 1279 1373 1334 »3
1398 1253 1437 1320 ad
1452 1255 1512 1318 llo-

552 1381 663 1430 manos
684 1361 822 1430 decimo:
851 1387 866 1420 4
882 1361 965 1428 Finis
979 1361 1055 1448 legis
1079 1363 1253 1430 Christus»
1274 1369 1333 1428 etc.
1349 1359 1511 1436 Fortiter;

553 1467 703 1534 Glossalz
732 1493 748 1526 4
764 1467 843 1552 Quia
864 1465 920 1534 Dei
944 1465 1046 1536 virtus
1070 1475 1117 1538 θεῖ
1132 1495 1164 1550 »;
1188 1469 1308 1554 primae
1340 1467 1379 1534 ad
1402 1465 1511 1532 Corin-

553 1573 636 1642 thios
653 1573 771 1658 primo:
793 1597 809 1630 4
825 1571 984 1640 Christum
1000 1573 1055 1642 Dei
1072 1575 1221 1642 virtutem
1237 1579 1270 1642 et
1283 1569 1465 1658 sapientiam
1478 1595 1509 1634 4.

495 1675 496 1678 ’
554 1681 595 1746 m
616 1677 762 1774 disponit
784 1679 915 1760 omnia,
939 1681 1056 1750 seilicet
1079 1699 1245 1768 suprema,
1277 1677 1432 1744 mediaei
1463 1675 1509 1742 in-

552 1773 831 1864 fimajsnaoitem
862 1785 984 1856 Glossa:
1016 1789 1127 1874 «Quia
1150 1787 1206 1852 Dei
1240 1783 1393 1870 sapientie
1414 1787 1462 1848 est
1477 1807 1508 1846 s.

553 1891 697 1956 Fortiter
720 1891 863 1978 disponit
887 1891 999 1960 omitia
1027 1911 1084 1980 per
1114 1891 1287 1970 iustitiam,
1307 1893 1339 1956 θῖ
1360 1885 1510 1954 snooiter

552 2013 610 2082 per
632 1997 896 2080 misericordiam
920 2001 1080 2068 Psalmista
1091 1999 1121 2064 4:
1138 2009 1166 2056 ‘a
1181 1995 1350 2064 Universae
1366 1993 1434 2062 viae
1450 1993 1512 2058 Do-

552 2105 629 2172 mini
652 2105 864 2172 misericordia
880 2111 912 2174 et
925 2107 1041 2174 veritas
1055 2131 1088 2186 s,
1110 2103 1227 2172 scilicet
1243 2101 1396 2182 institiae3
1412 2101 1509 2166 idem:

558 2209 801 2278 «Misericordia
824 2211 946 2278 Domini
969 2211 1008 2278 ah
1031 2215 1173 2290 aeterno,
1191 2215 1222 2278 et
1236 2227 1340 2294 usque
1354 2209 1388 2274 in
1409 2213 1512 2274 aeter-

553 2335 630 2384 nam
656 2335 750 2404 super
775 2319 919 2386 timentes
941 2335 1025 2384 eum.
1049 2317 1087 2382 ut
1118 2317 1237 2382 iustitia
1256 2315 1345 2420 illius
1375 2315 1407 2380 in
1430 2313 1512 2381 tilios

450 2425 453 2428 ’
554 2423 692 2488 liliorum
710 2451 725 2482 4
752 2429 810 2488 646.

645 2529 838 2608 Notandum,
862 2527 947 2614 quod
971 2527 1158 2614 Sapientia,
1172 2525 1215 2592 'id
1248 2531 1294 2592 θεῖ
1318 2525 1372 2590 Dei
1401 2525 1510 2604 Pilius,

342 2663 344 2666 ·
404 2647 466 2712 tria,
481 2661 536 2704 cuae
554 2635 689 2722 attinpit
710 2631 842 2720 sortiter
863 2651 900 2700 aa
923 2651 1003 2716 quae
1028 2635 1058 2698 in
1084 2631 1188 2710 caelo,
1207 2631 1380 2716 superbum
1405 2629 1511 2696 diabo-

404 2703 537 2810 ibiibi*
554 2739 621 2806 lum
646 2757 717 2808 cum
740 2739 806 2806 suis
823 2737 913 2804 sociis
929 2737 1130 2822 expellendo;
1148 2735 1200 2804 lob
1216 2735 1365 2822 vigesimo
1382 2735 1509 2802 sexto⁵z

560 2843 759 2910 «Prudentia
782 2843 850 2910 eius
872 2845 1029 2928 percussit
1043 2843 1216 2930 superbum
1231 2865 1264 2922 »ς
1281 2841 1511 2910 Ezechielisvi-

554 2951 673 3034 gesimo
696 2953 822 3016 octavo:
852 2975 867 3008 «
885 2951 1033 3030 Peccasti,
1056 2957 1088 3016 el
1109 2947 1185 3016 eieci
1210 2955 1239 3016 te
1263 2949 1301 3016 de
1325 2954 1431 3016 monte
1455 2949 1511 3016 Dei
1536 2979 1537 2982 ¹

554 3061 588 3124 θῖ
608 3055 729 3142 perdidi
752 3061 798 3136 te,
824 3075 843 3122 0
857 3055 984 3124 Cherub
995 3061 1026 3122 »t
1043 3073 1176 3142 eaquae
1193 3055 1224 3120 in
1240 3055 1384 3134 rasindo,
1401 3055 1511 3120 mundi

554 3163 727 3248 principem
752 3163 928 3246 superando
944 3167 975 3230 θῖ
989 3161 1140 3230 eliciendo
1150 3161 1294 3254 ;,loannis
1310 3163 1509 3228 duodecimo:

560 3295 576 3328 «
592 3269 679 3334 Nunc
703 3267 848 3352 princeps
875 3267 972 3334 huius
1005 3267 1115 3334 mundi
1151 3265 1293 3334 eiicietur
1317 3267 1401 3334 laras
1417 3291 1449 3346 »3
1473 3285 1512 3334 ea

555 3391 637 3458 quae
659 3373 690 3438 in
715 3371 864 3458 inferno,
890 3375 987 3460 spolia
1003 3373 1116 3442 inferni
1132 3373 1319 3454 auferendo,
1337 3373 1511 3440 secundum

554 3479 693 3548 Glossam
725 3481 893 3548 Zachariae
923 3499 1025 3548 nono:
1054 3507 1071 3540 «
1086 3483 1134 3558 Tu
1156 3489 1261 3548 autem
1292 3481 1324 3546 in
1358 3481 1511 3566 sanguine

554 3589 730 3654 testamenti
754 3589 801 3654 tui
824 3587 959 3654 eduxisti
988 3589 1109 3656 vinctos
1131 3587 1169 3654 de
1193 3589 1281 3668 lacu,
1304 3587 1338 3652 in
1360 3605 1424 3672 quo
1448 3607 1510 3654 non

417 3711 471 3754 isam
485 3709 537 3762 4444,
554 3699 603 3760 θεῖ
624 3711 708 3778 aqua
722 3721 753 3760 4.
779 3729 820 3742 ·-
848 3693 996 3780 Disponit
1020 3699 1125 3762 autem
1148 3693 1294 3760 snaoiter
1317 3713 1354 3760 ea
1377 3693 1509 3778 quaein

392 3775 446 3820 quae
467 3765 538 3806 saari-

390 3817 537 3914 &sumptos-
554 3799 659 3890 caelo,
694 3803 825 3886 Angelos
858 3807 975 3868 stantes
1010 3801 1041 3868 in
1076 3801 1176 3888 gratia
1212 3801 1447 3880 coniirmaad03
1477 3799 1510 3866 in

473 3901 478 3914 '
554 3907 719 3974 psalmat:
747 3933 763 3966 s
780 3907 882 3974 Verbo
906 3907 1027 3974 Domini
1050 3907 1128 3974 ¹caeli
1151 3907 1267 3972 firmati
1291 3911 1365 3972 sunt
1382 3931 1412 3986 »;
1429 3923 1511 3990 quae

554 4011 588 4078 in
609 4013 750 4092 arando,
776 4031 873 4096 genus
902 4015 1076 4080 hmnanum
1098 4011 1227 4098 proprio
1250 4011 1401 4096 sanguine
1428 4009 1510 4078 redi-

554 4117 683 4198 mendo;
709 4119 828 4204 primae
857 4117 939 4186 Petri
969 4119 1088 4204 prime:
1117 4119 1216 4184 «Non
1249 4117 1510 4202 corruptibilibus

483 4299 484 4306 ,
554 4243 633 4290 6646
665 4225 714 4290 464
743 4229 872 4310 argento
898 4225 1049 4312 redempti
1085 4225 1158 4292 estis
1173 4231 1251 4304 oto,
1283 4223 1338 4290 sed
1372 4225 1510 4310 pretioso

554 4329 705 4414 sanguine
721 4357 735 4388 4
765 4335 834 4410 θῖ6.;
858 4347 939 4414 qnae
962 4331 993 4396 in
1016 4327 1164 4414 inferno,
1189 4331 1374 4396 Sanctorum
1391 4329 1510 4396 animas

554 4433 593 4502 de
614 4435 711 4500 limbo
734 4435 911 4514 educenda,
934 4435 1107 4502 secundum
1124 4431 1202 4500 illud
1218 4435 1386 4500 Zachariae
1408 4451 1509 4500 nono:

559 4541 638 4606 «Tu
661 4545 765 4606 aulem
789 4541 821 4606 in
845 4541 994 4626 sangnine
1019 4539 1194 4606 testamenti
1217 4541 1264 4606 tui
1286 4539 1425 4606 eduxisti
1441 4541 1509 4606 vin-

553 4653 619 4714 ctos
642 4647 679 4714 de
704 4649 800 4714 lacu»
830 4653 903 4728 etc.;
927 4645 1001 4714 item
1024 4647 1054 4714 iu
1080 4637 1218 4714 Psalmo:
1241 4647 1446 4714 «ascendisti
1475 4647 1508 4714 in

552 4753 669 4832 altum,
693 4753 800 4836 cepisti
833 4753 1074 4838 captivitatem»
1103 4757 1162 4820 etc.
1187 4789 1228 4800 -
1253 4753 1308 4818 Vel
1341 4753 1405 4818 sic:
1435 4771 1508 4820 eum

382 4877 495 4972 4444644
506 4891 539 4922 se·
551 4859 703 4944 sapientia
726 4859 862 4936 increata
878 4861 918 4926 sit
933 4859 1036 4926 media
1050 4859 1084 4924 in
1100 4857 1250 4924 Trinitate
1274 4877 1421 4944 persona,
1438 4865 1509 4944 pot-

427 4943 470 4974 ⁰¹¹⁰
486 4943 505 4974 ³'
551 4973 600 5032 θεῖ
620 4965 701 5046 dici,
725 4965 808 5050 quod
833 4967 1010 5052 attingite
1032 4965 1097 5050 line
1124 4985 1227 5054 aosqae
1256 4967 1301 5032 ad
1334 4965 1452 5052 daona,
1475 4967 1508 5034 id

551 5077 600 5138 θεῖ
620 5089 639 5138 a
662 5071 750 5138 Patre
775 5089 875 5158 nsque
899 5071 936 5138 ad
961 5071 1110 5158 Spiritum
1136 5077 1296 5152 sanetum,
1316 5071 1434 5140 scilicet
1450 5091 1507 5158 per

551 5177 742 5244 identitatem
779 5167 986 5256 substantiae,
1022 5179 1065 5244 ite
1098 5179 1181 5266 quod
1217 5197 1279 5244 non
1314 5179 1508 5266 intelligatur

551 5283 698 5350 distantia
725 5285 845 5366 localis,
876 5283 930 5352 sed
964 5285 1119 5354 distinctio
1151 5287 1342 5370 personalis3
1377 5285 1509 5372 fortiter

552 5391 657 5478 quoad
679 5391 816 5470 Patrem,
842 5391 891 5458 eni
914 5391 1099 5460 attribuitur
1134 5393 1287 5478 patentia;
1312 5399 1342 5458 et
1363 5395 1510 5478 disponit

1219 543 1410 614 COllMENT.
1436 545 1473 610 IN
1496 543 1713 610 sartandum
1736 543 1768 610 C.
1792 543 1864 612 Vlll.

1574 721 1684 788 buitur
1707 721 1881 804 benignitas
1893 717 1915 782 ².
1943 755 1983 766 -
2008 717 2078 786 Vel:
2101 715 2233 804 attiapit
2251 717 2350 802 aliae
2366 739 2468 808 nsque
2484 721 2529 786 ad
2547 727 2631 772 tertia·

1574 827 1687 914 finem,
1712 825 1743 892 id
1766 831 1813 892 θεῖ
1836 843 1853 892 a
1877 823 2043 892 Divinitate
2079 841 2181 910 usque
2214 823 2255 890 ad
2285 823 2526 904 humanitatem,

1575 935 1690 1002 scilicet
1713 933 1745 1000 in
1769 931 1998 1012 incarnatione,
2021 931 2053 998 in
2077 949 2140 1016 qua
2161 929 2252 996 unita
2273 935 2347 996 sunt
2366 931 2428 998 ima
2444 951 2528 1000 sum-

1574 1037 1650 1120 mis3
1685 1035 1835 1124 fortiter,
1869 1035 1901 1102 id
1935 1041 1982 1102 θεῖ
2017 1055 2073 1120 per
2099 1033 2270 1120 potentiam
2293 1035 2463 1118 inlinitans;
2497 1039 2527 1104 in
2629 1023 2630 1026 ¹

1575 1147 1695 1210 Psalmo
1707 1143 1734 1208 8:
1765 1169 1779 1202 4
1794 1141 1905 1208 Excita
1926 1143 2095 1228 potentiam
2120 1149 2206 1210 tuam
2222 1147 2255 1210 et
2269 1143 2337 1210 reni
2354 1167 2386 1224 »3
2406 1143 2526 1210 Glossa:

1580 1251 1658 1316 «Tu
1680 1249 1747 1336 ipse
1771 1249 1800 1314 in
1826 1265 1953 1314 carnem
1968 1275 1998 1316 4.
2024 1251 2064 1314 ld
2087 1249 2251 1336 disposuit
2279 1249 2392 1316 omnia
2413 1253 2528 1318 saoni-

1575 1363 1641 1434 ter,
1664 1355 1698 1420 in
1720 1351 1953 1438 redemptionis
1979 1351 2148 1420 barnabae
2170 1353 2406 1440 procuratione
2413 1377 2426 1432 ;
2453 1357 2528 1420 llat-

1575 1459 1656 1528 thaei
1680 1459 1862 1526 undecimo:
1894 1485 1908 1516 s
1920 1459 2034 1526 Discite
2058 1479 2166 1540 ame,
2192 1459 2265 1548 quia
2287 1459 2373 1528 mitis
2399 1477 2469 1526 sum
2498 1467 2527 1526 et

1575 1565 1703 1632 humilis
1725 1565 1820 1632 corde
1835 1591 1865 1630 4.
1890 1563 1978 1630 Mitis
2006 1565 2066 1632 iuit
2095 1567 2129 1632 in
2155 1575 2283 1636 cataro
2309 1567 2529 1634 hamanitatis

1574 1677 1743 1750 assumtae3
1769 1677 1815 1738 θεῖ
1837 1669 1920 1738 enim
1945 1670 2037 1750 hemo
2060 1671 2174 1738 animal
2189 1681 2303 1742 natura
2318 1678 2526 1750 mansuetum,

1574 1777 1695 1844 ratione
1709 1777 1896 1868 discretum,
1911 1781 2031 1842 statura
2048 1783 2198 1844 creatum.
2214 1779 2247 1846 ln
2264 1779 2507 1846 corsoersatione
2516 1801 2529 1856 ,·

1574 1885 1657 1954 unde
1680 1885 1808 1952 loannes
1832 1881 1980 1970 Baptista,
2006 1883 2140 1968 quadam
2162 1883 2211 1948 die
2234 1885 2341 1950 ridens
2366 1903 2438 1952 eum
2462 1903 2527 1950 am-

1574 1993 1750 2072 bulantem,
1784 1991 1844 2058 ait:
1874 2015 1890 2048 «
1907 1989 1998 2070 Ecce,
2032 1989 2138 2074 tignus
2171 1989 2259 2056 Dei»
2294 1995 2371 2070 etc,
2405 1990 2527 2056 loannis

1575 2097 1675 2182 primo
1689 2097 1712 2164 ⁹.
1736 2099 1770 2164 ln
1789 2095 2059 2184 praedieatione;
2082 2095 2224 2162 llatthaei
2258 2101 2388 2182 quarto:
2421 2123 2438 2156 «
2454 2097 2527 2164 Poe-

1574 2203 1734 2270 niieutlam
1761 2203 1841 2290 agite
1856 2229 1872 2262 4
1901 2207 1969 2284 etc.;
2006 2203 2081 2268 item
2109 2201 2230 2268 loannis
2261 2207 2364 2268 sexte:
2394 2203 2528 2268 «Verba

1575 2307 1656 2376 vitae
1678 2315 1824 2376 aeternae
1845 2309 1944 2376 habes
1959 2333 1989 2388 »3
2015 2307 2157 2374 llatthaei
2182 2305 2366 2376 undecimo:
2388 2301 2529 2374 «tentae

1574 2413 1611 2480 ad
1636 2433 1686 2482 me
1709 2433 1830 2496 omneS,
1853 2415 1909 2502 qui
1933 2415 2082 2484 laboratis
2104 2423 2136 2482 et
2157 2415 2277 2482 onerati
2301 2413 2392 2494 estis,
2417 2419 2448 2482 et
2470 2431 2527 2500 ego

1554 2521 1713 2596 ,reficiam
1734 2541 1789 2590 vos
1805 2551 1836 2588 ».
1861 2525 1895 2588 ln
1924 2527 2139 2608 peccatoram
2168 2521 2376 2602 dicatissima
2405 2521 2527 2590 loannis

1574 2633 1701 2692 octavo:
1729 2653 1745 2686 4
1763 2629 1861 2706 Vade,
1887 2633 1917 2692 at
1942 2627 2076 2710 amplius
2089 2629 2151 2694 noli
2168 2647 2298 2714 peccare
2316 2653 2345 2708 »;
2371 2629 2444 2696 item
2467 2629 2528 2692 Lu-

1575 2751 1628 2800 cae
1652 2737 1760 2800 sextn:
1789 2761 1805 2794 s
1821 2731 1987 2812 Dimittite‚
2006 2737 2035 2800 θῖ
2050 2733 2225 2800 dimittetur
2249 2735 2379 2800 vohis».
2395 2737 2428 2800 ln
2449 2753 2527 2818 pas-

1574 2839 1679 2918 446446·
1696 2839 1779 2906 unde
1794 2839 1890 2906 Isaiae
1912 2839 2171 2924 quinquagesimo
2196 2839 2304 2904 nscio:
2333 2839 2448 2906 «Sicut
2462 2839 2529 2906 ovis

1574 2945 1612 3012 ad
1637 2945 1821 3012 occisionem
1850 2945 1985 3012 ducetur
2002 2953 2029 3004 »¹
2044 2953 2118 3026 etc.;
2143 2945 2217 3010 item
2252 2945 2397 3012 leremiae
2431 2945 2529 3012 mide-

1575 3051 1668 3118 cimo:
1699 3053 1791 3138 «Ego
1816 3051 1905 3138 quasi
1928 3069 2028 3136 agnus
2063 3057 2264 3130 mansuetus
2298 3051 2352 3136 qni
2385 3055 2527 3136 paratur

1574 3157 1612 3224 ad
1637 3157 1792 3226 victimam
1809 3183 1839 3222 4.

1663 3265 1764 3348 (Vers.
1789 3265 1844 3348 9.).
1870 3261 2034 3346 Sequitur:
2060 3263 2171 3344 Hans,
2198 3263 2315 3330 scilicet
2336 3265 2528 3350 sapientiam,
2549 3273 2681 3320 Secundum-

1575 3371 1649 3462 quia
1670 3375 1775 3438 tantae
1796 3369 1924 3438 virtutis
1949 3375 2013 3452 θεῖ,
2029 3373 2158 3452 6444664,
2177 3371 2292 3440 seilicet
2317 3367 2435 3458 affecta
2458 3391 2528 3444 664-

1575 3479 1646 3556 dis;
1667 3477 1753 3544 unde
1776 3495 1873 3564 supra
1897 3477 2085 3562 septim010:
2116 3505 2132 3538 «
2147 3481 2248 3563 Super
2265 3479 2396 3544 salutem
2412 3485 2445 3544 et
2459 3497 2527 3564 spe-

1575 3583 1653 3650 ciem
1675 3583 1776 3650 dilexi
1796 3583 1881 3650 illam
1897 3597 1932 3646 4.·
1955 3583 1995 3650 Et
2017 3583 2198 3672 acquisivi,
2214 3583 2247 3650 id
2263 3589 2310 3650 est
2325 3591 2416 3652 extra
2433 3601 2529 3670 quae-

1575 3691 1651 3772 sivi,
1677 3687 1789 3778 ellectu
1826 3687 1902 3756 honi
1932 3689 2061 3774 operis,
2096 3689 2270 3756 secundum
2300 3691 2380 3756 illud
2408 3689 2527 3776 primae

1576 3797 1696 3864 loannis
1719 3797 1828 3863 tertio:
1856 3823 1873 3856 (ε
1890 3795 1956 3862 4466
1977 3795 2145 3882 diligamus
2167 3797 2266 3864 verbo
2287 3815 2390 3882 neque
2412 3799 2527 3882 lingua,

1576 3903 1629 3972 sed
1652 3921 1746 3988 opere
1769 3909 1799 3970 et
1823 3901 1954 3970 veritate
1969 3929 1999 3968 4.
2026 3905 2051 3970 Α
2079 3903 2346 3984 insectatorem,
2371 3905 2459 3992 quasi
2483 3907 2530 3972 di-

1575 4013 1638 4076 eat:
1661 4009 1694 4074 in
1727 4009 1806 4074 tiore
1841 4009 1950 4076 aetatis
1984 4027 2087 4090 meae;
2123 4009 2365 4078 proverbiorum
2399 4017 2526 4078 octavo:

1580 4117 1669 4200 «Qui
1696 4135 1785 4184 triane
1800 4143 1836 4198 4,
1861 4115 1978 4182 scilicet
2002 4115 2184 4196 iuventutis
2212 4117 2373 4202 «vigilant
2394 4117 2432 4182 ad
2459 4135 2526 4198 me,

1550 4221 1732 4290 ‘invenient
1761 4241 1812 4288 me
1827 4247 1857 4300 »t
1891 4221 1959 4288 ideo
1996 4219 2198 4288 Ecclesiastici
2228 4227 2340 4288 sexto:
2378 4223 2478 4302 «Fili,
2510 4243 2528 4288 a

1573 4315 1735 4396 4646644446
1761 4335 1815 4396 466
1837 4327 1949 4412 excipe
1970 4327 2191 4394 doctrinam».
2215 4331 2258 4396 m
2278 4329 2446 4416 qaaesiai,
2469 4329 2528 4396 sci-

1574 4435 1645 4504 licet
1667 4435 1771 4504 studio
1793 4435 1935 4504 lectionis
1964 4441 1996 4502 et
2029 4435 2196 4516 orationis3
2219 4437 2320 4504 Lucae
2342 4435 2528 4504 undecimo:

1580 4543 1771 4624 «Quaerite,
1794 4549 1827 4610 et
1847 4543 2013 4610 invenietis
2027 4567 2058 4622 »3
2081 4561 2238 4626 sponsam
2263 4541 2346 4608 mihi
2369 4561 2442 4608 eona
2471 4561 2526 4610 os-

1572 4667 1710 4714 sarnere.
1733 4649 1884 4734 Sponsam
1911 4647 1984 4714 (licit
2015 4649 2134 4714 ratione
2166 4647 2311 4726 amoris·
2345 4649 2527 4716 Proverbia-

1573 4755 1854 4839 rumsapamo11:
1886 4781 1901 4812 «
1916 4753 1972 4820 Dic
1996 4753 2181 4838 sapientiae:
2210 4755 2304 4820 Soror
2331 4773 2399 4822 mea
2423 4773 2472 4834 es,
2498 4761 2527 4824 et

1571 4861 1771 4946 prudentiam
1793 4879 1869 4930 voca
1892 4861 2023 4926 amicam
2052 4865 2140 4926 tuam
2156 4885 2187 4926 4.
2212 4861 2302 4940 ltem,
2327 4861 2446 4930 ratione
2473 4849 2526 4930 de-

1573 4967 1772 5046 lectationis;
1787 4965 2028 5034 Proverbiorum
2045 4967 2170 5052 quinto:
2194 4969 2350 5036 «Laetare
2367 4987 2439 5036 anm
2456 4987 2526 5036 rnu-

1572 5075 1648 5140 liere
1669 5073 1894 5140 adolescentiae
1917 5079 1990 5140 tuae
2007 5099 2035 5138 s.
2063 5073 2189 5140 Ratione
2213 5075 2527 5160 inseparabilitatis,-

1571 5179 1716 5248 llatthaei
1739 5179 1859 5248 decimo
1884 5199 1981 5260 nono:
2012 5207 2027 5240 «
2042 5181 2109 5248 Nou
2133 5181 2214 5248 enim
2231 5201 2377 5266 sponsam
2394 5181 2466 5248 licet
2480 5181 2528 5248 di-

1571 5287 1696 5354 mittere
1719 5287 1777 5354 nisi
1801 5305 1896 5356 causa
1916 5287 2130 5356 fornicationis
2145 5311 2175 5368 »3
2201 5287 2256 5354 sed
2277 5289 2337 5356 hoc
2357 5287 2389 5354 in
2404 5287 2526 5374 sapien-

1573 5393 1614 5458 tia
1638 5395 1740 5458 lacum
1765 5413 1826 5460 non
1850 5395 1961 5472 habet3
1983 5419 2000 5452 r
2015 5393 2091 5458 nihil
2108 5393 2191 5460 enim
2207 5393 2404 5480 inquinatum
2421 5395 2527 5462 incur-

551 5497 666 5564 ornnia
687 5497 851 5578 4444464464,
875 5497 1152 5588 quaadSpiritum
1175 5503 1335 5578 sanetum,
1352 5499 1402 5566 cui
1418 5499 1509 5566 altri·
1538 5501 1542 5580 l
1572 5501 1614 5566 rit
1638 5501 1668 5566 in
1693 5517 1762 5566 eam
1777 5527 1808 5582 4,
1834 5519 1930 5586 supra
1961 5499 2101 5586 septimo.
2129 5501 2255 5568 Ratione
2283 5503 2525 5586 praetutiana,-

622 5939 632 5970 ²
653 5943 727 5996 Vere.
746 5945 792 5996 96.

620 6027 632 6058 ²
652 6031 750 6096 Nempe
773 6027 954 6084 interlinearis
974 6043 1003 6082 ex
1022 6029 1143 6096 Rabano,
1162 6043 1230 6096 quae
1258 6031 1337 6082 etiam
1364 6031 1508 6082 sectandam

551 6121 738 6186 expositionem
757 6117 875 6184 praebet.
893 6145 927 6158 -·
947 6119 1070 6186 Sequitur
1088 6121 1163 6174 446444.
1183 6121 1229 6182 46,
1249 6119 1274 6172 4.
1333 6171 1334 6174 ,

620 6205 631 6238 ³
652 6211 765 6260 Haeret
786 6221 843 6274 seq.
860 6207 951 6260 Glossa
978 6211 1039 6262 sunt
1066 6205 1252 6262 interlineares
1280 6223 1309 6260 64
1337 6205 1456 6260 Rabano.
1472 6235 1509 6246 -

551 6295 667 6352 Subinde
682 6299 809 6368 allegatur
828 6299 846 6348 l.
863 6295 924 6350 Cor.
944 6297 967 6364 l,
986 6297 1029 6350 94.

620 6383 632 6412 ⁴
651 6385 745 6436 Psalm.
764 6383 813 6448 94,
834 6383 881 6450 46;
902 6381 965 6436 ibid.
983 6385 1048 6448 469,
1070 6385 1111 6440 li.
1130 6389 1170 6438 est
1188 6399 1244 6450 seq.
1263 6385 1344 6436 locus,

620 6469 631 6500 ⁵
651 6471 726 6524 Vens.
745 6471 787 6524 49.
805 6497 843 6510 -
860 6473 1010 6538 Sequuntur
1037 6475 1130 6526 Ezech.
1155 6473 1202 6540 98,
1228 6473 1279 6540 46;
1303 6473 1374 6526 loen.
1400 6473 1444 6534 49,
1463 6471 1507 6524 34.

549 6565 575 6610 64
593 6561 700 6612 9664464.
719 6561 749 6624 9,
770 6561 810 6628 ll,
833 6575 913 6628 quem
941 6563 1032 6614 Glossa
1058 6559 1240 6616 interlinearis
1267 6561 1307 6628 (64
1333 6559 1447 6628 Hieron.)
1472 6559 1508 6610 de

549 6645 699 6700 liberatione
727 6649 875 6700 animarum
902 6649 1066 6704 existentiam
1085 6651 1109 6702 in
1131 6649 1213 6702 limbo
1240 6665 1288 6716 per
1316 6649 1449 6704 Christum
1473 6647 1508 6700 in·

550 6733 651 6796 telligit.
1431 6799 1432 6802 Ἴ

620 6815 633 6880 ⁶.
653 6823 744 6874 Psalm.
758 6825 806 6890 39,
821 6825 845 6876 6.
857 6853 894 6866 -
908 6825 972 6880 Tres
989 6841 1045 6894 seq.
1064 6827 1113 6880 4664
1134 6833 1194 6880 sunt
1212 6829 1230 6880 l.
1247 6829 1315 6880 Patr.
1336 6829 1359 6892 l,
1377 6829 1386 6880 l
1395 6829 1419 6880 8.
1438 6839 1508 6892 seq.;

549 6905 658 6958 Zachar.
676 6907 708 6970 9,
728 6909 771 6962 44.
790 6915 814 6962 et
833 6911 873 6964 Pe.
893 6911 939 6976 67,
961 6913 1002 6966 49.

1643 5941 1652 5972 ⁷
1670 5941 1721 5996 Cir.
1739 5945 1759 5996 l.
1778 5945 1847 5996 Seni.
1866 5943 1893 5998 d.
1911 5941 1956 5996 34.
1973 5957 2000 6010 q.
2018 5943 2043 5996 3.
2062 5945 2088 5998 in
2107 5959 2181 6010 corp.
2200 5953 2223 6000 et
2243 5949 2373 6016 Breviloq.
2391 5965 2419 6016 p.
2431 5953 2449 6004 l.
2464 5965 2487 6004 6.
2501 5953 2530 6004 6.

1643 6025 1767 6084 ⁸Psalm.
1784 6031 1833 6098 79,
1859 6033 1884 6082 3.
1909 6027 1960 6082 Cir.
1985 6033 2022 6084 lll.
2049 6031 2118 6086 Seni.
2144 6035 2170 6088 d.
2195 6037 2219 6088 6.
2242 6051 2265 6088 a.
2285 6039 2310 6088 9.
2329 6051 2354 6104 q.
2375 6041 2397 6090 9.
2417 6053 2472 6106 seq.
2492 6067 2526 6080 —

1572 6119 1661 6170 Glossa
1680 6119 1708 6170 in
1726 6121 1795 6172 huns
1815 6121 1853 6172 Ps.
1874 6123 1912 6172 est
1931 6117 2086 6188 ordinario,
2105 6121 2139 6176 de
2155 6139 2208 6192 qua
2226 6127 2273 6178 644.
2291 6125 2471 6180 Cassiodorus.
2485 6129 2526 6180 Se·

1571 6205 1659 6274 quitur
1678 6207 1765 6262 blatan.
1785 6209 1828 6274 ll,
1847 6211 1891 6260 93.

1550 6347 1554 6352 ,,
1642 6291 1653 6322 ⁹
1670 6297 1745 6350 Vers.
1766 6297 1808 6350 99.
1823 6299 2019 6364 -Sequuntur
2037 6299 2125 6354 llatth.
2139 6301 2167 6368 4,
2184 6301 2214 6354 lt
2222 6321 2229 6366 ς
2247 6305 2315 6356 loan.
2329 6303 2356 6370 6,
2371 6305 2418 6370 69;
2439 6307 2528 6358 llatth.

1572 6383 1613 6450 lt,
1634 6385 1680 6448 98,
1700 6389 1770 6440 loon.
1788 6387 1817 6454 8,
1835 6387 1881 6452 ll,
1899 6385 1961 6440 Luc.
1980 6389 2012 6454 6,
2029 6387 2078 6442 37:
2096 6391 2234 6454 Dimittite‚
2248 6397 2273 6444 et
2285 6391 2450 6444 dimittemini
2468 6391 2524 6460 (644.

1571 6471 1656 6524 datin.
1676 6475 1707 6538 6,
1727 6475 1769 6528 44.
1787 6481 1889 6542 seqet
1906 6475 1983 6530 liare.
2004 6478 2044 6544 lt,
2064 6477 2132 6546 96.),
2150 6481 2206 6532 4ε64.
2219 6481 2268 6544 63,
2280 6479 2308 6532 7.
2324 6483 2347 6532 et
2366 6481 2412 6532 ler.
2427 6481 2468 6544 ll,
2483 6481 2526 6532 49.

1643 6559 1664 6592 ¹⁰
1683 6565 1759 6616 Vers.
1778 6565 1821 6618 t0.
1838 6593 1874 6604 -
1892 6565 2041 6634 Sequuntur
2069 6571 2085 6622 l.
2109 6571 2179 6622 loan.
2204 6569 2234 6632 3,
2262 6567 2312 6634 48;
2330 6567 2406 6622 Ρ464.
2426 6571 2457 6634 8,
2477 6567 2511 6622 47
2518 6585 2523 6634 ;

1571 6649 1647 6704 Ecoli.
1665 6651 1696 6716 6,
1716 6653 1767 6718 48;
1785 6655 1848 6706 Luc.
1869 6655 1909 6720 44,
1930 6655 1956 6708 9.
2090 6711 2092 6716 .

1642 6737 1664 6768 η
1682 6743 1757 6794 Voss,
1777 6743 1800 6796 4.
1815 6773 1848 6782 -
1862 6745 1977 6812 Quatuor
1997 6757 2072 6812 seqq.
2090 6745 2139 6796 loci
2157 6749 2219 6796 sunt
2237 6745 2314 6798 Pron.
2328 6745 2356 6810 5,
2372 6745 2418 6810 ts,
2439 6747 2524 6800 datan.

1573 6827 1619 6892 49,
1640 6829 1671 6880 a:
1692 6829 1857 6898 Quicumque
1876 6831 2004 6886 dimiserit
2024 6847 2133 6886 uxorem
2151 6847 2241 6898 suam,
2261 6833 2310 6886 nisi
2327 6833 2362 6886 ob
2381 6835 2527 6886 fornicatio·

1571 6927 1632 6966 nem
1652 6919 1700 6968 646.
1720 6915 1776 6984 (644.
1793 6917 1857 6982 ibid.
1878 6919 1908 6986 6,
1928 6917 1996 6986 39.);
2017 6923 2078 6986 Sap.
2096 6921 2121 6988 7,
2142 6921 2185 6974 95.
2203 6925 2228 6972 et
2246 6923 2324 6974 Eccli.
2342 6921 2391 6988 94,
2409 6923 2454 6974 96.
