5916 8276
488 5293 526 5338 ..ld
542 5293 626 5350 opposi-

534 5351 585 5392 tum.

662 577 678 640 6
1398 569 1619 636 PROOEMIUM
1643 567 1897 636 collimabant

657 749 889 838 praesentium,
912 749 951 816 de
974 749 1020 816 eis
1041 753 1170 828 tractat,
1197 767 1258 814 non
1282 763 1320 812 ea
1336 745 1551 832 rationeque
1569 751 1612 812 at-

632 859 804 934 trahunt,
830 857 882 922 sed
911 875 948 922 ea
975 855 1111 934 ratione,
1138 873 1201 942 qua
1229 858 1493 920 contemnuntur:
1519 859 1614 918 attra-

657 963 737 1030 bunt
761 961 819 1028 sub
845 961 945 1048 specie
968 961 1058 1040 boni,
1091 961 1145 1028 sed
1175 965 1421 1026 contemnuntur
1455 959 1515 1024 sub
1544 975 1614 1042 spe-

656 1069 701 1136 cie
725 1067 817 1136 rani·w
830 1069 902 1134 ideo
923 1067 1068 1154 sequitur
1091 1085 1133 1134 ex
1156 1067 1232 1144 boc,
1245 1065 1335 1150 quod
1356 1063 1503 1130 rnoteriu
1520 1063 1614 1130 buius

656 1173 728 1240 libri
752 1179 827 1238 sunt
859 1189 970 1240 rerum
999 1171 1213 1258 praesentium
1244 1167 1506 1250 vanitatesstre
1529 1171 1614 1252 ipsae

560 1321 562 1328 ε
597 1323 598 1326 ,
656 1297 724 1358 res,
747 1277 920 1344 secundnm
944 1277 1029 1364 qued
1050 1293 1164 1354 ranae,
1189 1283 1224 1342 ut
1247 1275 1361 1342 melius
1385 1273 1523 1354 dicatur,
1538 1273 1614 1360 quia

655 1385 821 1450 vanitatem
853 1383 942 1468 quasi
974 1381 1150 1468 passionem
1179 1381 1292 1468 probat
1316 1381 1347 1446 in
1371 1381 1485 1460 rebuS,
1512 1379 1612 1466 primo

655 1507 850 1576 proponens,
873 1489 1011 1556 secundo
1024 1489 1184 1576 probans,
1205 1487 1295 1558 tertio
1311 1487 1511 1554 concludens.
1527 1485 1613 1552 Unde

654 1595 793 1682 procedit
815 1597 1032 1680 persuadendo
1053 1603 1087 1662 θῖ
1107 1591 1270 1682 probando
1290 1595 1392 1672 illam,
1416 1593 1533 1660 scilicet
1556 1593 1612 1658 tri·

559 1721 561 1724 ·
654 1703 765 1786 plieem
791 1701 976 1784 vanitatem,
999 1701 1083 1790 quae
1097 1723 1195 1790 supra
1217 1703 1298 1770 diota
1313 1707 1359 1768 θεῖ
1375 1703 1398 1780 ¹,
1413 1699 1536 1768 seilicet
1550 1717 1611 1766 no-

655 1815 765 1884 turue,
791 1807 906 1894 caepae
927 1813 965 1876 et,
981 1809 1145 1876 traiceriue.
1168 1845 1214 1858 -·
1234 1809 1273 1874 Et
1293 1823 1336 1872 ex
1359 1807 1418 1872 boe
1443 1811 1527 1890 patet
1541 1825 1611 1870 mo-

653 1915 717 1982 dus
740 1917 861 2002 cpendi
883 1915 948 1984 sire
971 1907 1083 1982 torma
1105 1915 1202 1990 Habet
1233 1913 1317 1980 enim
1349 1913 1476 1978 modum
1500 1911 1609 1998 agendi

653 2021 843 2110 singularem
865 2021 948 2086 inter
971 2021 1046 2100 alios
1069 2019 1182 2098 libros;
1203 2017 1349 2104 ¹procedit
1370 2017 1455 2084 enim
1477 2022 1515 2084 nt
1536 2035 1609 2084 con-

653 2125 812 2206 cionator,
845 2125 1042 2194 diversorum
1078 2125 1245 2192 sententies
1271 2125 1488 2210 proponendo,
1519 2123 1609 2188 modo

653 2233 816 2320 sapientie,
843 2233 942 2298 modo
958 2233 1062 2310 stulti,
1088 2239 1122 2298 ut
1147 2251 1187 2300 ex
1212 2229 1352 2318 plurium
1368 2231 1530 2298 sententiis
1545 2249 1608 2296 una

652 2340 801 2406 clarescat
822 2337 939 2404 ¹veritas
968 2337 997 2404 in
1031 2339 1143 2404 animis
1164 2339 1355 2406 auditorum.
1382 2375 1422 2386 --
1449 2339 1494 2402 Ex
1519 2355 1608 2422 prae·

650 2445 741 2512 dietis
763 2443 979 2524 concluditur,
1002 2443 1080 2530 quis
1098 2443 1208 2512 debuit
1229 2461 1296 2512 esse
1321 2429 1470 2532 illiciens.
1495 2443 1529 2510 ln
1547 2443 1607 2510 isto

651 2551 733 2618 enim
764 2551 845 2616 libro
878 2545 1031 2616 [locentur
1064 2551 1222 2618 contemni
1244 2551 1438 2636 voluptates,
1468 2551 1624 2628 divitiae,

551 2741 553 2746 ,
650 2659 787 2724 bonores
815 2663 847 2722 et
876 2655 1074 2722 curiositates
1105 2663 1254 2742 tanquam
1288 2657 1449 2722 vanitates
1475 2657 1511 2722 Et
1534 2657 1607 2740 quia

650 2783 712 2830 nen
735 2763 873 2830 ereditur
903 2763 939 2830 de
972 2767 1153 2848 contemptu
1179 2765 1290 2830 talium
1325 2761 1383 2828 nisi
1407 2767 1539 2848 experto
1565 2797 1605 2808 -

648 2889 711 2936 non
734 2869 814 2938 enim
841 2869 980 2938 creditur
1001 2869 1152 2956 pauperi,
1175 2871 1230 2956 qui
1254 2887 1316 2934 non
1340 2869 1452 2934 habuit
1472 2867 1605 2944 divitias,

648 2977 685 3044 cle
709 2977 851 3064 ipsarum
885 2983 1085 3062 contemptu,
1108 2977 1182 3062 [pria
1213 2995 1280 3042 aen
1308 2983 1355 3040 est
1377 2983 1550 3058 arpertus,
1577 2977 1606 3040 θῖ

647 3081 717 3148 ideo
740 3099 802 3148 non
826 3081 1050 3168 reeopnoacit²
1074 3121 1116 3128 -
1142 3079 1297 3166 oportuit,
1314 3079 1400 3166 qrrod
1415 3085 1496 3146 θεεθῖ
1521 3077 1604 3156 talis,

647 3189 700 3274 qui
736 3187 876 3256 omnium
910 3189 1040 3256 baberet
1069 3187 1296 3274 experientiam
1328 3187 1458 3264 horum,
1488 3185 1605 3262 seilicet

648 3295 701 3382 qui
728 3301 807 3364 esset
830 3301 958 3380 potens,
981 3295 1086 3374 direS,
1106 3295 1293 3362 luxuriosus
1317 3301 1349 3360 et
1370 3293 1518 3358 curiosus
1541 3291 1607 3358 sire

1680 745 1733 830 qui
1760 745 2106 810 contemni-t‘mundnm
2131 745 2302 812 certtemnit
2324 745 2442 814 Deum:
2465 751 2520 812 eut
2543 747 2640 832 igitur

1679 851 1737 916 isto
1762 849 1899 916 mundus
1921 871 1982 918 nen
2009 857 2055 918 θεῖ
2077 849 2178 918 ῖοθῖοε
2201 871 2218 916 a
2242 853 2394 930 Deo,aut
2409 871 2472 918 nen
2496 859 2542 920 θεῖ
2566 871 2638 922 θοο-

1679 957 1874 1024 temnendus.
1929 997 1932 1004 »
2166 955 2168 960 ’
2561 1011 2568 1016 .,

1769 1065 1797 1128 b.
1825 1063 1911 1142 ltern,
1930 1063 2171 1132 proverbiorum
2188 1063 2308 1132 decime
2324 1069 2414 1130 sexto
2427 1065 2459 1128 θ]
2477 1065 2637 1132 Universa

1674 1177 1813 1254 propter
1842 1171 2050 1258 semetipsum
2069 1167 2252 1256 ,operatua
2268 1179 2315 1234 est
2343 1171 2523 1252 Dominus,
2562 1181 2637 1258 ergo

1678 1275 1782 1340 omnia
1805 1273 1992 1342 ordinantur
2016 1277 2061 1342 ad
2078 1279 2196 1358 Deum;
2213 1277 2268 1344 sed
2297 1277 2380 1362 quod
2407 1277 2573 1344 ordinatur
2604 1279 2635 1344 in
2738 1301 2739 1306 ¹

1677 1381 1771 1446 linem
1795 1387 1928 1446 nonest
1960 1381 2241 1462 contemnendum,
2272 1383 2326 1450 sed
2358 1381 2573 1468 accipiendum
2605 1390 2635 1450 θῖ

1676 1487 1858 1552 amandum:
1885 1505 1959 1572 erge
1982 1489 2120 1556 mundus
2143 1489 2214 1570 iste,
2232 1497 2264 1556 οῖ
2278 1507 2316 1556 θο
2338 1495 2510 1576 quaesunt
2531 1489 2565 1556 in
2587 1507 2634 1570 θο,

1676 1601 1751 1660 sunt
1775 1593 1926 1670 amanda„
2042 1609 2043 1612 ’
2483 1659 2484 1662 ,
2584 1603 2613 1668 ἦ

1767 1699 1962 1784 llespondeo:
1986 1701 2171 1780 dicendum,
2196 1701 2297 1786 qriod,
2323 1703 2403 1786 sient
2435 1705 2502 1770 ruli
2528 1705 2633 1788 Augu·
2654 1711 2718 1768 lese·

1675 1807 1776 1872 stinus
1799 1812 1830 1873 θῖ
1853 1807 1941 1890 Hugo
1954 1807 1976 1886 i,
1996 1807 2139 1874 mundus
2159 1807 2218 1874 iste
2243 1813 2289 1876 est
2306 1809 2394 1894 quasi
2410 1807 2538 1894 quidam
2555 1827 2632 1876 anu-

1675 1911 1838 1978 lnsdatus
1859 1931 1879 1978 a
1902 1929 2016 1996 sponso
2046 1913 2103 1998 ipsi
2138 1915 2274 1992 animae3
2308 1931 2420 1998 sponsa
2443 1921 2548 1980 autem
2572 1913 2631 1980 du-

1673 2019 1794 2102 pliciter
1820 2023 1919 2106 potest
1935 2017 2064 2104 diligere
2079 2021 2208 2086 anulum
2224 2039 2244 2086 a
2260 2037 2373 2104 sponso
2393 2021 2450 2088 sibi
2466 2021 2630 2102 collatum,

1672 2143 1779 2190 amore
1802 2125 1919 2192 scilieet
1944 2131 2032 2190 custo
2056 2131 2087 2192 θῖ
2110 2125 2307 2194 astruerint.
2324 2127 2415 2192 ilmor
2441 2133 2553 2194 custus
2568 2133 2629 2206 θεῖ,

1672 2249 1736 2316 que
1760 2231 1857 2316 diligit
1889 2231 2020 2298 anulum
2051 2231 2083 2298 in
2105 2233 2288 2300 memoriam
2315 2233 2417 2316 sponsi
2447 2239 2477 2300 et
2501 2237 2630 2318 propter

1672 2355 1810 2404 amorem
1829 2339 1947 2422 sponsi3
1964 2339 2192 2420 edrdterinuc,
2214 2357 2277 2424 quo
2292 2337 2393 2422 diligit
2409 2341 2540 2404 anirlnm
2558 2341 2629 2424 plus

1673 2461 1770 2530 quam
1791 2461 1960 2530 sponsum;
1983 2453 2017 2512 θῖ
2038 2445 2097 2512 ῖ]οο
2120 2465 2184 2512 non
2207 2451 2309 2530 potest
2331 2463 2464 2530 sponsus
2488 2465 2550 2512 noo
2574 2447 2629 2512 ba-

1673 2547 1748 2618 bere
1772 2551 1943 2634 promulo.
1967 2551 2053 2620 Sicut
2078 2553 2158 2620 onim
2183 2553 2302 2638 duplex
2323 2559 2370 2620 θεῖ
2392 2571 2490 2632 amor,
2514 2553 2557 2618 ita
2571 2553 2630 2620 du-

1670 2655 1746 2740 plex
1770 2655 1875 2722 odium
1904 2659 1954 2722 rel
1976 2663 2190 2742 contemptim,
2218 2659 2292 2744 quia
2329 2659 2481 2744 «quoties
2513 2657 2628 2726 dicitur

1670 2779 1772 2826 unum
1795 2761 2043 2846 oppositorum,
2077 2771 2106 2830 et
2141 2765 2298 2850 reliquum
2322 2765 2334 2804 ⁸
2362 2791 2393 2830 ».
2425 2765 2628 2850 Contemptus

1669 2867 1767 2944 anuli,
1790 2867 1880 2950 quasi
1897 2865 1944 2932 sit
1959 2859 2100 2952 'parrum
2123 2879 2154 2936 θῖ
2177 2869 2237 2936 vile
2261 2869 2394 2950 donum,
2419 2869 2573 2938 redundat
2594 2869 2628 2936 in

1670 2975 1846 3056 sponsum,
1862 2971 1916 3038 sed
1940 2979 2137 3058 contemptus
2159 2975 2263 3052 anuli,
2286 2977 2376 3060 prrasi
2400 2975 2476 3040 nibil
2502 2983 2628 3060 repnte-

1670 3083 1722 3144 tur
1745 3079 1976 3164 eaomparatione
1999 3079 2115 3148 amoris
2139 3081 2262 3166 sponsi,
2285 3079 2342 3148 iste
2366 3089 2412 3148 θεῖ
2441 3081 2478 3160 ad
2494 3082 2625 3166 gloriam

1669 3185 1791 3270 sponsi3
1817 3192 1847 3250 et
1862 3185 1900 3252 de
1924 3186 1983 3252 boc
2008 3193 2188 3272 contemptu
2204 3187 2320 3254 dieitur
2341 3187 2458 3254 [tantini
2474 3187 2625 3254 ultimo⁹:

1669 3291 1708 3358 Si
1728 3291 1854 3358 desierit
1877 3289 1971 3358 lionae
1994 3313 2121 3360 omnem
2151 3295 2375 3360 sacbstuniiem
2397 3295 2515 3360 domes
2544 3315 2627 3362 succ

647 3403 780 3486 sapiens.
814 3401 942 3488 Nullum
977 3401 1072 3466 alium
1103 3401 1236 3486 legimus
1268 3417 1325 3466 nee
1345 3397 1538 3466 ‘audivimus
1573 3397 1604 3464 in
1665 3415 1728 3482 pro
1761 3397 1946 3478 dilectione,
1970 3399 2072 3486 pauci
2095 3397 2180 3466 nibil
2194 3399 2352 3484 ‘despiciet
2381 3421 2461 3466 eona
2492 3403 2535 3468 lle
2567 3403 2626 3468 boo

647 3513 733 3574 tanta
747 3507 932 3574 excellentia
948 3507 1026 3574 baec
1040 3507 1203 3586 babuisse,
1220 3507 1299 3574 sieut
1315 3505 1426 3572 babuit
1443 3505 1587 3572 Salomon
1596 3529 1603 3584 ;

647 3613 717 3680 ideo
732 3613 798 3698 ipse
813 3631 889 3696 prae
907 3613 1018 3680 ceteris
1041 3613 1101 3680 tuit
1115 3613 1185 3678 talis
1211 3613 1282 3680 libri
1298 3611 1604 3678 convenientior'au-

646 3725 724 3786 oter.
748 3719 900 3784 —Patet
923 3719 1038 3804 igitur,
1053 3713 1134 3804 quae
1159 3719 1197 3786 sit
1221 3717 1404 3786 huiuslibri
1421 3735 1518 3784 causa
1532 3739 1604 3784 aare·
1634 3789 1638 3824 i

647 3823 794 3904 tericiic,
815 3823 988 3910 serrantia,
1013 3823 1161 3914 efficiens
1174 3831 1207 3892 θῖ
1229 3823 1351 3910 finctis
1380 3827 1381 3830 ’

646 3929 648 3934 ’
734 3931 792 3996 Sed
813 3931 906 3998 iuxta
928 3931 985 3998 has
1007 3929 1145 4016 qrratuer
1169 3949 1279 3998 causas
1301 3937 1439 4014 quatuor
1464 3931 1602 4014 partiou-

646 4037 691 4104 lae
716 4043 849 4122 possunt
869 4037 990 4122 quaeri.
1024 4125 1025 4128 Ἴ
1331 4035 1332 4040 ’

692 4347 693 4350 ¹
771 4251 927 4334 Quaesmo
950 4251 972 4316 l.
995 4251 1043 4316 De
1063 4249 1128 4336 fine
1153 4249 1231 4318 bert
1244 4249 1473 4318 beeteateatea.

733 4465 835 4530 Primo
858 4465 896 4530 de
918 4463 991 4550 dne.
1016 4465 1135 4532 Dicitur
1161 4465 1257 4546 enim,
1280 4463 1452 4550 quadrinis
1467 4465 1539 4528 libri
1555 4471 1602 4530 est

556 4653 557 4656 Ἴ
644 4577 845 4654 coratemptus
860 4573 987 4638 ruendi.
1010 4573 1102 4656 Quod
1122 4577 1230 4638 autem
1244 4571 1290 4638 sic
1304 4571 1347 4636 sit
1360 4569 1601 4650 determinatus,

686 4703 688 4708 ’
737 4681 763 4744 l.
777 4677 930 4762 probatur
941 4689 997 4762 per
1009 4677 1089 4744 illud
1100 4671 1181 4764 qriod
1198 4677 1314 4744 dieitur
1331 4673 1430 4744 lacobi
1447 4677 1600 4764 quartur:

470 4797 632 4856 'incremente-
644 4783 803 4852 Amicitia
825 4779 928 4850 iaetus
942 4783 1062 4850 maaet
1084 4783 1224 4852 inimice
1244 4791 1293 4850 θθῖ
1317 4785 1401 4862 Deo,·
1417 4783 1472 4850 sed
1493 4801 1600 4864 omno,

640 4883 729 4974 'quod
750 4889 814 4954 Deo
838 4893 884 4954 θεῖ
909 4887 1089 4968 inimicum,
1112 4889 1232 4954 bonnm
1254 4895 1301 4954 est
1325 4896 1536 4956 contemnere.

734 4999 762 5062 3.
790 4995 881 5074 ltem,
907 4993 1026 5080 primae
1056 4995 1179 5062 loannis
1210 4991 1390 5062 secundol:
1415 4993 1521 5062 Nolite
1551 4993 1602 5062 di-
1631 4983 1636 5100 1

644 5101 744 5188 lipere
764 5101 948 5178 anundum,
972 5119 1072 5188 cepere
1097 5119 1134 5166 ee
1158 5119 1242 5188 quoe
1261 5101 1297 5166 in
1319 5101 1445 5166 arcendo
1468 5107 1554 5166 sent.

734 5211 794 5274 Seu
805 5225 942 5272 cosroe:
959 5211 986 5272 l.
997 5209 1077 5272 Laus
1089 5209 1192 5292 operis
1205 5205 1359 5274 redundat
1369 5205 1403 5272 in
1415 5207 1566 5274 artificem
1576 5209 1599 5288 5,

645 5335 721 5400 ergo
744 5319 774 5382 et
799 5319 994 5398 contemptus
1016 5315 1121 5398 operis
1146 5311 1299 5380 redundat
1316 5313 1509 5392 ineundam,
1526 5331 1601 5398 ergo

717 5663 817 5716 1ῖῖοῐῖ]Ι
833 5665 876 5716 ti.
887 5693 921 5702 -
932 5665 1014 5728 Supra
1030 5677 1080 5716 vox
1090 5665 1245 5734 passionem
1258 5663 1388 5728 signifieat
1402 5663 1604 5734 proprietatem.

717 5753 823 5806 2Εθθῖῖ.
842 5753 888 5820 36,
911 5755 957 5808 lb:
977 5753 1026 5820 Qui
1046 5767 1099 5806 non
1115 5759 1156 5806 est
1173 5759 1296 5820 expertus
1319 5767 1406 5818 panea
1430 5755 1602 5818 recognoscit.

716 5839 819 5894 3ῖῖθεε.
841 5841 866 5894 4.
886 5843 1013 5906 Vulgata:
1035 5843 1137 5894 inimica
1158 5843 1215 5896 Dei.

707 5929 729 6002 ¹⁴
746 5931 819 5984 Vers.
843 5931 884 5984 ld.

715 6019 727 6050 ⁵
746 6019 821 6072 Eeeli.
841 6019 871 6084 3,
890 6017 939 6070 bl:
958 6021 984 6070 ln
1002 6033 1083 6070 mann
1103 6017 1232 6072 artificum
1250 6031 1331 6082 opera
1348 6017 1535 6072 laudabuntur.

716 6107 821 6160 ⁶Vers.
842 6107 867 6160 t.

716 6193 727 6226 ⁷
746 6197 784 6250 lle
803 6195 884 6248 Arma
905 6193 1013 6260 animae
1028 6193 1084 6262 (ubi
1103 6195 1181 6248 etiam
1200 6211 1256 6264 seq.
1276 6193 1407 6248 distinctio
1426 6195 1524 6250 umoris
1544 6195 1605 6248 iusi·

644 6285 765 6354 nuatur'l,
786 6299 815 6338 ex
834 6297 887 6352 qno
908 6283 1036 6350 opusculo
1053 6283 1126 6348 plura
1146 6283 1239 6338 iisdem
1259 6283 1349 6338 verbis
1367 6283 1496 6338 nubentur
1515 6283 1542 6338 ln
1559 6281 1604 6338 lib.

644 6375 680 6426 de
696 6373 834 6440 Diligendo
856 6375 909 6424 beo
933 6371 1008 6438 (inter
1027 6385 1107 6436 opera
1124 6371 1285 6438 Augustini),
1304 6385 1325 6424 θ.
1349 6373 1371 6424 l.
1391 6371 1604 6438 monagesimo

645 6463 770 6526 allegatur
797 6475 810 6514 a
835 6463 894 6514 Vct.
920 6463 1035 6514 Enarrut.
1055 6459 1082 6512 in
1102 6451 1141 6514 bs.
1162 6461 1203 6514 36.
1223 6475 1302 6514 serm.
1320 6461 1347 6514 l.
1359 6457 1390 6514 n.
1410 6463 1440 6526 2,
1461 6447 1605 6526 ubierpo·

645 6551 726 6614 nitur,
744 6551 816 6618 qarotl
835 6551 861 6604 in
884 6551 985 6604 mundo
1005 6571 1019 6598 (ι
1033 6549 1073 6604 alii
1099 6549 1166 6604 bene
1188 6553 1345 6616 operantur,
1363 6547 1405 6602 alii
1429 6551 1497 6604 mele
1509 6571 1536 6604 ».
1553 6549 1604 6604 Cir.

646 6641 732 6692 Serm.
750 6637 810 6692 385.
830 6637 903 6706 (alias
923 6639 965 6690 38.
984 6639 1051 6692 inter
1068 6629 1104 6690 66
1121 6637 1229 6706 Homil.)
1248 6651 1272 6690 c.
1292 6637 1314 6688 6.
1335 6651 1363 6690 n.
1375 6637 1400 6688 6.
1415 6651 1484 6706 serp,
1496 6637 1542 6690 ubi
1555 6631 1605 6690 uit:

598 6755 600 6758 -
647 6727 673 6778 Si
691 6733 779 6780 nutem
798 6727 897 6778 deseris
917 6739 978 6778 eum
996 6727 1044 6794 qni
1061 6733 1094 6778 te·
1106 6727 1180 6790 tecit,
1189 6731 1216 6778 et
1228 6739 1301 6778 amas
1317 6725 1360 6778 illa
1377 6715 1446 6792 quae
1467 6727 1547 6796 lecit,
1559 6727 1605 6780 [le-

646 6821 715 6868 serto
734 6817 776 6868 illo
803 6815 847 6880 qui
868 6811 990 6882 torceii,
1008 6815 1111 6868 adulter
1132 6829 1190 6868 es...
1214 6813 1321 6876 Anima,
1342 6815 1444 6868 deserto
1469 6815 1605 6880 creatore,

646 6917 738 6958 amens
750 6907 894 6956 ereaturam
910 6903 1026 6958 adultera
1040 6907 1093 6966 est;
1107 6903 1173 6958 iltius
1185 6905 1254 6958 enim
1268 6917 1359 6958 unrere
1371 6901 1433 6956 nibil
1445 6903 1543 6958 castius
1554 6909 1605 6958 ete.

1668 3509 1919 3588 contemptuosi
1943 3505 1992 3570 nie
2017 3523 2134 3584 sermo;
2158 3511 2190 3572 θῖ
2213 3505 2256 3574 sic
2279 3511 2386 3590 patent
2407 3506 2536 3574 obiecta.

1834 3715 1989 3798 Quaesmo
2012 3719 2044 3782 lt.
2070 3719 2116 3784 tle
2139 3719 2282 3784 rrretere'e
2306 3717 2459 3784 eiusdem.

1667 3945 1668 3948 ’
1756 3931 1955 3994 Postmodum
1986 3931 2152 4016 quaeritur
2183 3931 2220 3998 de
2252 3931 2412 4010 rnuteriu,
2446 3939 2476 4000 θῖ
2499 3931 2625 4020 dicitur,

1666 4035 1752 4120 qiiod
1775 4033 1827 4102 bie
1850 4035 1955 4120 agitur
1977 4035 2194 4104 deveniente.

1756 4141 1815 4206 Sco
1842 4159 1982 4210 eburna:
2012 4147 2037 4210 l.
2063 4143 2169 4210 Omnis
2202 4145 2330 4212 scientia
2351 4151 2399 4212 θεῖ
2420 4145 2459 4212 de
2481 4147 2565 4212 bono
2594 4153 2627 4214 θῖ
2645 4135 2679 4194 ld
2694 4151 2780 4206 06606·

2685 4207 2736 4248 tum.

1633 4265 1635 4284 ⁴
1666 4267 1740 4316 rere
1757 4249 1794 4326 ¹⁰;
1808 4249 1861 4316 sed
1874 4247 2000 4316 uenere
2017 4247 2118 4336 privat
2130 4251 2297 4319 bonitatem
2313 4255 2343 4318 et
2354 4251 2534 4318 veritatem:
2552 4271 2628 4338 ergo

1664 4353 1704 4420 de
1727 4355 1794 4438 ipso
1818 4361 1948 4420 nonest
1971 4355 2106 4422 scientia.

1754 4465 1785 4528 i.
1811 4461 1974 4528 Praeterea
1996 4461 2132 4542 ridetur,
2156 4465 2240 4548 rpnml
2257 4463 2288 4528 in
2305 4463 2408 4530 rebus
2423 4483 2485 4530 non
2510 4465 2549 4530 sit
2573 4483 2626 4532 ra-

1667 4569 1767 4648 οἰῖθε,
1784 4569 1857 4654 quia
1872 4567 1987 4636 dicitur
2004 4569 2131 4636 Genesis
2154 4571 2256 4656 primo
2270 4573 2310 4636 ¹¹:
2335 4571 2418 4636 Vidit
2445 4573 2529 4636 ileos
2545 4591 2627 4638 eun-

1665 4687 1737 4756 cto,
1768 4695 1852 4764 quoe
1885 4673 2031 4762 feceret,
2054 4685 2084 4744 et
2117 4685 2214 4744 erunt
2235 4675 2331 4744 ootde
2365 4675 2468 4742 boran:
2485 4681 2570 4762 'ergo
2599 4679 2626 4744 si

1665 4783 1772 4848 omnia
1793 4789 1868 4848 sunt
1894 4782 1980 4848 raldo
2004 4783 2099 4862 beria,
2123 4783 2202 4848 nibil
2225 4789 2274 4850 est
2294 4801 2420 4848 vanum.

1756 4889 1786 4954 3.
1811 4889 1988 4966 Praeterea,
2014 4907 2129 4954 vanum
2155 4897 2202 4954 est
2231 4895 2264 4956 et
2285 4887 2418 4968 frustra,
2447 4891 2624 4976 quodrwnon

1665 5001 1712 5060 est
1727 4979 1906 5058 or'dinatnm
1921 4993 1955 5056 in
1972 4993 2085 5070 finem,
2109 4993 2209 5074 sicut,
2225 4993 2249 5060 si
2267 4991 2381 5080 aliquis
2396 5011 2427 5062 εθ
2450 4995 2626 5076 balnearet,
2643 4999 2653 5016 ”

1665 5105 1702 5164 οῖ
1724 5097 1771 5164 sol
1785 5095 1947 5176 deiiceret,
1971 5097 2004 5164 in
2027 5115 2145 5164 renum
2163 5107 2360 5184 operaretur,
2385 5101 2459 5186 quia
2480 5101 2540 5168 hoe
2564 5121 2627 5171 non

1665 5211 1713 5272 est
1733 5203 1906 5272 ordinabile
1923 5205 1962 5272 'in
1981 5203 2076 5286 illud;
2101 5207 2154 5272 sed
2177 5215 2285 5272 omnes
2308 5215 2471 5274 creaturae
2495 5209 2627 5276 tendunt

1664 5311 1702 5378 ad
1727 5329 1886 5380 summum
1906 5311 2024 5378 bonum
2046 5329 2103 5380 suo
2127 5313 2232 5392 modo,
2249 5317 2285 5380 ut
2307 5311 2382 5380 dicit
2405 5315 2626 5398 Dionysiusffl,

1670 5665 1736 5718 Vide
1755 5661 1834 5716 etium
1859 5663 1942 5716 Serm.
1962 5665 2023 5716 368.
2042 5663 2118 5740 (elim¹
2134 5663 2174 5716 37.
2201 5665 2268 5716 inter
2286 5663 2320 5716 60
2345 5663 2450 5728 Hamil.)
2470 5677 2492 5714 θ.
2514 5661 2536 5714 l.
2555 5677 2582 5716 n.
2600 5663 2627 5716 l.

1669 5759 1694 5806 θῖ
1713 5753 1772 5806 XV.
1790 5753 1824 5806 de
1843 5751 1900 5804 Cir.
1916 5751 1978 5814 Del,
1997 5765 2022 5804 c.
2040 5743 2083 5806 36.

1739 5839 1887 5906 8Aristot,
1907 5839 1938 5892 V.
1960 5839 2129 5894 Eminet:
2150 5841 2272 5908 Sequitur
2295 5845 2384 5890 utilem
2407 5839 2577 5908 pilorumque,
2597 5847 2627 5894 ut

1669 5933 1689 5984 si
1711 5943 1792 6000 unum
1811 5919 2023 5996 [oppositorum]
2042 5929 2130 5980 multis
2149 5929 2234 5980 modis
2253 5925 2362 5990 dieitur,
2383 5929 2493 5980 alterum
2519 5943 2626 5998 qrroque

1670 6019 1784 6082 dicutur,
1802 6023 1832 6070 ut
1850 6015 1869 6070 si
1889 6015 1944 6082 ius,
1964 6017 2041 6070 etium
2060 6017 2163 6070 iniuria.
2181 6017 2232 6070 Cir.
2251 6017 2270 6068 l.
2289 6013 2382 6082 Topie.
2400 6031 2421 6070 e.
2444 6019 2484 6070 63.
2503 6047 2538 6058 -
2550 6019 2628 6074 Veci-

1670 6107 1721 6160 bus
1738 6109 1762 6160 et
1781 6105 1917 6176 reliquunt
1935 6109 1956 6160 il
1976 6107 2097 6172 raraetigit
2115 6103 2200 6160 toties.
2576 6093 2577 6096 ’

1739 6193 1845 6250 9ῖῖθθε.
1863 6197 1890 6248 7.
2165 6193 2166 6196 ’
2220 6211 2221 6214 ’
2312 6265 2313 6268 ¹

1740 6279 1834 6338 ¹⁰¹Clr.
1853 6283 1971 6346 Aristot,
1990 6285 2007 6334 l.
2027 6285 2123 6336 Foster.
2143 6299 2165 6336 e.
2184 6285 2258 6338 6.-
2271 6281 2388 6338 Subinde
2406 6299 2455 6350 pro
2474 6283 2628 6340 bonitutcet

1669 6373 1780 6428 'ceritutc
1796 6387 1858 6426 eum
1877 6371 1985 6426 BCDF
2005 6369 2187 6424 substituimus
2207 6371 2349 6428 beatitatem
2366 6377 2394 6428 et
2409 6373 2571 6428 verterem,

1673 6503 1674 6506 ,
1739 6457 1770 6490 ¹¹·
1783 6463 1857 6514 Vero.
1870 6463 1913 6514 3-1.
1925 6463 1996 6512 llane
2015 6451 2189 6512 obtectionem
2203 6457 2316 6514 insinuat
2328 6451 2537 6526 etiam'llieron.,
2549 6449 2625 6514 Com·

1670 6557 1749 6604 ment.
1772 6551 1797 6602 in
1817 6551 1899 6604 Enete.
1919 6541 1947 6614 l,
1967 6553 1992 6602 6.
2049 6569 2051 6574 ’
2125 6619 2126 6622 ¹

1740 6635 1761 6672 ¹2
1781 6637 1852 6694 libr.
1869 6641 1904 6692 de
1920 6639 1980 6692 Diu.
1997 6639 2073 6690 Nom.
2093 6653 2114 6692 c.
2136 6639 2160 6692 i.
2177 6639 2194 6706 *3
2215 6639 2238 6692 i.
2259 6639 2300 6690 ld.
2313 6645 2339 6692 θῖ
2351 6641 2379 6692 3-1
2394 6657 2400 6706 ;
2417 6641 2522 6702 Boetia,
2540 6639 2580 6692 lll.
2591 6639 2627 6692 de

1669 6725 1772 6780 Consul.
1789 6741 1866 6800 prosa
1886 6731 1911 6782 2.
1928 6735 1955 6782 θῖ
1970 6729 2050 6794 'prosa
2072 6729 2118 6790 tn
2138 6717 2256 6794 Ariston,
2277 6731 2292 6780 t.
2312 6721 2429 6778 Biblon
2443 6727 2473 6790 l,
2486 6725 2622 6792 quiedam

1669 6809 1800 6870 maiorem
1817 6829 1878 6868 eum
1898 6817 1974 6870 allato
1991 6819 2110 6882 exctltplo
2129 6819 2253 6882 proponit
2272 6815 2517 6880 iconismatum
2532 6817 2564 6884 (θ.
2579 6815 2613 6882 a.)

1669 6905 1723 6958 scil.
1740 6905 1905 6958 belmontem
1924 6919 1956 6958 oo
1976 6907 2040 6970 line,
2059 6913 2088 6958 ut
2106 6907 2145 6958 sol
2164 6905 2328 6960 obscuretur.
