5908 8266
417 1207 521 1252 Tertium.

410 1631 522 1688 Quartam.

540 587 606 654 tec
1235 581 1427 656 certatur.
1452 585 1490 652 tu
1514 583 1679 652 vcauueu
1694 585 1734 690 θ.
1759 587 1834 654 xvv.

540 759 768 830 damnatorum.
785 759 945 828 Calcaria
957 761 1041 826 enim
1056 757 1266 850 dicitur'testa
1281 761 1391 844 capitis
1407 743 1499 828 car'ne

540 869 675 948 audata;
698 865 860 934 Hebraicc
887 863 1069 952 Golpotba,
1095 865 1125 932 id
1150 871 1196 932 est
1225 891 1240 926 <t
1256 867 1345 932 locas
1366 866 1499 932 decolla-

542 975 634 1042 tionis
650 977 660 1016 1
675 1001 706 1040 a.

629 1079 681 1148 30.
707 1079 807 1164 (Veis
837 1077 911 1162 lb).
941 1077 1003 1144 Ubi
1025 1097 1101 1144 eant
1123 1077 1374 1162 crucifixerant.
1408 1079 1498 1146 Note-

540 1193 594 1254 tur
617 1185 670 1252 hic
691 1185 794 1252 vilitas
816 1183 971 1268 passionis
992 1201 1011 1250 a
1033 1203 1150 1270 pcnerc
1178 1185 1314 1262 mortis,
1348 1185 1422 1270 quia
1453 1185 1498 1252 vi·

540 1293 699 1386 tissimum
718 1307 817 1378 genus
848 1289 958 1358 martis
988 1295 1077 1370 erat;
1109 1291 1284 1376 Sapientiae
1313 1291 1497 1358 secundet:

545 1401 674 1466 «htorte
696 1397 879 1482 turpissima
903 1387 1149 1464 condemnemus
1171 1415 1245 1466 eum
1262 1425 1293 1464 s.

628 1509 672 1590 iit
692 1523 770 1572 cant
792 1523 827 1570 eo
851 1503 935 1570 aiios
959 1503 1086 1582 dacii,
1103 1487 1498 1584 circurneundurn

542 1621 652 1680 antean
676 1613 794 1678 iesum.
826 1609 959 1676 Notatur
989 1609 1041 1676 hic
1064 1607 1168 1676 vilitas
1191 1611 1401 1690 asccietate,
1424 1611 1497 1696 quia

539 1721 591 1788 isti
614 1721 677 1786 duo
700 1723 790 1786 erant
812 1717 972 1796 latrones3
995 1715 1080 1784 unde
1103 1717 1198 1784 hiarci
1222 1715 1344 1784 decimo
1366 1717 1496 1802 quinto:

544 1819 773 1910 «Cruciiigunt
801 1841 875 1890 cum
907 1841 943 1888 eo
967 1821 1046 1888 duos
1070 1823 1208 1890 latrones
1223 1849 1253 1886 v.
1279 1823 1366 1888 Tunc
1390 1821 1498 1908 imple-

539 1939 607 2000 tum
638 1937 684 1998 est
715 1929 798 2016 quod
830 1927 945 2018 dicitur
978 1927 1074 1994 isaiae
1097 1929 1359 2014 quinquagesimo
1383 1931 1523 1996 tertia:

544 2063 560 2096 n
576 2039 612 2104 Et
629 2045 708 2104 'aum
730 2033 848 2120 iniquis
868 2033 1039 2120 deputatus
1061 2041 1109 2102 θεῖ
1123 2061 1155 2102 v.
1176 2033 1246 2102 Ideo
1262 2043 1368 2104 autem
1385 2035 1416 2102 in
1432 2033 1497 2102 lnc-

538 2145 673 2222 dietate,
697 2149 733 2210 ut
757 2141 969 2228 significetur,
992 2141 1142 2228 quoniam
1165 2143 1350 2224 tuentum,-
1365 2145 1451 2214 unde
1465 2145 1496 2212 in

447 2303 448 2306 ,
537 2251 753 2320 nativitatem
777 2249 882 2316 medio
910 2249 1132 2328 animalium,
1163 2249 1306 2318 Habacuc
1338 2251 1495 2332 ultim043

371 2693 478 2744 Secunda.
493 2693 522 2738 tie

380 2745 480 2802 patientis
488 2747 521 2788 di·

380 2801 461 2852 gnitate
470 2811 523 2856 qua·

381 2855 435 2894 tuor.

416 3327 519 3370 Primum.

391 3751 476 3806 Triplex
492 3751 519 3794 ti-

422 3807 485 3850 tulus.

538 2359 624 2428 etin
650 2357 790 2444 passione
813 2357 845 2423 in
868 2357 974 2424 medio
998 2357 1186 2438 latronum,
1211 2357 1285 2444 quia
1316 2377 1380 2444 pax
1404 2377 1496 2438 vera,

538 2467 578 2534 ad
601 2465 748 2550 Ephesios
771 2465 917 2532 secundo.

628 2573 678 2640 3l.
706 2571 847 2654 Scripsit
869 2579 978 2636 antem
1002 2579 1032 2642 ct
1055 2569 1197 2636 titulatio.
1221 2571 1275 2636 llic
1296 2575 1425 2638 natatur
1450 2589 1496 2638 se-

537 2679 675 2746 cundum
693 2663 878 2762 principale,
896 2675 1012 2742 scilicet
1031 2675 1189 2758 patientis
1205 2665 1368 2760 ciipnitaS,
1401 2683 1431 2744 θῖ
1448 2675 1495 2740 in—

537 2783 647 2850 nuitur
669 2783 701 2846 in
725 2781 831 2858 titula,
854 2779 929 2864 quia
953 2779 1065 2844 titulus
1088 2783 1155 2844 erat
1170 2777 1267 2864 regis
1291 2785 1323 2846 et
1345 2779 1398 2846 hic
1420 2781 1496 2846 titu-

537 2891 588 2956 lus
609 2889 669 2954 hoc
692 2885 801 2954 ordine
832 2885 1038 2952 describitur:
1065 2885 1181 2970 primo,
1206 2885 1275 2952 eius
1298 2885 1470 2972 inscriptio
1482 2909 1496 2964 ;

538 2994 688 3074 secundo,
712 2991 831 3076 scripti
852 2989 1055 3076 publicana·
1087 2991 1195 3072 tertio,
1226 2993 1445 3058 contradictio
1460 2991 1495 3070 ⁶,-

537 3107 664 3188 quart0‚
689 3095 796 3186 ipsias
821 3097 1027 3184 approbatio.

627 3205 726 3292 (Vera
764 3203 845 3284 lb).
874 3203 1050 3288 inscriptio
1085 3203 1183 3288 igitur
1218 3203 1308 3270 titali
1340 3203 1494 3288 tangitur,

537 3329 609 3380 cum
635 3311 727 3378 dicit:
766 3311 906 3394 Scripsit
936 3317 1046 3376 natent
1072 3317 1098 3374 θῖ
1135 3309 1268 3376 titulata
1298 3309 1431 3376 Pilatus
1466 3317 1497 3376 ci

533 3419 648 3504 poenit
667 3437 768 3502 snper
798 3435 950 3494 crucan·
972 3415 1068 3482 Isaiae
1097 3415 1218 3482 decimo
1242 3415 1368 3482 nonai:
1397 3413 1496 3480 «Erit

536 3525 636 3592 altare
668 3523 790 3590 Domini
827 3521 857 3590 in
892 3521 995 3590 medio
1019 3527 1123 3588 terrae
1146 3521 1299 3608 aegypti,
1319 3527 1348 3588 et
1384 3521 1496 3588 titulus

535 3631 658 3698 Domini
695 3631 785 3698 iuxta
809 3629 977 3696 terminum
1004 3629 1119 3696 eius».
1145 3667 1191 3676 -
1214 3629 1251 3694 dt
1283 3635 1376 3706 ncta,
1410 3627 1496 3712 quod

536 3737 661 3822 quidam
695 3743 741 3804 est
772 3735 883 3802 titulus
905 3735 1128 3812 trternorittiis,
1160 3729 1250 3800 sicut
1272 3739 1494 3812 mortuorum;

536 3843 662 3928 qnidam
675 3841 917 3928 praeconialia
937 3847 970 3906 ut
986 3841 1024 3908 de
1040 3841 1146 3920 doma;
1163 3839 1290 3926 quidam
1308 3835 1495 3922 triompha-

537 3947 597 4026 tan
621 3955 651 4016 et
674 3949 732 4016 iste
749 3947 990 4032 triumphant,
1013 3947 1097 4014 unde
1121 3953 1167 4014 est
1184 3947 1214 4012 in
1239 3937 1362 4012 laudem
1379 3943 1494 4010 Christi

536 4061 568 4120 θῖ
592 4055 783 4138 vituperium
815 4053 1017 4132 ludaeorum,
1041 4051 1134 4138 quia,
1158 4051 1216 4118 etsi
1240 4059 1389 4136 tanquam
1413 4049 1494 4118 latro

534 4431 602 4492 riae,
622 4429 682 4496 quia
702 4427 738 4498 ibi
757 4427 956 4481 continebantur
974 4427 1320 4496 calvariae-damnatorum,
1337 4419 1439 4504 quiibi
1451 4427 1495 4480 de-

536 4519 697 4572 collabantur
714 4525 740 4570 et
758 4503 1000 4582 ¹suspendebantur¹
1019 4545 1055 4558 -
1073 4517 1178 4582 isidam,
1198 4517 1241 4568 iil.
1259 4519 1404 4582 Etymolog.
1425 4533 1446 4570 e.
1467 4519 1494 4572 i.

535 4623 561 4658 n.
581 4607 631 4658 at:
651 4605 795 4670 Calaurtb,
815 4603 847 4658 ab
868 4603 971 4658 ossibus
992 4605 1071 4658 calvis
1089 4605 1173 4668 dicta,
1198 4619 1245 4670 per
1263 4603 1450 4668 detectionem,
1469 4609 1496 4656 θῖ

535 4697 686 4748 neutraliter
704 4695 897 4760 pronuntiatur.
916 4693 994 4748 Card.
1018 4695 1109 4760 Hug0,
1129 4693 1155 4744 in
1181 4695 1249 4746 ioan.
1269 4693 1315 4760 ta,
1336 4693 1383 4744 li:
1403 4691 1496 4746 Calva-

534 4785 579 4838 riu
596 4791 685 4838 autent
710 4781 855 4846 dicebatur,
874 4783 935 4850 quia
961 4781 996 4834 ibi
1022 4781 1227 4836 decalvabantur
1252 4781 1336 4846 capita
1364 4783 1496 4834 damnato·

450 4909 453 4918 .
533 4889 603 4926 ruuv.
623 4861 739 4928 Calvaria
758 4873 828 4922 euim
847 4871 882 4924 ad
899 4871 1010 4946 litteram
1035 4871 1131 4924 dicitur
1148 4885 1179 4922 os
1203 4869 1328 4934 capitisa
1352 4883 1431 4922 carne
1448 4883 1494 4922 nu·

534 4963 626 5016 datum
644 4967 693 5014 etc.
1051 5005 1053 5008 .
1151 5009 1153 5014 ,

606 5047 615 5078 ¹
635 5051 666 5102 ta
685 5055 757 5102 notat
773 5051 867 5102 Glossa
884 5045 1076 5102 interlinearis.
1094 5075 1130 5086 -
1148 5047 1320 5112 Hierou.,‚de
1338 5045 1494 5100 Nominibus

533 5139 653 5192 ilehraic.
674 5141 706 5190 de
732 5139 832 5190 thatin:
853 5135 1002 5204 Gaipathn,
1026 5135 1149 5186 calvaria.
1177 5137 1270 5198 Syrum
1298 5139 1350 5202 est,
1375 5147 1428 5186 neu
1445 5135 1494 5186 lle·

533 5225 642 5280 braeum
662 5227 770 5296 [dicitur
789 5213 831 5276 hic
850 5223 978 5278 Hebraico
996 5225 1136 5288 botgalia,
1154 5229 1261 5288 prepter
1280 5225 1431 5276 affinitatem
1447 5223 1493 5276 iia·

533 5329 602 5380 gnae
622 5315 742 5380 Syriacae
759 5327 821 5366 cum
839 5311 981 5378 Hebraico,
1001 5317 1028 5364 at
1040 5305 1113 5366 notat
1125 5311 1230 5364 Donelli.
1243 5311 1353 5378 Calmet,
1367 5311 1391 5362 in
1405 5313 1491 5372 ltlatth.

533 5405 580 5466 at,
602 5405 644 5456 33.
663 5405 711 5456 ait:
732 5401 882 5468 ESyriacis
899 5401 1067 5468 nominihus,
1092 5415 1161 5468 quae
1183 5401 1206 5450 in
1234 5401 1375 5464 Evangelio
1400 5415 1492 5464 super-

533 5499 606 5558 sunt,
625 5495 804 5558 intelligimus,
823 5483 1141 5558 Syriacnm'sermanem,
1161 5491 1187 5542 in
1207 5491 1302 5544 iudaea
1320 5493 1377 5542 lesa
1397 5489 1492 5544 Christi

533 5587 616 5634 aetate
632 5583 783 5646 vulgarem,
804 5593 856 5630 uon
876 5579 954 5630 luisse
974 5577 1153 5646 germanum}

601 5665 706 5720 iras.
726 5669 768 5720 id.

602 5753 614 5786 ³
632 5759 720 5810 Plures
733 5755 810 5810 codd.
822 5755 924 5806 addunt
936 5753 1070 5820 leoninas,
1088 5755 1222 5806 Gauranos
1235 5753 1328 5822 supple
1338 5771 1348 5810 .·
1361 5751 1492 5808 itomines.

532 5875 566 5884 -
585 5847 702 5900 Subinde
722 5847 867 5910 allegentur
884 5845 960 5896 Nare.
983 5843 1030 5904 ῖ5,
1049 5843 1092 5896 Di.
1112 5849 1136 5898 et
1156 5845 1212 5898 lsai.
1232 5845 1279 5910 53,
1301 5845 1343 5896 li.

602 5933 615 5966 ⁴
634 5939 705 5990 Vers.
725 5937 756 6000 D,
776 5933 820 5986 uhi
843 5933 990 5984 secondum
1013 5933 1180 5998 septuaginta
1203 5933 1372 5998 interpretes:
1391 5935 1418 5984 lu
1438 5945 1491 5982 me·

530 6025 574 6078 dic
600 6027 712 6078 duorum
740 6023 890 6076 enirn-alium
915 6023 1090 6086 cognosceris
1113 6023 1167 6074 Cir.
1190 6027 1254 6074 tona.
1280 6023 1309 6074 V.
1334 6035 1396 6086 pag.
1422 6019 1488 6080 333,

505 6111 506 6116 ’
530 6119 591 6166 nota
614 6117 688 6166 1.-
707 6113 828 6180 Seqttitur
848 6113 912 6176 Epir.
932 6113 963 6172 i,
985 6109 1032 6162 tt:
1050 6113 1108 6174 ipse
1127 6103 1196 6162 enim
1214 6117 1253 6164 est
1265 6125 1314 6176 pax
1327 6113 1429 6170 nostra,
1441 6107 1488 6174 qui

531 6201 591 6254 iecit
615 6207 726 6268 vstraque
749 6213 830 6252 onum
857 6203 906 6254 etc.
923 6223 960 6236 -
978 6197 1107 6262 Superius
1129 6211 1179 6260 pro
1203 6197 1332 6266 quoniam
1358 6195 1489 6248 mediator

530 6291 573 6342 ed.
591 6303 652 6340 cum
677 6291 808 6354 Gerrano,
826 6287 873 6354 qui
897 6287 986 6338 adhuc
1002 6287 1077 6350 phua
1098 6285 1246 6350 subiungit,
1265 6283 1339 6354 quod
1356 6281 1488 6338 ntediator

529 6363 566 6432 sit
581 6377 631 6432 Dei
647 6381 672 6432 et
690 6373 830 6430 lcorttinuot
850 6375 881 6444 [t.
900 6373 969 6426 Tim.
989 6375 1020 6438 D,
1040 6371 1094 6440 5.],
1112 6389 1181 6440 quae
1197 6375 1278 6428 aiam
1297 6373 1404 6427 interius
1428 6377 1488 6437 post

530 6467 669 6520 latronam
684 6479 748 6518 cnm
765 6467 882 6518 Gonane
901 6461 975 6516 addit
992 6465 1016 6516 ct
1035 6459 1061 6514 iu
1079 6461 1278 6518 tren-rectane
1296 6461 1323 6516 in
1341 6461 1428 6516 inedie
1447 6459 1501 6542 ‘iis

528 6553 705 6622 scipedaram.

599 6639 675 6694 ὁΕθῖ.
694 6655 754 6694 eum
775 6643 891 6692 Gorrano
911 6639 1074 6694 indecorant
1094 6635 1278 6696 contradictio

599 6725 702 6782 ⁶Vers.
728 6731 767 6782 ta.

532 6847 536 6856 ·
600 6813 610 6846 ²
629 6821 694 6870 Patr.
713 6819 858 6880 Comestor,
875 6817 972 6870 Hister.
989 6815 1158 6880 scholastica,
1176 6815 1202 6868 in
1218 6815 1371 6882 Evangelia,
1384 6829 1409 6868 c.
1423 6811 1483 6866 lii.

525 6899 633 6956 additio
656 6909 683 6956 l:
704 6907 769 6958 Tres
788 6911 848 6956 sunt
866 6905 944 6970 tituliz
963 6903 1151 6972 triumphalis,
1174 6905 1302 6958 victorum
1330 6909 1403 6972 gesta
1426 6917 1485 6956 con·

1562 761 1730 830 damnatus
1752 769 1852 842 esset,
1875 781 1938 832 non
1963 771 2066 832 nmen
2089 771 2157 832 erat
2187 765 2285 842 latre,
2308 765 2363 832 sed
2387 785 2464 848 rex3
2489 777 2520 836 et

1562 869 1623 936 hoc
1647 869 1769 938 dicebat
1797 869 1926 938 titulus:
1961 873 2043 938 Erat
2075 879 2196 944 antem,
2213 871 2396 956 scriptam:
2425 875 2520 946 ieras
2576 959 2578 964 ι

1562 967 1780 1054 Nazarenna
1796 995 1857 1042 rea
1873 977 2087 1044 Indaeorum.
2111 977 2200 1045 Hunc
2215 977 2342 1046 titulum
2365 979 2519 1064 approbat

1562 1079 1741 1168 Scriptura;
1768 1081 1850 1148 unde
1872 1081 1905 1148 in
1928 1083 2047 1150 Psalmo
2072 1083 2252 1150 secundet:
2281 1105 2296 1142 c
2313 1083 2375 1168 Ego
2405 1085 2519 1152 consti-

1562 1193 1652 1256 tutus
1673 1207 1743 1256 sum
1769 1207 1828 1256 rex
1850 1189 1892 1256 ab
1913 1207 1952 1256 eo
1974 1205 2070 1274 super
2093 1189 2179 1268 Sion,
2204 1193 2340 1256 mentem
2355 1197 2518 1276 ...sanctum

1562 1289 1630 1362 eius
1646 1321 1662 1352 i
1690 1301 1747 1362 etc.
1779 1295 1811 1360 in
1842 1295 1902 1362 hoc
1924 1295 2017 1360 titula
2038 1295 2188 1374 describit
2217 1295 2322 1382 ipsum
2353 1295 2469 1362 Pilatus
2501 1317 2520 1362 a

1561 1399 1708 1478 nomiae,
1731 1415 1805 1466 cum
1828 1397 1902 1466 dicit
1934 1401 2044 1478 ictam
2069 1403 2168 1468 Lucae
2200 1401 2321 1486 primo:
2349 1427 2366 1460 «
2388 1401 2519 1468 vocabis
2627 1485 2628 1490 Ἰ

1562 1523 1672 1572 nomeu
1699 1505 1767 1572 eius
1789 1505 1891 1572 lesum
1907 1529 1938 1584 »;
1962 1523 1980 1570 a
2000 1505 2135 1592 patria,
2163 1505 2388 1586 Nazarenns;
2417 1505 2519 1574 Lucae

1562 1609 1716 1678 secunao:
1742 1609 1938 1676 «Descendit
1961 1627 2033 1676 cum
2057 1613 2101 1678 eis
2123 1619 2153 1678 et
2175 1613 2262 1682 venit
2282 1611 2437 1680 Nazareth
2453 1633 2519 1692 »3a

1562 1715 1721 1802 clipnitate
1743 1717 1856 1802 repia,
1889 1735 1961 1784 cum
1983 1715 2059 1784 dicit
2088 1737 2167 1796 rec:
2192 1717 2338 1785 ieremiae
2369 1717 2518 1804 vigesimo

1561 1823 1670 1888 tertio:
1702 1823 1894 1890 «Suscitabo
1915 1823 2016 1890 David
2036 1841 2163 1910 germen
2189 1823 2324 1904 iustum,
2347 1829 2381 1892 et
2405 1843 2517 1910 regna-

1560 1929 1605 1996 bit
1637 1947 1697 1996 rex
1712 1955 1742 1994 v.
1769 1967 1809 1976 -
1835 1931 2013 1996 Secundum
2039 1929 2228 2024 Matthaeum
2261 1929 2373 1996 titulus
2401 1931 2518 1998 dicitur
2539 1941 2668 1986 Nouatum·

1561 2055 1687 2114 cansa·
1710 2035 1854 2102 Matthaei
1879 2033 2028 2120 vigesimo
2051 2033 2182 2128 septimo
2199 2033 2228 2102 ⁹:
2260 2059 2275 2094 t
2298 2037 2518 2120 imposuerunt

1561 2163 1656 2228 super
1678 2149 1773 2228 caput
1795 2143 1863 2210 eius
1888 2159 2015 2210 causam
2036 2141 2136 2228 ipsius
2159 2141 2308 2228 scriptam
2328 2165 2364 2222 »;
2388 2143 2462 2228 quia
2486 2143 2517 2209 in
2548 2143 2549 2146 ’

1561 2251 1652 2318 titulo
1674 2249 1726 2317 illo
1751 2249 1910 2330 innuitur,
1928 2267 2026 2336 quare
2051 2257 2197 2318 mortuus
2211 2247 2322 2328 luerit,
2345 2249 2463 2316 scilicet
2479 2249 2517 2316 ad

1559 2357 1779 2438 calcandam,
1804 2357 1879 2444 quia
1902 2357 2013 2436 ierac,
2036 2363 2068 2424 et
2090 2355 2130 2422 ad
2151 2353 2343 2442 faciendum
2368 2373 2429 2420 nos·
2453 2357 2517 2420 Deo

1559 2471 1670 2528 nostre
1688 2483 1845 2546 capanna
1868 2463 2066 2546 Apocalypsis
2081 2463 2205 2552 quinto:
2228 2459 2377 2548 «Dignus
2391 2477 2440 2540 eS,
2456 2459 2516 2524 Do-

1560 2567 1642 2634 mine
1664 2567 1767 2648 DeuS,
1790 2567 1932 2652 accipere
1956 2567 2089 2648 librum;
2116 2569 2190 2654 quia
2212 2567 2334 2636 occisus
2357 2585 2391 2634 θε
2414 2573 2445 2634 θῖ
2466 2585 2517 2634 re-

1559 2673 1681 2740 demisti
1707 2691 1768 2738 nos
1785 2673 1849 2738 Deo
1873 2673 1904 2738 in
1928 2673 2079 2756 sanguine
2112 2681 2165 2740 tuo
2189 2681 2219 2740 et
2250 2673 2349 2738 iecisti
2374 2691 2431 2740 nos
2452 2675 2517 2740 Deo

1559 2783 1666 2842 nostro
1691 2795 1824 2862 regnum
1839 2803 1870 2842 ».
2166 2867 2167 2870 Ἴ
2309 2845 2310 2848 ,
2533 2849 2534 2852 ,

1648 2883 1701 2950 32.
1725 2883 1827 2966 (Vers.
1844 2883 1920 2966 SD).
1939 2883 2035 2950 Hunc
2060 2903 2136 2970 erpo
2152 2883 2295 2954 titulant.
2319 2883 2373 2950 ilic
2388 2885 2516 2968 ponitur
2535 2895 2664 2940 Secundum·

1559 2987 1647 3054 titali
1661 2987 1842 3074 publicatio
1848 3011 1860 3066 ;
1885 2989 1967 3054 ande
1983 2989 2072 3056 dicit:
2096 2989 2192 3056 Maiti
2205 2989 2353 3076 leperant
2378 2989 2515 3056 iudaeo-

1558 3113 1652 3172 rnnt,
1676 3095 1758 3182 qaia
1783 3087 1888 3178 prope
1922 3095 2085 3162 ciuitatem
2117 3105 2190 3164 erat
2212 3095 2318 3174 locas,
2350 3095 2409 3162 abi
2438 3113 2514 3162 cru-

1558 3197 1678 3284 ciiinas
1700 3207 1747 3266 cst
1776 3201 1888 3276 Iesum
1911 3199 1980 3266 ideo
2012 3201 2103 3267 multi
2127 3201 2286 3286 legebant,
2319 3201 2392 3284 quia
2424 3203 2514 3268 mvvlti

1559 3305 1801 3386 concurrebant,
1825 3325 1883 3374 nec
1904 3309 2007 3374 solum
2039 3307 2160 3388 ludaei,
2186 3309 2239 3374 sed
2270 3315 2302 3374 et
2324 3307 2393 3388 alii;
2420 3309 2513 3374 isaiae

1559 3413 1718 3500 trigesimo
1754 3419 1868 3500 quarto
1882 3415 1926 3482 1⁰:
1955 3439 1970 3474 t<
1998 3415 2157 3500 Requirite
2191 3415 2356 3500 diligenter
2378 3415 2410 3482 in
2434 3415 2514 3482 libro
2604 3487 2606 3490 ,

1559 3537 1743 3586 sermonum
1772 3519 1895 3584 Domini
1928 3527 1958 3586 θῖ
1990 3520 2095 3606 legite3
2118 3539 2175 3588 nec
2206 3539 2305 3586 unum
2328 3537 2370 3586 ex
2393 3521 2439 3586 eis
2461 3521 2513 3586 de-

1559 3623 1616 3692 luit
1631 3653 1659 3690 i.
1688 3627 1726 3690 Εῖ
1748 3631 1820 3692 erat
1842 3625 2005 3710 scripturn
2029 3625 2204 3706 Hebraico,
2238 3625 2362 3694 Graece
2387 3633 2418 3692 ct
2446 3627 2510 3692 La-

1559 3731 1638 3808 tine,
1661 3735 1699 3796 ut
1712 3749 1821 3798 omues
1841 3737 1966 3816 possent
1985 3733 2086 3818 legere
2111 3727 2252 3812 titulum,
2269 3731 2344 3818 quia
2367 3731 2513 3798 omnibus

1558 3855 1617 3902 rex
1639 3845 1706 3902 erat
1742 3835 1884 3918 staturus,
1916 3839 1998 3904 sicut
2018 3839 2134 3906 dicitur
2166 3837 2363 3924 Apocalypsis
2392 3839 2513 3904 deciam

1557 3937 1638 4010 nono
1652 3947 1688 4022 ¹1,
1712 3943 1797 4028 quod
1820 3943 1885 4028 ipse
1915 3971 1932 4004 a
1946 3951 1994 4012 θεῖ
2015 3947 2081 4012 Rex
2107 3965 2217 4032 regum
2234 3953 2262 4012 θῖ
2285 3945 2436 4012 Dominus
2459 3945 2512 4012 do-

1557 4049 1742 4116 minantium
1759 4073 1793 4130 »3
1817 4049 1886 4118 ideo
1910 4051 2012 4118 tribus
2028 4053 2157 4136 linguis,
2182 4053 2254 4136 quia
2279 4051 2511 4118 Deuteronomii

1557 4427 1653 4490 tineus3
1670 4425 1867 4494 praeconialis,
1885 4427 1970 4492 quiin
1983 4427 2064 4492 portis
2076 4433 2103 4480 et
2115 4427 2238 4480 domibus
2250 4427 2414 4478 scribebatur
2426 4427 2511 4496 [card.

1558 4517 1648 4580 lingo,
1669 4515 1695 4566 iu
1713 4517 1782 4568 ioan.
1803 4517 1848 4578 ta,
1870 4517 1911 4568 ta.
1931 4517 2002 4568 affert
2027 4519 2110 4568 haine:
2129 4517 2161 4568 Ut
2184 4529 2242 4568 rosa
2268 4517 2316 4568 iios
2343 4519 2453 4580 florum,
2476 4517 2512 4570 sic

1558 4609 1596 4654 est
1617 4603 1712 4656 demus
1739 4603 1785 4654 istu
1811 4601 1979 4672 domorum];
1998 4603 2178 4670 memorialis,
2199 4607 2247 4670 qni
2273 4619 2353 4668 supra
2378 4605 2511 4670 sepulcra,

1557 4691 1584 4744 id
1604 4696 1641 4744 est
1660 4693 1830 4758 epitaphium.
1849 4721 1884 4730 -
1904 4693 1949 4746 Ed.
1969 4705 2029 4746 evam
2054 4695 2171 4746 Gonane
2195 4693 2292 4746 omittit
2309 4691 2420 4760 pavidam
2434 4707 2513 4762 prae·

1558 4779 1685 4848 calciatis,
1703 4785 1742 4836 at.
1753 4781 1784 4836 de
1803 4781 1890 4834 donae.
2402 4777 2403 4782 ’

1628 4865 1731 4924 ⁸Vers.
1751 4871 1775 4922 6.
1796 4899 1830 4910 -
1850 4873 1914 4922 Tres
1940 4885 2014 4938 seqq.
2042 4871 2090 4922 loci
2117 4877 2178 4924 sunt
2204 4875 2266 4924 Luc.
2294 4871 2316 4934 l,
2342 4871 2389 4936 3t;
2414 4875 2442 4936 i,
2470 4871 2510 4946 il.

1558 4957 1644 5026 (codd.
1667 4963 1692 5012 et
1709 4961 1842 5012 Garranos
1861 4961 1974 5024 allegant
1999 4973 2049 5024 pro
2072 4961 2114 5012 his
2136 4957 2227 5012 verbis
2245 4959 2340 5014 Matth.
2359 4957 2394 5026 2,
2411 4959 2460 5013 vibi
2479 4967 2512 5012 ta-

1557 5061 1618 5100 men
1635 5063 1664 5100 v.
1683 5049 1726 5100 23.
1745 5049 1856 5102 dicitur:
1875 5051 1905 5102 Et
1923 5049 2032 5100 veniens
2056 5047 2182 5100 habitavit
2200 5049 2228 5100 in
2246 5047 2362 5114 civitate,
2379 5063 2449 5116 qnae
2468 5063 2512 5102 vo-

1556 5141 1629 5198 cattvr
1648 5137 1800 5190 Nazareth...
1818 5135 1945 5202 Quoniam
1973 5137 2116 5190 Nazaraeus
2139 5135 2289 5204 vocabitur)
2307 5141 2333 5188 et
2352 5139 2400 5190 ier.
2418 5139 2466 5202 23,
2485 5137 2510 5190 5.

1565 5281 1566 5286 .
1626 5219 1637 5252 ⁹
1657 5225 1732 5278 Vers.
1750 5225 1793 5276 37.
1811 5253 1847 5264 -
1865 5225 1983 5276 Subinde
1999 5225 2137 5290 respicitur
2157 5227 2243 5278 hlatth.
2263 5225 2287 5290 l,
2306 5225 2335 5276 ii
2349 5243 2355 5276 :
2371 5243 2384 5272 α
2398 5223 2511 5280 Vocabis

1556 5327 1650 5366 nomeu
1671 5315 1728 5366 eius
1745 5315 1845 5378 lesum,
1863 5315 1921 5378 ipse
1938 5315 2007 5366 euim
2027 5313 2127 5366 salvum
2154 5315 2229 5366 iaciat
2252 5315 2379 5378 populum
2399 5329 2510 5368 sauma

1556 5403 1670 5468 peccatis
1686 5417 1779 5456 earam
1793 5423 1821 5466 ῖς
1842 5407 1867 5456 θῖ
1883 5405 2008 5468 allegatur
2026 5403 2109 5468 apoc.
2122 5403 2154 5468 5,
2168 5403 2192 5456 9.
2210 5417 2265 5468 seq.
2278 5429 2314 5440 -
2327 5403 2432 5456 interius
2451 5405 2511 5456 vari

1555 5483 1731 5560 Apocalypsis
1749 5493 1792 5544 ed.
1808 5505 1869 5544 cvvvu
1889 5493 2005 5544 Gonane
2024 5491 2151 5556 praefigit,
2164 5489 2229 5558 qnia
2245 5505 2305 5544 rec.

1625 5577 1648 5610 ¹⁰
1668 5579 2066 5644 vers.ta.-Cu1usost.,tn
2087 5583 2154 5632 ioan.
2183 5579 2272 5630 homil.
2291 5577 2334 5628 85.
2360 5579 2433 5644 (alias
2456 5579 2510 5646 Si.)

1554 5683 1581 5720 n.
1602 5669 1629 5720 l:
1649 5667 1765 5736 Scripsit
1783 5669 1872 5720 nabin
1892 5665 2000 5720 titulun
2021 5665 2132 5732 Pitana,
2155 5673 2211 5720 tum
2230 5671 2258 5718 ut
2277 5665 2387 5718 iutiaeos
2406 5668 2511 5720 ulcisce-

1553 5761 1632 5820 retur,
1647 5761 1701 5808 tam
1722 5759 1749 5808 ut
1767 5755 1899 5808 Christum
1919 5761 2073 5818 purgaret...
2087 5757 2140 5806 iloe
2160 5761 2247 5806 avvoem
2267 5767 2318 5806 vviati
2338 5769 2389 5806 nna
2409 5755 2510 5824 lingua,

1553 5843 1602 5896 sed
1619 5843 1711 5908 triplici
1730 5843 1880 5894 declaravit.
1900 5843 1965 5908 Qttia
1984 5843 2053 5894 enim
2073 5843 2196 5894 credibile
2207 5847 2276 5910 ¹erat,
2295 5845 2391 5896 multos
2410 5843 2510 5898 ludaeis
2555 5845 2557 5850 “

1553 5933 1707 5984 commixtos
1734 5933 1814 5986 tuisse
1842 5937 1950 5996 propter
1977 5933 2180 5996 solemnitatem,
2199 5939 2229 5986 at
2247 5947 2324 5984 nemo
2343 5933 2399 5986 eius
2419 5937 2511 5998 apale-

1553 6021 1623 6086 giam
1642 6021 1790 6086 inroraret,
1802 6019 1926 6072 omuibus
1943 6019 2040 6084 linguis
2057 6021 2212 6074 ludaeorum
2232 6023 2348 6074 terrorem
2366 6019 2510 6074 denotavit.

1622 6107 1644 6182 ²f
1664 6111 1740 6162 Vers.
1760 6109 1800 6160 tt.
1819 6137 1855 6148 -
1872 6107 1994 6176 Sequitur
2020 6111 2094 6164 Dent.
2115 6111 2160 6176 ta,
2180 6111 2223 6162 ts.
2241 6109 2311 6162 idem
2332 6109 2395 6162 dicit
2418 6109 2508 6162 Glossa

1551 6197 1733 6254 interlinearis
1757 6199 1787 6250 in
1815 6197 1884 6250 toan.
1913 6199 1956 6266 te,
1982 6199 2025 6252 iti.
2046 6227 2085 6240 -··
2108 6199 2227 6266 august,
2254 6197 2283 6248 in
2310 6199 2379 6250 toan.
2408 6199 2508 6262 Evaug.

1551 6293 1583 6340 tr.
1603 6289 1664 6342 tlt.
1683 6305 1708 6340 n.
1730 6287 1761 6340 i:
1782 6289 1836 6342 Hae
1854 6289 1953 6354 quippe
1972 6293 2025 6342 tres
2041 6287 2146 6354 liuguae
2162 6287 2201 6338 ibi
2220 6301 2283 6352 prae
2301 6287 2395 6340 ceteris
2412 6287 2509 6340 emine·

1551 6377 1629 6430 bant:
1644 6371 1766 6438 ¹Hebraea
1786 6385 1893 6444 propter
1911 6379 2021 6432 ludaeos
2038 6377 2064 6428 in
2085 6377 2128 6428 Dei
2149 6379 2218 6440 Lege
2236 6375 2391 6442 glorianteS,
2410 6377 2508 6428 Graeca
2594 6401 2596 6404 ·

1550 6471 1658 6530 propter
1676 6467 1791 6530 gentium
1811 6467 1956 6532 sapientes,
1974 6467 2063 6518 Latina
2082 6469 2190 6530 propter
2213 6461 2346 6518 Romanos
2366 6463 2459 6518 ‘multis
2476 6477 2508 6516 ac

1550 6567 1618 6616 pene
1637 6553 1759 6608 omnibns
1778 6555 1830 6608 iam
1850 6561 1910 6608 tunc
1933 6555 2055 6620 gentibus
2079 6555 2246 6618 imperantes.
2270 6551 2322 6606 th.
2342 6555 2424 6604 serm.
2446 6553 2508 6604 itti.

1550 6641 1683 6708 (eliasib.
1704 6643 1737 6696 de
1755 6641 1880 6710 Diversis)
1892 6651 1923 6694 'a
1943 6643 1968 6694 5.
1987 6659 2012 6694 n.
2033 6643 2058 6696 5.
2081 6657 2154 6710 seqq.
2172 6641 2369 6708 Theophvlact„
2390 6641 2415 6692 ia
2436 6643 2507 6692 ioan.

1553 6727 1597 6792 ts,
1615 6729 1664 6782 aa:
1682 6731 1796 6782 insinuat
1814 6737 1902 6782 autem
1921 6735 1946 6782 et
1965 6729 2103 6782 sublimius
2121 6729 2248 6796 quiddam
2273 6727 2409 6792 inscriptio
2426 6727 2507 6792 tripli·

1549 6813 1623 6866 cibus
1645 6817 1734 6870 litteris
1751 6819 1882 6882 inscripta.
1902 6819 2043 6870 iti-anitestat
2061 6817 2147 6880 enim,
2165 6817 2304 6870 Dominum
2330 6827 2420 6878 regem
2449 6827 2507 6866 esse

1549 6903 1729 6968 philosophiae
1754 6905 1893 6974 practicae
1920 6911 1946 6958 et
1974 6905 2111 6960 naturalis
2139 6911 2164 6958 et
2192 6901 2361 6972 abutentem.
2392 6903 2505 6954 practica
