5908 8266
471 547 535 610 228

469 725 540 806 pter
566 721 786 808 significatum,
803 721 918 790 scilicet
942 729 1071 808 propter
1093 723 1238 790 tatarum
1262 739 1428 790 orrnamen-

374 851 375 854 ¹
471 831 555 906 tum,
587 827 617 892 id
653 833 700 892 est
735 827 921 894 sacrificinm
957 829 1071 894 summi
1106 829 1278 906 Pontificis,
1311 829 1429 894 scilicet

406 931 407 934 ’
470 931 600 1026 Christi,
617 931 790 998 secundnm
815 933 897 1018 qood
920 933 1019 1018 tangit
1040 933 1179 1002 Glossa¹.
1200 935 1237 1000 Et
1253 929 1331 1000 boec
1346 933 1428 1000 euti-

470 1035 572 1132 mutt,
595 1037 627 1102 id
643 1043 703 1116 est,
718 1037 804 1116 lecit,
822 1037 909 1122 quasi
934 1039 1074 1120 timeret,
1090 1037 1208 1106 scilicet
1221 1039 1425 1132 discedendm

1050 587 1052 592 ·
1133 547 1325 616 totamm.
1350 547 1388 616 IN
1409 547 1628 614 steterumt
1650 547 1683 614 C.
1702 549 1779 614 XIX.

1491 729 1521 790 ct
1545 723 1624 790 hene
1645 723 1731 790 dixi:
1748 723 1809 790 aa
1823 725 1920 790 cessit
1937 729 2010 804 etc.;
2027 731 2100 790 erut
2123 723 2295 792 enimenta
2311 725 2442 790 tentatio

1491 829 1578 906 irae,
1603 827 1704 920 idest
1726 829 1896 908 inchoatio,
1921 849 1982 896 non
2006 829 2246 910 consummatio,
2264 829 2442 916 sufficiens,

1490 933 1607 1000 scilicet
1637 935 1676 1000 ad
1706 935 1814 1020 populi
1840 935 2082 1016 correctionem,
2106 935 2223 1002 scilicet
2246 953 2317 1002 anm
2341 935 2443 1000 Ponti-

1491 1039 1557 1106 ficis
1578 1039 1810 1108 intercessione.

1322 1283 1505 1352 Carnuntum
1526 1285 1600 1350 Xlll.

580 1525 614 1582 lle
632 1509 767 1596 punitione
783 1481 968 1600 Aegyptiorum
986 1543 1030 1600 per
1045 1507 1154 1584 'mortam
1172 1527 1310 1600 propriam.

559 1737 677 1824 imptis
699 1747 810 1806 autem
833 1759 935 1828 usque
956 1741 993 1808 tn
1008 1741 1236 1810 nouissimum.
1258 1745 1425 1830 Postquam

361 1869 451 1912 neuneu.
468 1845 687 1912 determinavit
709 1847 748 1914 de
770 1837 933 1930 punitione
955 1849 1176 1936 Aegyptiorum
1209 1867 1266 1934 per
1289 1855 1425 1918 mortem

467 1951 767 2038 primogenitorum,
790 1941 841 2020 hic
864 1951 1051 2022 determinat
1079 1943 1122 2024 de.
1148 1955 1312 2040 punitione
1341 1955 1425 2042 ipso-

469 2075 543 2124 rum
577 2075 634 2144 per
666 2071 804 2126 mortem
834 2061 1028 2146 propriam,
1053 2057 1171 2130 scilicet
1201 2061 1326 2148 quando
1349 2061 1424 2128 suh-

469 2163 567 2230 mersi
590 2161 663 2230 sunt
692 2165 722 2230 in
746 2167 827 2232 mari
848 2167 957 2234 ruhro.
981 2169 1018 2234 Et
1040 2167 1144 2254 primo
1176 2169 1316 2254 tangitur
1345 2167 1424 2234 aub-

470 2271 591 2338 mereto
617 2271 877 2360 tleppptiorum
898 2275 1052 2356 secundo,
1084 2275 1233 2344 liberatio
1262 2273 1424 2342 Hebraea-

434 2431 436 2438 .
470 2397 568 2444 reem:
606 2379 720 2446 Omnis
749 2383 836 2462 enim
870 2389 1049 2460 creatura·
1081 2381 1196 2460 tertio,
1228 2383 1425 2468 praeturum

470 2485 556 2550 aetio
572 2503 631 2570 pro
646 2493 799 2572 utroque:
831 2489 975 2554 Videntur
999 2497 1078 2566 tnu,·
1097 2493 1226 2573 quarto,
1244 2485 1423 2552 obedientia

470 2597 709 2656 ereaturarum
732 2591 942 2678 inutraque:
965 2593 1008 2656 ln
1028 2611 1064 2658 se
1085 2591 1174 2676 enim
1196 2589 1358 2656 elementa.

712 2817 812 2888 Primo,
832 2817 969 2872 submersio
986 2817 1182 2890 Aegyptiorum.
1217 2895 1238 2902 Ἣ

518 3079 520 3082 ,
558 3013 591 3078 ln
614 3013 717 3098 priene
741 3011 843 3098 primo
866 3013 1005 3098 tangitur
1034 3011 1191 3098 pravitas
1216 3009 1404 3096 punitionis
1410 3033 1423 3088 ,·

329 3139 452 3190 panguntur
470 3119 622 3200 secunda,
657 3119 745 3184 tutio
776 3139 816 3184 en
845 3127 944 3204 parte
971 3119 1159 3204 punientis:
1194 3115 1424 3206 Praescr'ehat;

341 3195 439 3244 qum*
469 3211 581 3306 tertio,
603 3227 761 3292 meritum
782 3245 822 3290 erc
841 3233 939 3310 parte
950 3225 1167 3312 punitorum:
1186 3221 1305 3290 Adhuc
1320 3223 1424 3300 enim·

469 3337 596 3418 quarto,
620 3331 837 3418 ¹conprnentia
855 3351 996 3424 poenae:
1012 3329 1284 3400 ,Ducebatentm

558 3439 657 3520 (Vens.
686 3439 737 3520 l.).
753 3437 881 3522 'lrnpit's
906 3445 1018 3502 uatem
1048 3444 1118 3518 eta,
1142 3435 1231 3520 quasi
1254 3435 1366 3510 dicata
1380 3435 1425 3502 sic

305 3527 459 3626 E‘PQQQJP'
469 3543 625 3612 israelitae
649 3543 770 3610 liberati
794 3549 867 3610 sunt
890 3543 929 3610 ah
953 3545 1111 3624 inoendio;
1133 3549 1262 3622 autent,
1277 3559 1337 3640 pro
1353 3541 1423 3622 sed3

347 3661 450 3706 Primum·
469 3649 594 3736 imptis,
611 3649 728 3718 scilicet
749 3649 903 3736 aegyptiis
925 3649 1105 3718 carentibus
1129 3649 1244 3734 pietate
1266 3649 1425 3734 religionis

459 3755 574 3842 .quoad
596 3755 697 3822 Deum
719 3763 750 3820 et
773 3755 995 3840 compassionis
1018 3757 1050 3822 in
1073 3755 1274 3842 proximum,
1298 3753 1374 3840 quia
1394 3759 1426 3820 et

305 3855 306 3858 ’
360 3877 362 3882 ·
469 3859 572 3928 Deum
594 3859 834 3928 contemnebant
855 3867 888 3926 et
909 3859 978 3928 eius
1005 3861 1158 3946 populum
1189 3861 1424 3946 opprimebant3

470 3987 580 4058 usque¹
596 3967 633 4032 r'n
656 3967 889 4046 renutestmum,
905 3967 937 4030 id
953 3971 1000 4034 θεῖ
1016 3965 1164 4046 finaliter3
1184 3967 1424 4034 proverbiorum

469 4075 581 4160 quinto
592 4075 621 4138 2;
646 4073 844 4140 «Novissima
859 4073 945 4138 illius
959 4091 1067 4138 amara
1082 4071 1170 4158 quasi
1187 4073 1381 4138 absinthium
1393 4097 1424 4154 »3

469 4179 539 4244 stne
562 4177 795 4244 misericordia
823 4177 879 4250 ira
905 4179 1100 4264 superuenit.
1134 4177 1211 4252 Sa'ne
1236 4179 1425 4246 misericor-

470 4281 545 4360 dia,
571 4285 687 4350 scilicet
719 4303 783 4348 non
818 4269 999 4362 relaxante,
1030 4285 1085 4348 sod
1115 4281 1182 4350 sine
1212 4283 1426 4350 misericordia

320 4415 321 4418 ¹
410 4449 411 4456 ,
470 4389 641 4470 liberante,
663 4397 703 4482 et
725 4387 802 4468 hoc,
827 4389 900 4474 quia
923 4387 1010 4474 impii
1044 4395 1077 4456 et
1110 4387 1177 4456 sine
1211 4383 1427 4456 misericordia

470 4495 702 4580 apenninum
732 4495 887 4562 secundo:
916 4519 932 4552 «
949 4493 1098 4560 iudicium
1124 4491 1191 4560 sine
1211 4493 1427 4560 misericordia

470 4603 515 4670 illi
537 4603 592 4688 qui
612 4621 677 4668 non
702 4601 810 4668 lecerit
832 4599 1120 4666 misericordiam».
1147 4601 1221 4680 Ira,
1246 4599 1276 4666 id
1292 4607 1339 4666 est
1354 4617 1425 4684 pec-

470 4709 531 4776 cati
558 4709 712 4788 vindicta,
735 4725 817 4792 quae
839 4713 888 4774 θεῖ
910 4707 1034 4792 signum
1058 4707 1141 4786 irae;
1163 4707 1371 4792 superuenit,
1394 4705 1426 4774 id

468 4823 532 4896 est,
557 4833 696 4900 superno
718 4813 833 4882 iudicio
854 4813 909 4882 Dei
925 4801 1023 4882 'venit
1045 4815 1084 4880 ad
1107 4831 1218 4882 eorum
1251 4813 1425 4898 oppressio-

470 4939 560 5002 nem3
586 4921 638 4988 loh
660 4921 810 5008 vigesimo
833 4921 974 5004 primur:
996 4945 1013 4978 r
1028 4915 1169 4988 Lucerna
1184 4919 1351 5004 impiorum
1370 4937 1425 4986 ex-

470 5133 712 5200 Proxerhiorum
746 5133 865 5218 primo:
900 5159 915 5190 r
932 5133 1062 5218 Quando
1093 5131 1214 5200 venerit
1244 5149 1340 5216 super
1371 5149 1426 5198 vos

323 5247 457 5314 secundnm..
470 5239 632 5308 tribulatio
662 5245 693 5306 et
722 5241 865 5326 angustia
881 5267 910 5304 »,
937 5239 972 5306 Εῖ
1004 5239 1116 5306 merito
1146 5239 1334 5324 superuenit
1355 5245 1425 5316 etc.;

335 5345 337 5350 ’
468 5347 674 5430 praesciebat
705 5345 806 5424 enim,
836 5347 919 5412 Deus
951 5345 1084 5426 scilicet,
1107 5353 1155 5422 et,
1191 5343 1221 5410 id
1244 5347 1291 5410 θεῖ
1315 5343 1425 5422 etiam,

402 5491 404 5496 ,
470 5449 595 5536 futura
618 5451 773 5530 altorum,
797 5451 913 5518 scilicet
937 5443 1080 5536 peccata,
1103 5455 1273 5536 antequam
1297 5449 1425 5530 hereum

279 5559 280 5562 ’
366 5621 368 5624 ,
470 5557 509 5624 ad
532 5557 687 5626 hebraeos
710 5557 866 5642 quartur:
888 5573 911 5614 ¹«
927 5555 1038 5622 Omnia
1061 5557 1147 5622 nuda
1168 5561 1200 5622 et
1221 5563 1330 5640 aperta
1352 5571 1427 5620 ocu·

469 5665 508 5730 lis
530 5665 599 5742 eins
614 5687 646 5742 »ς
668 5663 743 5730 item
767 5663 798 5728 in
822 5663 960 5728 Psalmo:
989 5689 1006 5720 <t
1021 5659 1204 5730 intellexisti
1226 5659 1428 5746 cogitationes

470 5787 556 5838 meas
579 5771 617 5836 de
641 5771 730 5854 longe
743 5755 774 5848 »';
798 5767 873 5836 item
908 5767 1111 5836 Ecclesiastici
1145 5767 1293 5852 vigesimo
1316 5767 1425 5834 tertio:

366 5953 367 5956 Ἴ
475 5903 491 5936 «
506 5877 639 5944 Domino
659 5875 723 5942 Deo
739 5881 861 5954 nostro,
879 5879 1046 5958 numquam
1063 5875 1248 5940 crearentur
1265 5871 1426 5950 uniuersa,

470 5989 544 6052 sunt
566 5983 704 6070 agnita»
731 5971 789 6048 etc.
1042 5987 1044 5992 '

498 6379 500 6382 ,
542 6317 551 6348 ²
572 6319 673 6372 Scilicet
692 6319 834 6374 ordinaria
851 6331 883 6370 ex
901 6319 1018 6372 Rahano.
1039 6375 1041 6378 ,
1338 6373 1339 6376 ,

542 6405 552 6438 ²
572 6411 648 6464 Vere.
668 6409 693 6462 l.
710 6437 744 6448 -
764 6409 800 6460 De
819 6407 998 6460 misericordia
1026 6421 1139 6472 poenam
1168 6395 1299 6458 relaxante
1319 6403 1365 6456 etr.
1385 6403 1427 6454 lV.

473 6489 542 6550 Seru.
560 6499 587 6550 d.
607 6497 651 6550 46.
668 6511 693 6550 a.
714 6499 738 6550 2.
758 6513 783 6564 q.
803 6501 882 6550 2.-
901 6499 962 6564 Suq.
982 6499 1056 6550 locus
1075 6501 1113 6550 est
1131 6497 1179 6546 lac.
1200 6495 1229 6556 2,
1250 6493 1291 6544 ῖ3.

540 6581 552 6612 ³
572 6587 648 6640 Vers.
667 6585 711 6640 m.
727 6615 763 6628 ι-
781 6585 902 6654 Sequitur
919 6587 996 6638 Pron.
1017 6586 1041 6652 t,
1060 6585 1103 6638 27.
1337 6579 1339 6586 ‘

540 6667 552 6700 ⁴
572 6663 648 6726 Vers.
658 6673 699 6726 ῖ3.
710 6701 746 6712 -
755 6675 813 6728 Duo
825 6687 900 6748 seqq.
911 6673 961 6726 loci
974 6679 1035 6726 sunt
1047 6673 1088 6726 Pe.
1099 6673 1158 6736 ῖ33,
1169 6671 1194 6724 3.
1204 6675 1230 6724 θῖ
1242 6667 1320 6724 Εθθῖί.
1330 6667 1373 6734 23,
1383 6665 1426 6718 29.

542 6755 554 6784 ⁵
573 6761 686 6838 Vulgata
700 6763 763 6826 legin
773 6761 920 6828 Qunam,
935 6775 998 6818 cum
1010 6761 1063 6832 ipsi
1070 6757 1269 6832 permitterent,
1282 6761 1316 6814 ut
1326 6771 1353 6812 se
1366 6753 1427 6810 edu·

473 6849 590 6900 omani...
600 6847 765 6914 poenitentia
779 6849 845 6904 'octa
863 6851 1011 6904 Lectionem
1031 6853 1064 6904 ut
1079 6865 1107 6904 se
1120 6847 1248 6904 ducment
1262 6847 1298 6916 (id
1312 6851 1350 6900 est
1368 6859 1426 6912 pro

1575 1531 1677 1614 (Vens.
1700 1529 1757 1616 2.).
1782 1531 1947 1614 Quoniam
1971 1549 2049 1598 cum
2063 1531 2145 1618 tpar’,
2162 1533 2279 1602 scilicet
2294 1531 2442 1618 Aegyptii,

1487 1637 1613 1704 reuersi
1644 1639 1999 1718 erammutham
2029 1657 2085 1706 cor
2122 1657 2235 1720 suum,
2267 1640 2442 1708 secundum

1487 1742 1572 1828 quod
1595 1753 1700 1810 monet
1723 1745 1817 1811 lsaias
1838 1745 1961 1810 dicens:
1992 1743 2130 1810 «Redite
2153 1747 2192 1810 ad
2215 1765 2284 1824 cor,
2312 1765 2442 1832 praeva-

1487 1849 1685 1930 nicatoras»,
1709 1851 1803 1918 isaiae
1826 1849 2065 1936 quadragesimo
2095 1857 2195 1918 sexta.
2220 1853 2371 1930 Reuersr',
2394 1851 2442 1918 in-v

1488 1975 1596 2042 quam,
1614 1957 1652 2026 ad
1668 1975 1722 2026 cor
1747 1975 1858 2038 suum,
1874 1963 1966 2024 extra
1983 1957 2066 2042 quod
2081 1957 2207 2024 fuerant
2222 1975 2300 2042 prae
2315 1957 2440 2038 timore;

1487 2063 1518 2130 in
1535 2065 1676 2148 Psalmo:
1705 2065 1797 2130 «Cor
1819 2081 1926 2130 meum
1948 2061 2117 2148 dereliquit
2137 2081 2189 2130 me
2203 2089 2235 2128 a.
2260 2065 2303 2130 Et
2318 2061 2442 2148 permi-

1486 2171 1618 2252 sissent,
1642 2171 1760 2238 scilioet
1781 2171 1888 2256 prius,
1905 2175 1942 2236 ut
1963 2189 1998 2236 se
2027 2169 2199 2248 ducerent,
2218 2167 2250 2254 id
2270 2173 2331 2248 est,
2357 2185 2442 2254 scor-

1488 2295 1559 2344 sum
1581 2277 1620 2344 de
1643 2283 1729 2344 terra
1752 2295 1863 2344 eorum
1877 2275 2030 2344 ducerent
2046 2275 2101 2342 lilii
2118 2275 2228 2356 lsrael;
2246 2275 2328 2342 unde
2344 2275 2447 2342 Exodi·

1488 2383 1674 2448 undecimo:
1710 2407 1726 2440 «
1748 2383 1900 2468 Egredere
1936 2389 1970 2447 tu
2005 2389 2037 2448 et
2071 2381 2173 2448 omnis
2201 2381 2356 2466 populna,
2386 2381 2442 2466 qui

1488 2485 1648 2566 subiectus
1671 2493 1719 2554 est
1743 2489 1797 2554 tihi
1815 2515 1844 2554 ».
1871 2489 2010 2554 Etcum
2045 2507 2172 2574 mapna
2204 2487 2441 2566 sollieitudine,
2467 2539 2476 2560 ,

1486 2589 1596 2656 idest
1629 2591 1793 2680 instantia,
1814 2591 2067 2676 praepedissent
2094 2593 2324 2672 taruanninse
2359 2611 2442 2662 com-

1487 2694 1630 2778 pellendo
1652 2713 1706 2762 eos
1729 2695 1836 2776 exire;
1862 2695 1944 2762 unde
1975 2689 2072 2762 Exodi
2098 2683 2323 2764 duodecimoi:
2354 2727 2369 2758 e
2384 2701 2442 2768 Ur-

1468 2801 1600 2884 ¹gehant
1623 2801 1761 2886 ¹Aegyptii
1783 2801 1936 2884 populum
1960 2799 2050 2866 exire
2072 2801 2112 2868 de
2133 2807 2219 2868 terra
2246 2803 2393 2872 velociter
2409 2831 2440 2872 e.

1439 2899 1443 2908 '
1490 2905 1776 2992 Consepuehantur
1799 2903 1889 2982 illos,
1905 2903 2022 2970 scilicet
2039 2905 2215 2990 Aegyptiae,
2233 2925 2306 2974 cum
2322 2908 2381 2976 hoc
2396 2907 2412 2972 l
2428 2945 2442 2954 -

1487 3013 1620 3092 cissent,
1639 3013 1856 3096 poenitentiae
1879 3019 1993 3090 natue,
2016 3011 2049 3076 id
2071 3015 2120 3078 est
2141 3011 2229 3078 dolor
2252 3011 2292 3080 de
2315 3031 2442 3082 recessu
2465 3059 2467 3066 ·
2505 3063 2506 3066 ,

1489 3135 1617 3196 eorum,
1640 3117 1740 3196 dolor,
1763 3117 1908 3202 inquam,
1934 3115 1965 3182 in
1989 3115 2081 3184 corde
2104 3120 2135 3182 et
2158 3116 2309 3184 contessio
2330 3117 2364 3184 in
2385 3135 2441 3184 ore

1487 3228 1519 3292 et
1540 3223 1676 3292 ostensio
1698 3223 1867 3310 utriusque
1895 3221 1929 3286 in
1958 3223 2185 3306 persecutionis
2206 3241 2318 3308 opere;
2342 3223 2441 3304 Exodi

1487 3331 1606 3398 decimo
1630 3337 1760 3416 quarto:
1789 3331 2022 3394 «immutatum
2046 3333 2092 3396 est
2124 3347 2178 3394 cor
2207 3329 2376 3398 Pharaonis
2410 3339 2441 3398 et

1488 3455 1653 3504 servornm
1677 3437 1746 3504 eius
1767 3453 1864 3522 super
1886 3435 2020 3520 populo,
2045 3444 2075 3502 et
2097 3435 2265 3504 dixerunt:
2291 3437 2371 3522 Quid
2385 3457 2440 3506 vo·

1488 3537 1608 3610 luimus
1629 3541 1746 3622 facere,
1760 3547 1806 3608 wut
1828 3541 2058 3610 dimitteremus
2078 3543 2175 3610 lsrael
2189 3549 2228 3610 »t

1577 3649 1678 3732 (Vens.
1711 3649 1765 3732 3.).
1799 3649 1835 3714 Et
1865 3647 1944 3714 hene
1973 3647 2059 3728 dixi,
2090 3649 2176 3734 qnod
2201 3649 2440 3736 consequeban-
2459 3656 2562 3706 aerenum.

1490 3763 1545 3820 tur
1563 3761 1621 3822 etc.
1646 3751 1765 3820 nabau
1791 3755 1878 3820 elaten
1893 3753 1978 3820 inte-r
1996 3775 2119 3820 neonus
2135 3753 2283 3822 habentes
2301 3755 2440 3836 hactum,
2510 3751 2514 3758 ’

1489 3861 1521 3926 id
1541 3866 1589 3928 θεῖ
1605 3861 1709 3928 luctus
1724 3859 1902 3938 materiam,
1919 3859 2036 3928 scilicet
2053 3859 2273 3946 primogenitos
2289 3867 2441 3940 mortuae,

1490 3967 1557 4034 nel:
1581 3967 1723 4046 luctum,
1749 3967 1778 4032 id
1803 3971 1848 4034 est
1873 3965 1959 4050 signa
1982 3967 2103 4046 luctus;
2127 3973 2155 4032 a
2179 3967 2393 4052 deplorantes,
2410 3967 2441 4034 id

1490 4081 1535 4164 est
1571 4075 1658 4168 ¹redde
1693 4075 1865 4158 plorantes
1890 4075 1941 4138 rel
1973 4073 2011 4138 de
2047 4073 2139 4140 corde
2174 4075 2349 4158 plorantes,
2374 4075 2440 4140 vel:
2533 4161 2547 4166 Μ
2645 4129 2646 4132 ,
2758 4121 2759 4126 ,

1488 4179 1712 4266 deplorantes,
1737 4180 1768 4247 id
1790 4185 1837 4248 θεῖ
1859 4181 1897 4246 de
1926 4187 2026 4246 morte
2062 4179 2339 4266 primogenitorum
2375 4181 2442 4266 plo-

1489 4293 1603 4354 rantes.
1622 4287 1702 4354 Bene
1716 4287 1879 4374 sequitur:
1903 4285 1958 4350 Ad
1979 4293 2192 4354 monumenta
2212 4295 2440 4366 mortuorum,

1490 4391 1606 4460 scilicet
1629 4391 1928 4476 primogenitorum,
1946 4399 2178 4456 assunuerunt
2190 4391 2256 4458 stat
2270 4391 2375 4458 ultam
2389 4411 2442 4458 oo-

1484 4497 1678 4586 ¹pr'taa'onem
1702 4503 1761 4564 etc.
1785 4499 1866 4564 Bene
1888 4495 1979 4564 dicit:
2007 4499 2245 4564 assumserunt
2273 4503 2343 4576 eta,
2368 4499 2445 4584 quia

1488 4603 1571 4670 mala
1593 4603 1738 4690 cogitatio
1760 4603 1800 4670 ah
1823 4603 1949 4694 homine
1971 4607 2032 4680 est,
2057 4601 2111 4670 sed
2143 4603 2226 4670 hana
2248 4623 2265 4670 a
2289 4605 2369 4684 Deo;
2393 4621 2442 4672 se

1490 4711 1610 4776 candae
1643 4711 1681 4774 ad
1712 4709 1890 4778 Corinthios
1922 4709 2057 4774 terrim:
2092 4735 2109 4768 α
2124 4709 2191 4776 Non
2225 4709 2310 4794 quod
2342 4711 2442 4778 simus

1481 4817 1680 4912 'sufficientes
1702 4817 1838 4902 cogitare
1862 4813 1978 4900 aliquid
2003 4823 2057 4882 ex'
2078 4815 2199 4882 nohis»
2228 4823 2286 4882 etc.
2313 4815 2442 4904 Capita-

1132 5009 1134 5014 ,
1454 4935 1455 5010 ξ
1488 4921 1624 5014 tionem,
1647 4921 1790 5008 inquam,
1808 4921 2016 5000 inscientiae,
2041 4921 2073 4986 id
2094 4927 2142 4988 est
2155 4921 2316 4990 stultitiae.
2332 4921 2442 4990 Omnis

470 5027 666 5112 dispuetur,
691 5029 721 5094 ot
756 5025 956 5110 superveniet
986 5045 1082 5110 super
1112 5027 1182 5092 illos
1215 5023 1378 5092 inundatio
1393 5049 1425 5104 »3

1490 5025 1574 5092 enim
1602 5027 1710 5098 ¹malus
1737 5043 1864 5106 errans;
1894 5023 2135 5092 Proxerhioruur
2166 5021 2440 5112 decimoquarto:

1496 5131 1641 5198 «Errant
1674 5131 1727 5218 qui
1768 5137 1941 5216 operantur
1973 5131 2092 5198 malum
2108 5157 2139 5196 a.
2176 5119 2262 5198 Prior
2298 5131 2442 5216 cogitatio

1491 5239 1587 5306 stulta
1608 5239 1722 5316 luerat,
1747 5257 1810 5324 qua
1832 5239 2044 5324 cogitaverant
2068 5257 2121 5304 eos
2135 5257 2193 5322 per
2207 5239 2271 5304 nim
2287 5237 2441 5318 detinere;

1488 5345 1550 5410 alia
1574 5345 1666 5412 etiam
1691 5347 1785 5410 stulta
1799 5341 1884 5422 ¹init,
1907 5363 1970 5428 qua
1995 5345 2205 5428 cogitaverant
2228 5361 2281 5410 eos
2306 5343 2442 5430 pervim

1491 5469 1639 5518 revocare
1661 5453 1711 5518 vel
1746 5453 1906 5518 reducere.
1934 5453 1972 5516 Et
2006 5469 2086 5536 quos
2118 5457 2271 5536 repentes
2298 5449 2442 5534 protere·

1490 5563 1587 5636 rant,
1613 5555 1730 5624 scilicet
1754 5555 1965 5640 compellendo
1989 5555 2070 5620 tilios
2092 5555 2187 5620 lsrael
2208 5553 2313 5632 exire,
2328 5559 2365 5620 ut
2387 5569 2442 5638 pa-

1490 5667 1535 5728 tet
1558 5649 1656 5728 Exodi
1679 5661 1863 5729 duodecimo
1876 5647 1921 5740 ⁸;'
1936 5657 1994 5724 hoa
2024 5667 2187 5746 tanquam
2207 5655 2385 5746 fupr'ttoos,
2409 5659 2442 5728 id

1490 5773 1538 5836 est
1561 5767 1649 5854 quasi
1673 5767 1740 5834 sine
1762 5767 1886 5836 licentia
1918 5783 2028 5832 eorum
2060 5763 2256 5846 recedentes,
2279 5767 2364 5852 quod
2384 5767 2442 5834 fal·
2603 5799 2606 5804 Α
2712 5791 2714 5798 ’

1491 5891 1563 5938 snm
1589 5881 1677 5954 erat;
1699 5873 1995 5962 persequebantur,
2018 5875 2056 5936 ut
2084 5877 2172 5956 patet
2198 5871 2295 5940 Exodi
2321 5873 2442 5942 decimo

1490 5985 1614 6062 quarto.
1942 5989 1944 5998 ’

1487 6313 1674 6382 hoiscerentnr)
1694 6317 1720 6370 ia
1739 6313 1857 6380 margine
1880 6313 2002 6368 exhibent
2022 6313 2100 6368 etiarn
2125 6317 2195 6386 card.
2217 6317 2295 6382 Hngo
2319 6321 2344 6368 et
2367 6319 2442 6382 Lyra·

1489 6417 1548 6454 nus.
1569 6407 1717 6478 Sequuntur
1736 6403 1792 6458 lsai.
1816 6403 1863 6466 lh,
1885 6403 1917 6468 83
1937 6403 2042 6466 Parth,
2063 6403 2105 6456 ῖ3.
2124 6407 2148 6456 θῖ
2166 6403 2247 6458 Exod.
2266 6403 2308 6472 ll,
2327 6405 2352 6454 8.
2391 6421 2392 6426 ¹

1562 6489 1665 6546 6ῖῖθθε.
1684 6495 1732 6560 33;
1754 6493 1816 6544 ibid.
1835 6491 1883 6558 ll,
1901 6489 1926 6544 5.
1946 6495 1984 6544 est
2001 6505 2059 6558 seq.
2077 6494 2157 6544 locus.

1560 6577 1571 6608 ἵ
1591 6583 1665 6634 Vera.
1684 6581 1710 6634 5.
1726 6607 1764 6636 ,-
1781 6579 1904 6646 Sequitur
1935 6579 2061 6634 sententia
2087 6579 2230 6634 Aristotelis
2258 6577 2353 6648 (omnis
2372 6579 2442 6632 enim

1487 6667 1579 6720 ‘malus
1596 6683 1701 6734 ennena,
1720 6669 1788 6736 sive,
1802 6673 1830 6722 ut
1841 6667 1903 6724 edd.
1922 6667 2019 6720 habent
2036 6667 2181 6736 ignorans),
2199 6667 2234 6722 de
2252 6681 2304 6736 qua
2321 6667 2384 6722 vide
2400 6681 2442 6720 su·

1488 6767 1537 6820 pra
1556 6769 1620 6820 pag.
1639 6757 1704 6820 ῖῖ6,
1722 6763 1783 6812 nom
1801 6757 1833 6826 7,
1851 6763 1878 6810 et
1895 6757 1990 6812 deinde
2009 6757 2084 6812 Pron.
2105 6755 2153 6822 lt,
2172 6757 2214 6808 22.

1559 6837 1571 6870 ⁸
1590 6843 1663 6896 Vere.
1683 6847 1715 6898 33
1725 6865 1733 6910 5
1754 6847 1819 6900 thid.
1837 6841 1885 6910 ld,
1904 6845 1929 6898 9.
1948 6857 2022 6912 seqq.
2039 6843 2151 6900 habetur
2167 6859 2225 6910 seq.
2244 6846 2324 6898 locus
