5916 8276
1055 519 1248 586 couneus.
1274 523 1311 590 ιιι
1331 477 1500 590 Ιιιιιιιιιι
1523 523 1554 588 ι.
1580 523 1680 590 xuu.

377 695 533 764 abluenda
553 697 684 762 crimina
696 723 726 760 a.
743 697 781 763 Et
796 697 984 780 respondent
1001 695 1122 776 ludaei,
1140 697 1224 782 quod
1239 715 1335 766 causa

377 805 425 868 est
447 801 655 880 maleficium
677 799 764 868 unde
786 799 908 868 subdit:

467 909 519 974 m.
537 909 639 992 (Vers.
656 907 732 988 dd).
750 907 1002 990 Responderunt
1016 913 1043 972 et
1059 907 1219 972 dicerunt
1233 907 1266 974 ιι
1270 931 1278 974 .·
1296 907 1335 976 Se'

377 1031 443 1078 non
467 1021 546 1078 esset
569 1009 621 1078 die
656 1009 865 1096 malefactor,
890 1029 957 1076 non
986 1011 1046 1078 tt'be’
1078 1011 1334 1078 tradidissemus

377 1137 470 1198 eum,
493 1119 633 1186 volentes
656 1116 740 1182 illam
766 1117 863 1202 legem
890 1135 1032 1184 serrare:
1055 1141 1072 1174 ι
1087 1115 1284 1182 Innocentem
1302 1124 1334 1184 et

377 1225 494 1292 iustum
531 1243 594 1290 non
626 1221 795 1290 interficies
818 1249 849 1302 n,
889 1221 983 1290 Exodi
1016 1221 1164 1308 vigesimo
1197 1223 1332 1302 terti013

377 1331 468 1416 quasi
487 1331 609 1396 dicant:
635 1333 681 1398 est
707 1327 896 1396 malefactor.
919 1329 985 1396 Non
1011 1329 1159 1414 probant,
1185 1327 1239 1396 sed
1256 1329 1333 1396 falso

376 1435 549 1520 imponunt.
576 1433 784 1518 Augustinus:
814 1459 831 1492 ι
845 1435 1062 1518 Respondeant
1091 1435 1132 1500 ab
1161 1433 1333 1502 immundis

376 1541 540 1628 spiritibus
562 1539 703 1620 liberati,
727 1539 864 1626 languidi
901 1541 1017 1622 sanati,
1040 1549 1152 1606 utrum
1174 1541 1215 1606 sit
1235 1543 1332 1608 male·

375 1647 474 1714 lactor
497 1647 592 1714 lesus.
617 1643 675 1712 Sed
700 1645 759 1714 ista
781 1647 942 1728 dicebant,
965 1647 1005 1714 de
1037 1647 1155 1732 quibus
1178 1665 1234 1734 per
1259 1651 1332 1716 Pro-

375 1753 501 1840 phetam
525 1753 743 1838 praedixerat:
761 1753 984 1822 Retribuebant
1009 1753 1084 1818 mihi
1100 1753 1183 1818 mala
1203 1771 1262 1838 pro
1276 1753 1332 1822 bo-

374 1855 423 1924 nis
438 1883 470 1922 o.
493 1857 546 1924 lob
570 1857 729 1944 trigesimo
752 1865 858 1926 sexto:
890 1885 905 1918 ι
920 1859 1022 1924 Causa
1052 1863 1106 1924 tua
1130 1857 1220 1942 quasi
1243 1859 1330 1944 impii

373 1963 510 2032 iudicata
533 1973 625 2032 est».
688 2043 690 2046 Ι
839 2007 840 2010 ,

466 2073 517 2138 bb.
541 2073 643 2156 (Veis
667 2071 744 2160 3l.).
773 2071 864 2136 atate
880 2089 957 2156 erpo
978 2071 1025 2136 ιιι
1040 2069 1185 2136 Pilatus.
1201 2071 1255 2136 Hio
1274 2091 1331 2138 no·

376 2185 462 2246 tatur
492 2179 640 2258 tertium,
663 2177 780 2244 seilicet
810 2177 1015 2242 ludaeorum
1049 2175 1226 2254 dolositas,
1257 2179 1331 2262 quia

376 2287 498 2370 culpam
524 2285 668 2350 volebant
692 2283 723 2348 in
752 2285 888 2350 alierum
916 2281 1101 2362 refundam
1127 2281 1180 2350 sed
1214 2283 1331 2352 Pilatus

375 2397 500 2458 recusat
516 2389 654 2458 iudicare
668 2407 761 2468 eum,
777 2409 839 2456 non
862 2389 984 2468 vicens,
1003 2407 1055 2456 eos
1071 2389 1188 2454 habere
1203 2405 1329 2456 carosam

303 2567 310 2572 ,,
375 2497 528 2578 debitam
560 2495 659 2584 unde:
693 2495 786 2562 aton
821 2515 897 2582 erpo
928 2495 974 2560 ec's
1007 2495 1158 2560 Pilatus:
1185 2495 1330 2582 Accipite

345 2623 450 2684 geum
471 2623 530 2668 uos
551 2611 582 2668 et
595 2603 777 2668 secundam
792 2603 906 2688 Lepem
922 2611 1068 2668 oestrum
1084 2601 1227 2668 iudicate
1243 2621 1329 2682 eum,

241 3881 353 3940 Quartum.

371 5159 409 5210 Ps.
423 5155 471 5218 el,
485 5157 533 5218 ι2,
547 5157 606 5218 post
620 5167 699 5220 quem
713 5153 831 5218 sequitur
843 5155 889 5206 lob
902 5155 948 5220 36,
964 5153 1006 5208 ti.

374 2729 456 2796 quae
477 2707 552 2776 dicit
577 2707 672 2776 Exodi
699 2707 1043 2794 vigesimasecunda
1066 2731 1082 2764 ι
1097 2707 1252 2774 Maleficos
1268 2727 1329 2776 non

374 2815 502 2902 patieris
525 2815 631 2884 ιιιιιι
646 2843 675 2880 ι.
702 2815 760 2882 Sed
783 2815 887 2882 ludaei
910 2833 928 2880 e
953 2813 1110 2880 contrario
1142 2813 1329 2896 ostendunt,

373 2923 458 3008 quod
480 2927 618 3006 oportet,
637 2923 738 3004 ipsum
755 2921 911 2998 iudicare,
938 2919 1012 3004 quia
1034 2923 1192 2984 causaest
1209 2917 1329 2998 nortis,

374 3035 405 3094 et
426 3029 471 3094 eis
507 3047 570 3094 non
602 3025 715 3094 licebat
750 3043 942 3112 quemquam
974 3019 1134 3104 occidere3
1162 3031 1330 3108 propterea

373 3133 465 3202 dicit:
490 3133 656 3200 Diaerunt
677 3151 756 3218 erpo
778 3133 808 3198 ιι
832 3131 966 3198 ludaei:
992 3129 1093 3196 dotto
1109 3151 1175 3198 econ
1193 3131 1263 3198 licet
1277 3133 1329 3198 tot-

374 3241 520 3328 terdeno
541 3241 739 3328 quemquam
747 3265 760 3316 ,·
776 3241 828 3306 sed
851 3239 891 3304 ad
906 3245 939 3304 te
953 3235 1089 3322 spectat,
1106 3245 1138 3304 et
1153 3237 1205 3304 hic
1225 3263 1241 3296 «
1255 3257 1329 3306 reus

373 3355 420 3416 est
444 3345 580 3412 ιιιοιιιι3
596 3369 627 3410 »2
651 3343 720 3412 ideo
743 3361 870 3412 necesse
893 3343 990 3410 habes
1017 3343 1056 3410 de
1079 3344 1139 3412 hac
1160 3361 1256 3410 cansa
1277 3363 1329 3412 co-

371 3471 530 3542 gnoscere.
554 3451 665 3520 Dolosa
690 3451 798 3518 volunt
821 3469 879 3536 per
900 3451 998 3516 alium
1020 3449 1179 3528 occidere,
1196 3451 1328 3518 sednon

372 3567 585 3640 excusantur3
608 3559 694 3624 uode
716 3557 831 3626 dicitur
854 3559 900 3624 eis
914 3561 1047 3624 totunm
1065 3557 1212 3640 septimo:
1235 3583 1251 3616 «
1267 3557 1327 3624 Cu-

372 3667 421 3734 ius
447 3683 501 3732 vos
523 3665 700 3750 proditores
722 3669 754 3730 et
776 3663 949 3732 homicidae
971 3661 1076 3730 fuistis
1091 3687 1122 3728 o.

463 3771 515 3836 56.
540 3771 642 3854 (Vers.
666 3769 743 3850 32).
774 3769 814 3834 tit
834 3787 942 3834 sermo
965 3769 1040 3832 lesu
1056 3767 1257 3852 impleretur.
1273 3769 1327 3834 Hic

372 3883 499 3944 notatur
523 3879 690 3960 quartum,
714 3875 831 3942 scilicet
853 3873 938 3960 quod
960 3871 1116 3958 impletur
1135 3869 1260 3938 attonat
1271 3893 1326 3940 uo-

374 3985 493 4050 luntas
519 3979 648 4048 Volebat
670 3979 754 4046 enim
777 3979 859 4048 mori
884 3983 984 4046 morte
1014 3979 1136 4058 crucis,
1160 3997 1223 4064 qne
1247 3979 1327 4046 occi-

373 4086 655 4174 achartumnam
681 4087 750 4152 ideo
773 4087 864 4154 dicit:
893 4087 944 4152 Ui
966 4085 1178 4170 impleretur,
1206 4083 1237 4150 id
1268 4091 1325 4166 est,

373 4195 415 4262 ita
437 4195 573 4274 lactum,
596 4201 634 4258 ut
655 4192 840 4276 impleretur
857 4209 977 4270 sermo;
995 4209 1089 4280 quem
1105 4189 1209 4268 dicte,
1230 4207 1328 4276 supra

374 4303 509 4370 tertio4:
538 4327 554 4360 «
571 4299 654 4366 Sicut
678 4301 797 4384 Moyses
830 4297 979 4366 exaltavit
1010 4291 1188 4382 serpentem
1218 4297 1251 4362 in
1266 4297 1326 4372 wde-

373 4413 471 4488 serto,
495 4407 538 4474 ita
554 4405 688 4486 exaltari
704 4411 828 4490 oportet
849 4405 961 4472 Filium
979 4403 1116 4470 hominis
1128 4431 1158 4482 o,
1183 4409 1212 4470 et
1229 4421 1326 4488 supra

371 4513 573 4594 duodecim03
595 4511 811 4600 sipnificans,
835 4531 903 4600 quo
935 4519 1036 4576 morte
1068 4509 1255 4576 moriturus
1276 4531 1325 4576 es-

371 4629 431 4702 set,
455 4621 530 4706 quie
552 4619 673 4696 oruois;
698 4619 842 4686 Matthaei
860 4617 1025 4702 vigesimo:
1048 4643 1064 4676 κ
1080 4615 1235 4684 Tradetur
1251 4635 1325 4702 gen-

440 4975 450 5008 1
470 4979 543 5030 vers.
557 4975 582 5028 7.
594 4975 763 5040 -Sequitur
774 4975 892 5042 Augiast,
905 4977 932 5026 in
945 4979 1012 5048 ioan.
1025 4977 1127 5042 Evang.
1140 4981 1172 5030 tr.
1188 4975 1247 5028 tit.
1260 4993 1286 5030 n.
1301 4979 1325 5044 3,

370 5067 414 5120 ubi
434 5071 493 5132 post
511 5063 601 5120 sanati
612 5077 628 5116 a
641 5069 708 5116 textu
722 5065 840 5128 originali
854 5069 928 5130 plura
942 5065 1082 5120 adduntur.
1094 5069 1125 5118 ιιι
1134 5065 1187 5118 line
1199 5065 1324 5132 allegatur

1169 5151 1267 5206 ”Veis
1281 5155 1323 5206 l8.

440 5239 557 5296 illatus
578 5241 626 5298 26.
645 5239 737 5292 ta·
751 5239 867 5294 Subinde
886 5245 1013 5308 allegatur
1030 5241 1086 5294 Act.
1106 5241 1137 5308 7,
1156 5241 1201 5294 52.

440 5329 451 5360 ⁴
469 5333 545 5384 Vere.
557 5319 612 5396 'tl;
635 5329 681 5392 ι2,
701 5329 744 5380 32.
764 5343 836 5396 seq:
856 5331 885 5384 Et
903 5331 925 5382 si
945 5345 996 5396 ego
1013 5333 1137 5384 exaltatus
1155 5333 1256 5384 luero...
1268 5333 1324 5384 Hoc

370 5425 456 5474 autem
476 5419 580 5474 dicebat
598 5417 831 5484 signipotensque
857 5425 942 5470 morte
959 5425 1026 5472 esset
1052 5419 1203 5470 moriturus,
1226 5447 1260 5456 -
1282 5421 1324 5472 Se-

368 5509 457 5578 quitur
474 5509 563 5562 blatth.
583 5509 629 5576 20,
649 5507 692 5560 ι8.
709 5521 765 5574 seq.
1239 5527 1240 5530 ¹

439 5597 495 5650 ῦιιι
522 5601 591 5652 loen.
617 5599 716 5662 Evang.
746 5603 775 5648 tr.
797 5593 856 5646 til.
882 5609 908 5648 n.
932 5597 960 5660 l;
986 5595 1051 5648 ibid.
1070 5611 1095 5646 n.
1116 5599 1145 5648 2:
1174 5595 1235 5648 Dies
1253 5597 1321 5650 enim

368 5701 447 5752 agere
469 5691 610 5752 coeperant
633 5698 801 5750 azymorum-;
825 5683 923 5750 quibus
947 5683 1042 5734 diebus
1066 5685 1249 5738 contaminatio
1273 5687 1323 5740 illis

368 5781 423 5828 erni
442 5777 465 5826 in
485 5773 650 5842 ulmteipenae
669 5773 798 5842 [ethnici]
818 5771 996 5824 babitaculum
1009 5773 1114 5826 intrare.
1133 5773 1185 5826 Cir.
1202 5789 1282 5840 supra
1295 5791 1321 5828 ιι.

369 5867 409 5918 52.
430 5867 576 5928 chrysost,
595 5865 622 5916 in
641 5865 708 5916 ioan.
728 5863 816 5918 homil.
836 5863 880 5914 83.
899 5861 971 5928 (alias
992 5857 1044 5926 82.)
1064 5875 1089 5912 ιι.
1109 5863 1137 5914 3:
1157 5863 1236 5928 Atqui
1254 5879 1322 5932 quae

368 5953 552 6006 corotaminatio
571 5953 673 6018 ingredi
687 5953 712 6004 in
725 5953 897 6016 praetorium,
911 5953 938 6002 iu
950 5965 1005 6016 quo
1013 5961 1117 6018 poenas
1127 5949 1190 6004 dant
1202 5955 1320 6006 scelesti?

370 6027 372 6030 ¹
429 6039 450 6072 '⁶
467 6043 542 6096 Vers.
564 6041 612 6106 ei;
632 6057 656 6094 ι.
677 6041 724 6094 27:
745 6043 876 6094 Et'statim
895 6043 980 6106 gallus
998 6037 1119 6092 cantavit.

438 6127 448 6160 ²
467 6133 494 6182 ιιι
509 6133 575 6182 loen.
589 6131 689 6194 Etrang.
703 6133 735 6180 tr.
750 6131 810 6184 til.
821 6145 846 6182 u.
863 6131 872 6182 l
885 6149 891 6194 ;
905 6133 951 6182 ιιι.
963 6139 1044 6194 supra
1058 6141 1118 6192 pag.
1133 6127 1197 6194 ist,
1217 6133 1278 6182 ιιοιι
1298 6133 1321 6184 8.

368 6247 402 6258 -
425 6219 531 6270 interius
550 6223 609 6282 post
629 6217 717 6270 inissa
737 6219 777 6270 ιιι.
797 6219 871 6272 addit
889 6221 915 6272 et
933 6221 996 6272 tunc
1014 6217 1074 6268 erat
1091 6229 1181 6268 mane.

332 6321 334 6328 ·
438 6303 495 6358 8ιιι
515 6307 584 6358 ioan.
605 6307 696 6358 homil.
709 6307 753 6358 83.
765 6305 839 6374 (alias
860 6307 912 6374 82.)
935 6323 958 6360 n.
973 6309 1002 6360 a:
1021 6305 1057 6358 Et
1072 6301 1249 6358 adducerent
1260 6319 1322 6360 eum

368 6391 403 6448 ad
419 6395 538 6448 Annam.
559 6393 610 6448 Cur
629 6395 662 6446 ad
683 6397 804 6446 Annam?
822 6397 892 6448 Laeti
911 6411 967 6448 rem
989 6391 1164 6454 ostentabant,
1184 6405 1213 6444 ac
1233 6393 1253 6444 si
1272 6401 1322 6448 tro·

368 6493 461 6546 paeum
482 6481 621 6544 erigerent.
641 6481 706 6534 ibid.
725 6495 752 6532 n.
766 6483 795 6532 3:
815 6483 885 6538 Erat
900 6487 992 6538 autem
1004 6495 1091 6536 mane.
1110 6481 1256 6544 Atitequam
1269 6483 1321 6546 gal-

365 6571 405 6622 lus
423 6574 549 6632 cantaret,
569 6567 617 6636 [ab
638 6569 726 6636 hunc]
746 6571 779 6622 ad
797 6571 922 6636 Caipham
936 6573 1053 6638 ducitur;
1066 6583 1142 6622 tuane
1156 6569 1189 6620 ad
1202 6567 1319 6622 Pilatum.

274 6669 277 6676 '
366 6659 446 6724 Queis
463 6659 575 6710 ostendit
593 6659 771 6724 Euaugelisia,
791 6675 806 6712 a
826 6661 912 6712 media
929 6669 1004 6712 nocte
1016 6673 1122 6724 semper
1139 6673 1155 6708 a
1174 6649 1271 6722 Caipha
1286 6661 1321 6712 in·

366 6753 539 6814 leucogaeam,
559 6747 583 6798 in
602 6749 674 6800 nullo
692 6751 841 6802 conuictum
863 6751 955 6814 luisse3
974 6751 1087 6816 ideoque
1107 6747 1178 6800 misit
1194 6747 1266 6800 illum
1287 6751 1320 6804 ed

366 6835 481 6888 Pilatum.
505 6865 540 6874 -
563 6833 680 6888 Subinde
697 6837 828 6890 Gorranus
847 6839 942 6892 omittit
958 6837 1061 6906 prn'mo,
1078 6841 1176 6902 etpost
1193 6833 1227 6888 ab
1241 6839 1320 6892 dunc

2287 531 2353 596 aaa

1397 697 1482 766 tibus
1506 697 1544 766 ad
1568 697 1764 768 illudendum
1785 707 1818 768 et
1846 703 2069 788 flagellandum
2102 709 2134 770 et
2168 703 2354 790 crucifigen-

1397 803 1473 870 dum
1489 831 1520 870 a.
1544 805 1582 872 Et
1602 805 1662 874 hoo
1688 807 1779 892 elegit
1809 809 1959 876 boninus
1982 815 2132 894 tanquam
2155 809 2350 878 vilissimum.

1760 1021 1989 1106 Quaesnouns

1487 1231 1537 1296 57.
1564 1231 1689 1314 Quaesi.
1711 1233 1732 1298 l.
1759 1235 1818 1300 Sed
1839 1237 2006 1320 quaeritur
2027 1237 2079 1304 hic
2114 1235 2151 1302 de
2185 1237 2245 1300 hoo
2267 1233 2352 1320 quod
2384 1249 2386 1254 ’

1396 1333 1488 1414 dicit,
1513 1335 1596 1421 quod
1621 1337 1791 1404 adducunt
1823 1359 1895 1408 eum
1928 1343 1972 1408 ad
2009 1339 2172 1428 Caipdam
2195 1341 2231 1408 t'n
2252 1361 2352 1428 prae-

1397 1441 1539 1518 toriam·
1565 1441 1638 1526 quia
1659 1441 1764 1510 statim
1787 1443 1879 1524 dicit,
1903 1447 1986 1530 qnod
2008 1467 2074 1512 non
2089 1447 2301 1514 turrenorum
2316 1447 2352 1514 c'n

1391 1545 1611 1632 praetorium.

1484 1651 1521 1718 Et
1543 1651 1710 1736 respondet
1733 1651 1926 1738 Augustinus
1939 1655 1961 1734 ⁵,
1978 1657 2063 1740 quod
2074 1657 2285 1740 praetoriam
2306 1657 2351 1724 di-

1395 1755 1477 1824 citur
1502 1755 1603 1840 primo
1620 1757 1723 1838 locus,
1748 1783 1763 1816 ι
1777 1757 1832 1824 ubi
1849 1759 2010 1826 habitabat
2023 1777 2150 1844 praeses
2165 1785 2198 1840 ι),
2213 1763 2351 1828 secundo

1389 1851 1470 1930 'vero
1481 1861 1597 1930 dicitur
1610 1863 1715 1942 locus,
1732 1863 1786 1930 ubi
1805 1863 1979 1944 iudicabat,
1996 1865 2027 1930 in
2043 1867 2169 1950 quodsi
2186 1867 2349 1948 intrarent,
2372 1901 2373 1904 ι

1395 1969 1584 2056 reputabant
1607 1987 1640 2036 se
1662 1969 1851 2036 immundos.

1484 2077 1535 2140 58.
1562 2075 1686 2158 Quaest.
1710 2075 1744 2142 ιι.
1767 2077 1844 2144 item
1868 2075 2032 2162 quaeritur
2056 2077 2093 2142 de
2118 2077 2178 2142 hoc
2197 2079 2280 2162 quod
2305 2077 2350 2146 di·
2369 2075 2435 2146 Reso-

1395 2179 1495 2248 citur:
1527 2181 1614 2246 Erat
1642 2199 1760 2258 mane,·
1790 2199 1865 2248 cnm
1888 2179 2009 2266 supra⁶
2041 2181 2159 2248 dictum
2184 2181 2241 2262 sit,
2265 2183 2350 2268 quod

1394 2281 1466 2354 ante
1502 2293 1628 2354 cantum
1663 2287 1734 2372 galli
1769 2287 1862 2356 misit
1883 2307 1956 2356 eum
1988 2291 2107 2354 Annas
2131 2283 2270 2374 deputam
2305 2289 2351 2356 ad

1397 2391 1571 2478 Caipham.
2124 2415 2127 2420 ·

1481 2501 1684 2566 Reseounno:
1707 2503 1739 2566 ln
1764 2503 1824 2568 hoc
1847 2501 2026 2568 discordant
2054 2503 2296 2586 chrysostomus
2318 2507 2350 2570 et
2368 2515 2433 2572 seso·

1393 2605 1594 2692 Augustinus.
1613 2607 1689 2672 Nam
1707 2605 1899 2692 Augustinus
1913 2607 1926 2648 ⁷
1941 2607 2029 2686 dicit,
2048 2607 2129 2694 quod
2146 2595 2350 2674 adduxerunt
2368 2621 2502 2686 oriniacu-

1394 2729 1467 2778 eum
1491 2711 1529 2776 ab
1553 2713 1638 2778 tuna
1668 2711 1707 2778 ad
1731 2711 1880 2798 Caipham
1910 2713 1942 2778 in
1965 2713 2179 2798 praetorium3
2202 2717 2235 2778 et
2255 2713 2349 2794 dicit,
2390 2677 2477 2728 ΕΜ

1394 2815 1478 2902 quod
1503 2817 1563 2884 boe
1578 2821 1681 2902 potest
1695 2815 1842 2904 intelligi,
1860 2819 1908 2886 ιιι
1925 2817 2010 2908 quia*
2021 2817 2286 2906 Pilatusnuriam
2304 2827 2348 2886 te-

1393 2929 1482 2988 neret
1506 2921 1537 2986 in
1554 2921 1645 2988 domo
1661 2921 1813 3006 Caiphae,
1835 2923 1886 2990 ιιι
1909 2923 1994 3008 quod
2017 2923 2149 3008 Caiphae
2166 2923 2203 2990 ad
2220 2923 2349 2992 domum

1393 3027 1480 3094 Pilati
1511 3027 1627 3094 ivisset.
1652 3029 1919 3112 Chrysostomus8
1943 3029 2033 3110 dicit,
2058 3031 2142 3114 quod
2166 3049 2227 3096 non
2251 3029 2348 3096 addu-
2361 3043 2503 3154 &sinaitam

1392 3141 1467 3202 eunt
1493 3151 1565 3202 eum
1587 3133 1680 3200 modo
1708 3135 1813 3220 primo
1841 3137 1881 3202 ab
1903 3137 2004 3216 hona,
2027 3135 2080 3202 sed
2105 3137 2136 3202 in
2159 3135 2232 3222 galli
2255 3145 2351 3204 cantu
2504 3129 2512 3146 ⁹

1391 3241 1556 3308 duxerunt
1577 3241 1617 3306 ad
1640 3241 1768 3308 domum
1793 3241 1927 3328 Caiphae
1949 3249 1981 3308 et
2003 3241 2200 3328 postmodum
2217 3261 2351 3310 manea

1392 3347 1485 3414 domo
1508 3347 1638 3414 eiusad
1661 3347 1778 3432 ipsum,
1805 3349 1859 3434 qui
1883 3349 1983 3418 iverat
2004 3349 2043 3416 ad
2066 3349 2171 3416 locum
2189 3349 2349 3434 praetorii.

1481 3455 1532 3520 59.
1553 3455 1677 3538 Quaest.
1695 3455 1740 3520 ιιι.
1758 3455 1833 3522 item
1850 3457 2016 3542 quaeritur
2032 3457 2070 3522 de
2085 3457 2145 3526 hoc
2162 3455 2246 3540 quod
2261 3457 2349 3524 dicit:

1391 3559 1440 3626 Ne
1454 3559 1780 3640 contaminarentur,
1802 3563 1859 3630 sed
1880 3565 2125 3628 manducarent
2143 3559 2281 3646 pascuo.
2306 3601 2351 3612 —

1368 3665 1470 3752 ‘Ergo
1495 3667 1633 3730 nondum
1649 3667 1849 3734 comederant
1873 3667 2003 3752 pascha:
2027 3685 2102 3752 ergo
2119 3685 2190 3734 cum
2205 3667 2351 3737 Christus
2421 3715 2423 3718 -

1391 3771 1562 3860 cornederit
1573 3771 1624 3838 die
1637 3773 1845 3856 praecedenti,
1859 3793 1920 3840 non
1937 3775 2068 3840 comedit
2080 3779 2223 3856 tempore
2234 3775 2348 3842 debito.

1478 3877 1521 3944 hd
1547 3877 1606 3944 hoc
1640 3877 1828 3962 respondent
1864 3879 1989 3958 Graeci,
2021 3879 2106 3964 quod
2138 3897 2251 3946 verum
2287 3885 2348 3962 est,
2367 3889 2513 3990 hildini*

1390 3983 1476 4066 quod
1500 3981 1644 4050 Christus
1676 3985 1836 4066 praevenit
1868 3985 1983 4070 pascha
2009 3989 2139 4070 propter
2168 3991 2301 4052 mortem
2316 3985 2347 4068 9;

1390 4087 1474 4156 unde
1498 4087 1622 4168 dieunt,
1649 4089 1734 4174 quod
1764 4091 1897 4156 comedit
1920 4087 2154 4176 fermentatum
2185 4097 2216 4156 et
2240 4107 2281 4156 ex
2311 4097 2367 4156 eo¹

1390 4193 1536 4274 coniecit,
1562 4201 1593 4278 ιι
1616 4193 1684 4260 ideo
1706 4195 1763 4282 ipsi
1782 4195 1965 4276 conficiuut3
1991 4200 2021 4264 et
2045 4215 2085 4264 ex
2102 4197 2162 4274 hoc
2185 4195 2281 4264 uerbo
2297 4213 2348 4264 ao-

1389 4301 1511 4386 oipiunt
1532 4319 1659 4368 oausam
1683 4301 1811 4370 erroris.
1890 4313 1891 4316 ’

1477 4409 1539 4474 Nos
1562 4427 1637 4474 vero
1669 4409 1872 4492 exponimus,
1904 4411 1990 4496 quod
2015 4407 2145 4496 pascha
2170 4409 2250 4478 idem
2282 4415 2346 4492 est,
2365 4419 2502 4518 ingr-uffin-

1388 4513 1473 4600 quod
1491 4513 1579 4582 cibus
1595 4514 1764 4600 paschalis,
1790 4521 1820 4582 et
1834 4517 1913 4582 haee
1929 4525 2002 4584 sunt
2022 4535 2145 4600 azyma,
2164 4535 2244 4604 quae
2262 4535 2347 4584 com-

1388 4619 1520 4686 edebant
1546 4637 1601 4704 per
1625 4626 1743 4704 septem
1766 4621 1880 4714 dies10.

1389 4977 1431 5030 ed.
1445 4977 1616 5044 prosequitur
1628 4975 1665 5028 ad
1678 4975 1954 5044 accommodante
1967 4975 2037 5046 potet
2050 4981 2162 5032 cantum
2174 4977 2343 5036 dammula...

1388 5081 1406 5120 a
1426 5065 1504 5120 domo
1523 5065 1579 5120 elas
1598 5065 1635 5118 ad
1652 5065 1785 5132 Pilatum,
1806 5065 1854 5134 qui
1870 5075 1918 5120 etc.

1457 5151 1469 5182 ⁹
1488 5155 1633 5220 chrysost,
1653 5155 1680 5206 in
1700 5157 1770 5208 ioan.
1796 5157 1883 5208 homil.
1910 5157 1952 5208 83.
1972 5155 2046 5224 (alias
2069 5155 2122 5224 82.)
2141 5171 2169 5210 n.
2186 5159 2211 5212 3.
2232 5159 2256 5212 in
2275 5161 2343 5214 fine:

1391 5263 1404 5290 ι
1419 5245 1488 5312 Quid
1506 5243 1557 5296 sibi
1574 5245 1630 5296 vult
1647 5243 1711 5296 illud
1730 5247 1760 5298 ut
1778 5245 1975 5300 manducarent
1983 5245 2108 5314 pascha?
2125 5245 2202 5314 Atqui
2216 5247 2279 5302 illud
2292 5249 2345 5302 iam

1387 5329 1505 5386 Christus
1523 5329 1701 5384 celebraverat
1720 5347 1771 5384 uua
1793 5333 1833 5386 die
1853 5347 2014 5398 azymorum.
2034 5333 2079 5386 Vel
2099 5337 2195 5398 pascha
2214 5341 2292 5388 vocat
2308 5341 2346 5388 to·

1387 5425 1440 5470 tam
1459 5419 1647 5472 solemnitatem
1656 5439 1664 5482 ;
1682 5421 1725 5470 ιιι
1744 5419 1794 5484 ipsi
1813 5425 1867 5472 tum
1884 5421 1982 5484 pascha
1996 5419 2136 5482 iaciebant,
2150 5419 2266 5474 Christus
2279 5435 2343 5474 uero

1386 5507 1473 5572 pridie
1492 5495 1601 5572 lecerat,
1621 5509 1729 5560 caedem
1748 5523 1821 5560 sicam
1841 5509 1868 5560 in
1885 5521 2046 5572 parasceuen
2063 5521 2214 5574 reservans,
2234 5509 2343 5574 quodie

1386 5597 1449 5648 olim
1475 5599 1572 5662 pascha
1598 5593 1813 5650 celebrabatur».
1838 5597 1914 5650 Card.
1933 5599 2015 5662 ling„
2035 5597 2061 5648 in
2080 5597 2149 5648 ioan.
2170 5597 2216 5660 ι8,
2236 5599 2284 5666 28,
2302 5597 2343 5650 bis

1386 5683 1476 5736 verbis
1500 5683 1620 5738 adductis
1643 5683 1793 5748 subiungit:
1811 5683 1858 5738 Hic
1875 5683 1946 5752 loqui
1964 5683 2068 5736 uidetur
2086 5683 2289 5746 chrysostomos
2305 5695 2343 5734 se·

1386 5773 1503 5824 cundum
1535 5773 1687 5838 opinionem
1715 5773 1887 5836 Graecorum
1917 5773 1964 5824 sed
1991 5785 2069 5836 super
2098 5773 2253 5824 hetthaeum
2281 5771 2345 5824 dicit

1385 5863 1478 5926 plane,
1496 5863 1568 5926 quod
1587 5859 1704 5914 Christus
1723 5875 1770 5914 sao
1796 5869 1914 5926 tempore
1937 5861 1998 5914 lecit
2021 5861 2131 5926 pascha,
2161 5859 2208 5912 sed
2231 5859 2268 5912 illi
2297 5859 2344 5926 qui

1386 5951 1476 6004 omnia
1495 5949 1639 6016 audebant,
1659 5963 1706 6002 sue
1725 5956 1844 6016 tempore
1862 5935 1914 6004 non
1926 5953 2055 6016 lecerunt,
2067 5949 2115 6002 sed
2126 5947 2217 6000 intenti
2231 5947 2343 6012 captioni

1386 6037 1481 6094 Christi
1499 6041 1524 6090 in
1545 6041 1686 6092 crastiuum
1704 6041 1791 6092 lacere
1808 6043 2017 6092 reservaverunt.
2036 6037 2086 6090 Ch.
2105 6051 2184 6102 supra
2199 6049 2262 6100 pag.
2277 6037 2343 6100 leb,

1385 6133 1446 6180 noia
1460 6127 1470 6178 t
1479 6127 1503 6178 l.
1514 6133 1541 6178 et
1554 6128 1596 6179 ι2.
1610 6155 1644 6166 -
1657 6127 1764 6180 inlerius
1784 6127 1895 6180 vocibus
1915 6125 1967 6196 opst
1985 6123 2129 6196 conficiunt
2145 6125 2187 6178 ed.
2206 6137 2267 6176 oum
2281 6127 2343 6176 Gor·

1385 6229 1449 6268 rano
1469 6217 1596 6270 interserit
1615 6213 1642 6268 in
1660 6215 1833 6284 sermentato,
1854 6215 1971 6282 suppleri
1988 6215 2064 6268 etiam
2084 6217 2170 6278 potest
2186 6225 2223 6264 ea
2238 6225 2279 6264 eo.

1456 6301 1479 6334 ²⁰
1500 6305 1566 6358 Vide
1590 6317 1670 6368 supra
1694 6317 1756 6368 pag.
1776 6303 1842 6368 lna,
1867 6310 1953 6357 notam
1976 6305 1999 6366 ι,
2019 6307 2046 6354 et
2061 6301 2208 6364 tyrenum,
2227 6299 2253 6350 in
2271 6303 2343 6354 bunc

1385 6394 1490 6460 locum,
1508 6391 1553 6446 ubi
1573 6391 1621 6444 ait:
1640 6393 1668 6444 ld
1686 6397 1726 6444 esi
1744 6405 1851 6458 azymos
1874 6405 1971 6458 panes,
1988 6391 2034 6456 qui
2058 6403 2073 6440 a
2096 6387 2197 6442 ludaeis
2222 6387 2352 6442 comede·¹

1384 6481 1481 6534 bantur
1498 6481 1524 6532 in
1544 6483 1668 6546 paschate
1686 6495 1734 6544 per
1752 6487 1854 6546 septem
1873 6481 1937 6532 dies.
1955 6481 2013 6532 Non
2033 6477 2102 6530 enim
2120 6481 2175 6528 erat
2196 6475 2295 6528 licitum
2313 6475 2341 6528 il·

1383 6571 1424 6624 los
1441 6571 1580 6622 comedere
1598 6567 1646 6620 nisi
1667 6569 1785 6632 personis
1802 6567 1923 6630 michelis,
1940 6573 1968 6620 et
1985 6567 2044 6618 ideo
2060 6577 2109 6628 per
2124 6563 2256 6628 paschatis
2269 6577 2341 6616 man·

1384 6661 1551 6714 ducationem
1568 6673 1621 6710 non
1639 6655 1790 6720 intelligitur
1802 6655 1844 6708 hic
1863 6655 1988 6708 comestio
2000 6655 2061 6718 agni
2074 6651 2217 6718 paschale,
2231 6657 2259 6706 ui
2272 6655 2340 6706 male
2355 6653 2356 6656 ’
2393 6681 2394 6684 ¹

1384 6749 1476 6802 dicunt
1493 6745 1598 6812 Graeci,
1618 6745 1680 6812 quia
1696 6744 1768 6796 illum
1783 6745 1950 6796 comederent
1964 6743 2005 6796 die
2018 6741 2191 6808 praecedenti.
2204 6769 2240 6780 -
2251 6739 2338 6798 Codd.

1383 6837 1427 6890 hic
1445 6837 1545 6888 addunt
1559 6821 1635 6904 post,
1655 6835 1788 6886 Gortunus
1805 6835 1868 6898 legit
1880 6845 1932 6900 per
1949 6845 1999 6886 sea
2018 6829 2071 6886 dies
2087 6833 2160 6900 post.
