5908 8266
447 529 448 532 ‘
548 567 612 634 aaa

547 741 640 808 ducta
664 747 710 808 θεῖ
734 751 834 824 usque
857 737 896 802 ad
918 737 1077 804 Christum
1103 743 1133 806 et
1157 737 1188 802 in
1211 755 1285 804 eum
1307 739 1369 804 iam
1392 745 1500 824 parata

434 917 437 924 ,
548 849 692 926 credere;
716 843 792 930 qaid
813 847 924 920 restat,
947 841 1007 908 nisi
1032 849 1067 910 ut
1091 843 1241 908 Dominus
1264 843 1384 926 aperiat
1415 843 1442 910 ei
1468 863 1500 910 se

547 953 674 1040 ipsum?
695 953 824 1032 Propter
849 949 909 1016 666
930 947 1090 1034 sequitur:

634 1059 687 1124 66.
718 1055 816 1140 (Vors.
847 1055 923 1136 26.)
953 1053 1041 1118 Dicit
1054 1053 1086 1118 ei
1107 1055 1218 1118 lesus:
1244 1055 1311 1142 Epo
1334 1073 1425 1132 snm,
1441 1055 1500 1142 qni

547 1163 662 1250 loquor
677 1169 791 1226 teenrn.
815 1157 962 1226 Similiter
984 1157 1136 1226 Dominus
1160 1159 1318 1244 respondit
1339 1177 1429 1226 caeco
1452 1161 1498 1226 io-

545 1265 595 1332 fra
616 1283 698 1332 nouo
714 1267 738 1346 ¹,
762 1281 835 1328 oum
851 1283 963 1332 caecus
986 1270 1167 1350 quaereret,
1190 1265 1263 1348 quis
1279 1271 1359 1330 esset
1380 1265 1435 1330 Dei
1451 1265 1498 1332 Fi-

546 1371 622 1450 lius,
647 1371 679 1436 in
702 1387 796 1456 quem
818 1369 946 1436 deberet
970 1369 1114 1448 credere,
1143 1369 1294 1436 Dominus
1316 1369 1496 1454 respondit:

551 1475 691 1542 «Vidisti
727 1481 817 1554 eum‘,
841 1481 871 1542 et
906 1475 959 1560 qui
982 1475 1124 1558 loquitur
1159 1481 1279 1556 tecum,
1313 1475 1380 1560 ipse
1404 1479 1450 1540 est
1467 1501 1495 1538 ε.

545 1583 607 1646 lam
630 1581 692 1646 666
716 1579 939 1664 pronuntiata,
956 1577 1144 1646 terminatur
1165 1579 1354 1664 praedicatio
1381 1585 1413 1646 et
1435 1579 1497 1646 col-

545 1685 704 1772 loquium,
728 1685 801 1770 quia
824 1685 967 1770 discipuli
991 1689 1205 1750 revertuntur.
1230 1683 1299 1752 ldeo
1322 1685 1443 1752 subdit:

632 1793 684 1858 62.
704 1793 803 1876 (Vers.
821 1791 898 1874 27.)
924 1793 966 1856 lit
986 1791 1140 1856 continno
1163 1797 1319 1856 uenerunt
1343 1791 1499 1876 discipnl'

543 1895 614 1964 eins
634 1903 663 1964 el
684 1895 911 1976 mirabantur,
934 1895 1016 1984 qnia
1039 1913 1115 1962 anna
1139 1895 1276 1964 nuntiare
1295 1895 1494 1984 loquebatur.

543 2003 785 2070 admirabantur
806 2003 875 2068 eius
897 1991 1102 2068 'clementiam
1124 2008 1157 2069 θῖ
1185 2003 1412 2088 dignationem3
1436 2003 1496 2068 llu-

542 2109 686 2196 gustious
700 2111 729 2174 2:
760 2135 776 2168 ε
791 2107 912 2174 Bonum
936 2107 1185 2188 admirabantur,
1209 2127 1272 2174 nan
1301 2109 1420 2174 malurn
1444 2127 1496 2176 su-

513 2289 514 2292 ,
542 2215 789 2302 opinabantur».
814 2215 849 2280 Et
864 2217 941 2282 baec
965 2213 1128 2282 admiratio
1151 2233 1214 2282 non
1229 2213 1323 2282 duxit
1345 2215 1377 2282 in
1401 2233 1494 2300 quae-

542 2321 687 2402 stionem,
712 2321 820 2390 sedin
843 2321 1049 2404 reuerentiam
1075 2327 1105 2390 θῖ
1127 2321 1281 2388 timorem.
1310 2321 1380 2388 Ideo
1403 2321 1493 2388 dicit:

542 2425 642 2492 lVerno
666 2435 775 2494 tannen
797 2427 884 2492 discit
905 2427 935 2492 ei
946 2427 975 2492 ³:
993 2427 1083 2510 Quid
1104 2427 1254 2514 qnaeris,
1273 2435 1333 2492 ant
1354 2427 1435 2514 qnid
1451 2427 1494 2492 to-

541 2533 653 2618 666666
674 2553 751 2600 carn
767 2531 830 2596 aa?
848 2531 934 2612 Quid
957 2531 1115 2618 qnaeris?
1133 2531 1235 2616 quasi,
1260 2549 1341 2624 qnae
1364 2539 1411 2598 est
1433 2533 1493 2598 hu·

539 2639 591 2704 ius
613 2637 778 2704 locutionis
794 2637 986 2702 necessitas?
1013 2637 1100 2718 Quid
1120 2635 1285 2722 loqueris?
1308 2655 1390 2720 quae
1412 2637 1494 2702 scili-

540 2749 590 2810 cet
611 2749 658 2810 est
691 2743 801 2809 huius
821 2741 984 2808 locutionis
1015 2741 1158 2806 utilitas?
1185 2739 1363 2806 «Verbum
1392 2741 1491 2820 enim,

539 2845 623 2930 quod
648 2851 732 2912 caret
755 2845 873 2910 ratione
897 2845 996 2910 iustae
1020 2843 1212 2910 necessitatis
1238 2845 1287 2910 uel
1317 2843 1387 2928 piae
1409 2843 1492 2910 atili-

539 2953 627 3032 ῖθῖῖε,
653 2949 687 3016 ut
710 2949 784 3018 dicit
804 2949 973 3034 Gregorius
984 2949 1009 3028 4,
1033 2949 1167 3014 otiosum
1190 2953 1237 3014 θεῖ
1253 2975 1283 3012 a.

899 3161 1125 3244 Quausrmuns

513 3409 514 3414 ,
625 3353 676 3442 63.
703 3377 825 3458 Quaest.
848 3373 870 3436 Ι.
895 3371 1003 3438 Incidit
1023 3371 1075 3436 bic
1089 3371 1230 3454 quaestio
1253 3371 1353 3456 primo
1377 3371 1414 3436 de
1431 3371 1490 3438 hoc

536 3479 620 3567 quod
636 3479 723 3546 dicit:
747 3479 838 3544 Venit
859 3475 960 3556 dora,
977 3479 1110 3564 qnando
1135 3497 1235 3566 neque
1251 3477 1287 3542 in
1308 3485 1415 3542 rnonte
1430 3475 1489 3542 boo

534 3605 636 3674 neque
658 3583 867 3672 ierosolymis
889 3583 1075 3650 adorabitis
1097 3585 1244 3650 Patren.

627 3695 654 3758 l.
679 3691 709 3758 Si
732 3691 792 3756 666
815 3707 927 3756 uerum
950 3695 1014 3754 est:
1039 3707 1114 3774 ergo
1145 3707 1207 3754 non
1234 3688 1386 3756 deberent
1415 3707 1489 3756 con-

534 3797 753 3881 struitempla
775 3795 813 3860 ad
829 3793 1011 3860 orationem.
1474 3863 1480 3870 ,

622 3907 651 3970 2.
676 3905 771 3980 Item,
795 3901 897 3968 siens
920 3901 975 3986 qui
992 3899 1137 3980 adorant,
1160 3899 1197 3966 in
1217 3899 1341 3986 spirita
1365 3903 1488 3984 eportet

533 4009 681 4074 adorare:
706 4025 780 4092 ergo
794 4013 942 4090 peccant,
965 4005 1021 4090 qui
1044 4007 1083 4070 ad
1099 4005 1254 4070 orandum
1276 4005 1394 4070 iaciunt
1409 4005 1486 4070 ima-

532 4115 619 4198 gines
642 4113 828 4196 corporales

621 4221 823 4286 Rusucmona:
842 4217 1030 4296 Dicendum,
1060 4215 1143 4300 quod
1158 4217 1349 4282 conditiones
1372 4217 1486 4282 oratio-

380 4347 448 4400 nesp.
464 4325 582 4408 pannis
602 4325 755 4408 quaedam
783 4327 856 4388 sunt
879 4321 1080 4396 essentiatus,
1113 4327 1148 4386 ut
1180 4327 1266 4386 recta
1295 4321 1425 4388 intentio
1455 4327 1486 4388 θῖ

395 4397 613 4496 ilidl‘ffl'tosn
641 4427 764 4512 petiti03
795 4427 948 4512 quaedam
978 4423 1209 4502 accidentales,
1241 4429 1276 4490 ut
1299 4431 1425 4508 tempus
1454 4433 1486 4492 θῖ

531 4535 629 4598 locus
653 4531 727 4598 Dico
751 4529 855 4618 igitur,
881 4529 964 4614 quod
988 4529 1139 4594 Dominus
1162 4547 1223 4594 non
1256 4529 1350 4608 dixit,
1382 4529 1485 4594 locum

531 4639 772 4706 determinatum
794 4637 834 4702 ab
863 4635 1004 4700 oratioue
1025 4653 1101 4700 uera
1132 4653 1199 4702 θεεθ
1223 4635 1427 4702 resecandam
1449 4641 1485 4700 ut

531 4745 746 4831 superfluum
770 4741 824 4808 sed
846 4739 1115 4824 cognoscendum,
1140 4759 1200 4808 non
1220 4757 1287 4808 esse
1310 4741 1347 4806 de
1370 4741 1485 4806 oratio

518 4837 749 4928 ,nisessenna
770 4847 843 4932 qaia
866 4847 932 4914 veri
949 4847 1131 4930 adoratores
1153 4845 1272 4930 ubique
1288 4847 1388 4912 Deum
1409 4847 1485 4910 ado-

380 4975 510 5024 rantium.
530 4957 609 5020 rant.
636 4955 671 5018 ῖῖῖ
695 4953 765 5020 66666
787 4969 848 5016 666
872 4949 911 5018 sit
934 4949 1141 5018 necessarius
1164 4951 1265 5028 locus,
1289 4967 1350 5016 non
1380 4955 1484 5016 tamen

530 5067 576 5126 est
590 5057 801 5144 superdeum,-
823 5055 905 5124 ualet
920 5057 1003 5122 enim
1026 5055 1278 5122 admemoriam
1294 5057 1482 5134 habendam,

528 5169 568 5234 ad
589 5167 785 5234 devotionern
809 5163 1018 5240 excitandam,
1043 5163 1080 5228 θεῖ
1103 5163 1261 5228 unitatem
1284 5163 1482 5240 seruandam,

599 5603 703 5658 ²Vers.
722 5603 764 5656 37.

597 5689 609 5758 ἓ
627 5695 654 5746 66
668 5693 738 5744 ioan.
752 5693 849 5754 Evang.
863 5695 892 5742 tr.
907 5689 949 5742 66.
962 5705 989 5742 n,
1002 5691 1050 5744 29:
1064 5693 1164 5742 Bonrrm
1178 5693 1248 5744 eninr
1256 5687 1418 5744 mirabantur
1431 5699 1481 5744 etc.

560 5821 562 5824 .
596 5777 739 5844 ⁸Vulgata
757 5777 850 5828 omittit
869 5775 900 5828 θ’.
1378 5789 1380 5798 r

512 5933 513 5936 Ἰ
596 5867 696 5920 46666.
713 5867 766 5918 Vll.
788 5865 878 5918 litoral'
892 5879 916 5916 s.
936 5863 978 5916 67.
996 5879 1021 5914 6.
1043 5865 1090 5916 58:
1110 5865 1227 5918 Otiosum
1250 5867 1349 5930 quippe
1367 5865 1480 5918 verbum

527 5963 578 6020 θεῖ,
597 5955 670 6022 quod
689 5959 734 6006 aut
751 5953 850 6004 ratione
869 5951 950 6004 iustae
963 5951 1137 6014 necessitatis
1151 5951 1346 6004 aut‘intentiooe
1359 5953 1419 6016 piae
1430 5951 1480 6004 uti-

524 6045 601 6098 litatis
620 6049 698 6096 caret.
716 6041 765 6096 Clr.
787 6045 804 6094 ῖ.
822 6041 915 6092 Hamil.
935 6041 961 6092 in
980 6041 1080 6104 Erana.
1099 6039 1187 6092 homil.
1207 6041 1233 6092 6.
1252 6053 1277 6090 6.
1298 6041 1321 6092 6.

596 6129 854 6192 ὅΡεθῖεη.67,26.
902 6123 903 6128 '

595 6215 675 6272 θῖῖῖθ.
695 6220 732 6272 ῖῖῖ.
752 6219 820 6270 Sent
841 6219 868 6270 d.
887 6217 910 6270 9.
931 6233 953 6270 a.
976 6219 999 6270 l.
1019 6233 1045 6284 q.
1066 6219 1089 6266 2.

595 6303 605 6334 ⁷
624 6307 672 6358 Ε6.
689 6305 783 6358 omittit
802 6303 832 6356 da
850 6317 878 6358 se
896 6309 929 6358 el.

596 6389 699 6444 θ6666.
720 6395 762 6444 66.
986 6385 989 6392 ’

594 6477 606 6506 ⁹
623 6479 711 6532 Glossa
731 6477 872 6534 ordinaria
889 6479 918 6530 in
932 6481 1001 6530 bunc
1012 6479 1114 6532 locum:
1133 6479 1190 6536 Nos
1203 6479 1290 6530 ludaei
1303 6469 1357 6530 non
1370 6489 1476 6540 omnm,

523 6569 568 6620 sed
588 6569 663 6620 electi
681 6565 828 6620 adoramus
848 6565 921 6634 qnod
937 6565 1038 6620 6666666
1061 6573 1111 6620 eto.
1135 6565 1187 6620 Cir.
1212 6567 1337 6632 August,
1355 6563 1381 6614 in
1406 6566 1477 6617 toan.

524 6655 622 6718 Evang.
639 6661 672 6708 tr.
692 6655 734 6708 la.
752 6667 777 6704 n.
798 6653 840 6704 26.
860 6653 927 6706 Vide
945 6653 1023 6706 etiam
1042 6655 1116 6706 Rom.
1136 6657 1167 6716 2,
1187 6657 1230 6706 26.
1255 6667 1323 6720 seq,
1343 6653 1370 6704 in
1394 6663 1476 6716 quem

522 6737 610 6792 mcum
627 6743 716 6794 Glossa
736 6739 890 6794 ordinante:
910 6743 1020 6794 iudaeus
1049 6743 1232 6806 interpretator
1258 6741 1403 6812 canitiem,-
1429 6737 1476 6806 qai

342 6833 344 6840 ’
522 6825 591 6878 enim
611 6839 675 6878 vere
692 6827 773 6880 credit
792 6833 816 6878 et
833 6833 904 6880 reete
932 6827 1067 6882 confitetur
1091 6843 1154 6882 vere
1178 6839 1219 6884 est
1241 6831 1360 6884 iudaeus
1383 6831 1475 6882 Glossa

1252 563 1443 640 COMMENT.
1470 565 1505 632 IN
1529 565 1693 634 IOANNEM
1718 567 1747 632 C.
1774 569 1820 634 IV.

1562 741 1602 806 ad
1624 743 1807 808 sacietatem
1834 743 2035 830 Anpelornrn
2050 743 2266 822 obtinendam,
2288 743 2363 828 quia
2382 761 2520 830 prame·

1562 855 1683 914 nerunt
1702 847 1870 934 principes
1895 847 2061 914 coniuncti
2078 847 2292 932 psallentibus
2304 847 2328 914 ὅ.

1653 957 1682 1020 2.
1707 953 1795 1036 Quod
1818 953 1923 1020 obiicit
1946 951 1983 1018 de
1998 953 2201 1036 imaginibus,
2223 953 2406 1032 dicendum,
2432 955 2517 1040 quod
2535 969 2571 1014 aa
2585 969 2604 1014 e.

1561 1057 1655 1124 modo
1676 1079 1738 1124 non
1761 1061 1894 1136 obsunt,
1917 1057 1991 1142 quia
2014 1075 2076 1124 non
2099 1057 2248 1136 creditur,
2272 1057 2397 1143 aliquid
2416 1059 2449 1124 in
2471 1057 2517 1124 eis

1562 1181 1630 1230 esse
1654 1165 1815 1242 divinans,
1841 1181 1899 1228 nec
1919 1163 2021 1228 Deum
2043 1179 2111 1228 esse
2135 1163 2175 1230 ibi
2201 1163 2439 1246 corporaliter,
2462 1165 2516 1230 sed

1562 1271 1663 1335 solum
1685 1267 1936 1356 siqnifientivei.

1651 1377 1703 1442 66.
1727 1375 1851 1460 Quaest.
1875 1373 1908 1438 ῖῖ.
1933 1373 2008 1440 Item
2032 1375 2196 1460 quaeritur
2212 1375 2250 1442 de
2272 1373 2332 1440 boc
2354 1375 2439 1460 quod
2455 1377 2515 1442 Do·

1561 1479 1666 1546 minus
1697 1481 1734 1544 de
1766 1497 1798 1546 se
1829 1477 1883 1544 θῖ7
1914 1477 1954 1546 de
1979 1479 2100 1544 ludaeis
2123 1481 2214 1546 dicit:
2238 1477 2306 1546 Nos
2330 1481 2515 1544 odorant-ns

1561 1587 1650 1670 qnod
1670 1585 1803 1652 seinans.
1820 1621 1865 1634 -·
1883 1583 2027 1650 Contra:
2050 1583 2134 1650 inira
2156 1583 2308 1652 octavo⁸:
2333 1583 2442 1672 Neque
2463 1605 2514 1652 nae

1559 1689 1652 1756 scitis
1682 1709 1783 1776 neqne
1811 1691 1947 1754 Patrem
1976 1707 2086 1754 menan
2120 1689 2221 1770 scitis,
2258 1689 2332 1754 dicit
2361 1689 2514 1756 Dominus

1560 1793 1648 1860 lesus
1669 1793 1797 1860 ludaeis.

1650 1889 1849 1966 Rssrounuo:
1874 1899 1956 1964 Infra
1989 1899 2028 1964 de
2062 1899 2239 1966 infidelibus
2264 1899 2422 1984 intelligit,
2457 1901 2511 1984 qai
2531 1913 2596 1970 neap.

1559 2011 1650 2072 erant
1672 2005 1776 2072 ludaei
1798 2005 1863 2072 solo
1879 2003 2021 2086 nomine3
2043 2005 2095 2072 hic
2119 2009 2223 2072 autem
2239 2003 2277 2072 de
2292 2005 2412 2072 Iudaeis
2429 2007 2511 2072 veris
2606 2017 2607 2022 ’

1559 2111 1711 2198 loquitur,
1733 2111 1787 2198 qui
1811 2129 1846 2178 re
1869 2117 1900 2178 θῖ
1922 2111 2034 2176 merito
2057 2111 2176 2176 ludaei
2204 2111 2400 2196 appellantur
2412 2111 2436 2176 ⁹.
2473 2139 2475 2144 v

1648 2219 1701 2286 66.
1725 2219 1848 2302 Quaest.
1878 2218 1922 2284 ῖῖῖ.
1949 2219 2023 2282 ltem
2045 2217 2223 2302 quaeritur:
2249 2231 2322 2282 cum
2349 2215 2510 2282 «verbam

1557 2325 1775 2390 abbreviatam
1789 2323 1898 2390 lecerit
1920 2321 2072 2388 Dominus
2091 2319 2410 2406 superterram1⁰»;
2428 2319 2511 2384 unde

1557 2429 1617 2494 hoo
1641 2435 1706 2510 est,
1728 2429 1812 2514 quod
1836 2429 2060 2494 samaritanam
2076 2445 2134 2512 per
2149 2433 2194 2492 tot
2216 2425 2313 2494 verba
2327 2423 2511 2510 protraxit?

1647 2535 1821 2618 Respondet
1835 2534 2121 2618 Chrysostomns¹1‚
2139 2527 2222 2618 quod
2240 2531 2264 2600 si
2285 2531 2389 2598 statim
2411 2531 2510 2598 dinis·
2528 2547 2593 2602 neap.

1553 2645 1603 2704 set
1627 2639 1766 2704 mulieri:
1782 2639 1844 2722 Ego
1859 2655 1930 2702 sum
1954 2639 2110 2716 Christus
2128 2639 2286 2706 uideretur
2310 2639 2457 2716 delirare;
2479 2641 2511 2702 et

1556 2743 1626 2810 ideo
1649 2743 1797 2828 paulatim
1820 2749 1967 2826 tanquam
1992 2743 2092 2808 bonus
2108 2743 2216 2810 doctor
2240 2743 2386 2828 provexit
2408 2749 2440 2810 et
2454 2763 2510 2810 no-

1555 2847 1603 2912 bis
1627 2849 1809 2930 exemplum
1844 2845 2034 2924 tribuit,.ut
2071 2863 2132 2912 non
2165 2847 2371 2932 dedignemur
2400 2847 2509 2930 paucis

1555 2951 1752 3018 auditoribus
1774 2951 1971 3036 praedicare,
1996 2949 2120 3036 quando
2141 2951 2208 3036 ipse
2222 2949 2276 3018 uni
2302 2951 2425 3018 vetulae
2446 2957 2507 3016 tam

1554 3057 1682 3140 longum
1706 3073 1883 3122 sermonem
1904 3057 1986 3122 fecit.

1643 3161 1695 3228 66.
1719 3161 1843 3246 Ωεεθθεῖ.
1870 3163 1915 3228 IV.
1947 3163 2019 3228 item
2051 3161 2232 3248 quaeritur:
2257 3179 2328 3228 cum
2363 3161 2505 3246 discipuli

1553 3261 1751 3350 dubitarent,
1784 3273 1816 3332 θῖ
1847 3269 1957 3335 Petrus
1991 3269 2139 3334 audacter
2174 3269 2288 3334 soleret
2322 3285 2340 3332 a
2374 3267 2506 3332 Domino

1553 3375 1764 3458 quaerere123
1787 3393 1887 3458 quare
1908 3393 1969 3440 nan
1995 3373 2197 3458 quaesierunt
2219 3393 2240 3440 a
2262 3373 2409 3452 Domina,
2432 3373 2507 3459 quid

1553 3479 1764 3562 loqueretur?

1640 3585 1835 3652 annonast
1859 3585 2035 3668 responsio,
2068 3585 2151 3668 quod
2175 3587 2198 3652 si
2223 3585 2436 3672 quaesissent,
2459 3583 2505 3650 vi·
2524 3601 2589 3658 resp.

1550 3691 1702 3758 darentur
1724 3691 1785 3756 iam
1818 3691 1919 3774 ipsam
1936 3691 2062 3758 ,babere
2091 3697 2291 3774 suspectum3
2316 3687 2385 3756 ideo
2415 3689 2504 3754 time-

1551 3797 1626 3862 bant
1647 3797 1737 3882 argui
1759 3797 1797 3862 de
1820 3797 1915 3862 stulta
1939 3797 2120 3880 quaestione
2135 3801 2166 3862 θῖ
2188 3797 2226 3862 de
2249 3793 2455 3878 indisciplina
2473 3801 2504 3860 θῖ

1550 3901 1620 3968 66θ6
1642 3921 1704 3968 666
1726 3901 1856 3968 fuerunt
1879 3903 1947 3968 ausi
1970 3919 2133 3986 quaerere.

1638 4007 1691 4074 67.
1715 4007 1857 4094 Reliquit
1878 4025 1954 4094 arpo
1978 4005 2136 4094 apertam
2156 4025 2264 4074 suana*
2278 4012 2336 4072 etc.
2362 4007 2425 4070 lam
2440 4011 2503 4070 ter·
2540 4025 2648 4076 senuna,

2523 4077 2668 4124 manifestatio

1551 4113 1667 4180 minata
1691 4119 1848 4196 estpars,
1874 4113 1904 4178 in
1930 4131 1992 4198 qua
2013 4113 2166 4178 Dominus
2188 4111 2378 4196 praedicauit
2408 4117 2439 4178 et
2470 4129 2502 4178 se
2520 4129 2661 4228 illidit

1549 4217 1684 4284 ostendit
1706 4217 1827 4284 mulieri
1853 4217 2063 4284 Samaritanae
2085 4217 2286 4302 singulariter
2309 4221 2339 4282 θῖ
2363 4217 2500 4300 private;
2555 4235 2619 4280 raon.

1550 4323 1599 4388 666
1623 4323 1730 4406 incipit
1753 4325 1889 4390 secunda
1908 4341 1996 4406 pars,
2019 4323 2052 4388 in
2068 4343 2131 4408 qua
2150 4323 2301 4388 Dominus
2320 4321 2500 4388 commanni-

1549 4433 1596 4490 ter
1613 4427 1840 4492 Samaritana
1857 4427 2013 4512 praedicat
2030 4435 2061 4494 θῖ
2077 4427 2122 4494 eis
2138 4445 2172 4494 se
2186 4427 2289 4510 ipsum
2313 4427 2499 4492 manifestat.

1549 4533 1584 4596 Et
1609 4531 1683 4616 quia
1704 4531 1781 4596 baec
1806 4531 2010 4598 nranilestatio
2034 4533 2147 4616 partim
2171 4533 2250 4598 lacta
2272 4537 2319 4596 est
2334 4531 2499 4614 praeconio

1550 4637 1707 4714 arctioris,
1733 4637 1845 4720 partim
1876 4655 2017 4702 sermone
2042 4637 2174 4718 Christi,
2197 4643 2229 4702 θῖ
2251 4637 2310 4700 666
2341 4637 2500 4720 discipulis

1547 4739 1762 4820 audientibus,
1787 4741 1839 4826 qui
1859 4741 1896 4806 θεῖ
1920 4745 1980 4808 666
1995 4741 2073 4808 idem
2100 4743 2252 4808 debebant
2267 4759 2335 4808 esse
2360 4743 2498 4822 solliciti;

1547 4839 1617 4912 ideo
1631 4847 1812 4928 proceditur
1826 4845 1870 4912 66
1883 4847 1941 4914 666
1957 4847 2202 4914 manifestatione
2226 4847 2396 4914 secundum
2415 4849 2499 4914 banc

1547 4951 1697 5018 ordinem.
1722 4951 1824 5018 Primo
1848 4951 1930 5018 enim
1954 4957 2079 5018 notatur
2102 4951 2271 5038 atilipentia
2295 4949 2444 5018 ntnlieris
2460 4951 2497 5018 ad
2513 4973 2642 5020 salerna.

1546 5075 1658 5124 nomen
1684 5057 1796 5124 Christi
1827 5057 2093 5138 annuntiandum3
2117 5057 2267 5134 secundo,
2300 5057 2517 5124 desideriunt·

1550 5159 1673 5228 Cbristi
1682 5163 1720 5228 ad
1731 5163 1756 5202 1³
1769 5163 2019 5248 suscipiendum
2034 5165 2135 5242 tertia,
2149 5165 2310 5230 animatio
2321 5165 2466 5252 discipul
2484 5203 2497 5212 -
2603 5173 2605 5184 ⁵

1544 5603 1741 5660 interlinearis:
1759 5607 1870 5658 iudaeus
1887 5611 1927 5660 est
1943 5607 2050 5658 nomino
2068 5611 2094 5658 et
2119 5607 2225 5658 natione
2248 5607 2295 5672 qui
2316 5603 2392 5658 labiis
2417 5609 2495 5660 conli-

1544 5697 1612 5744 tetur
1628 5697 1655 5744 θῖ
1666 5693 1752 5762 corde
1771 5699 1809 5744 est
1827 5699 1944 5744 remotus
1958 5693 2113 5758 (secondum
2126 5677 2252 5758 rieymon.
2268 5693 2294 5744 in
2305 5695 2375 5744 hunc
2387 5693 2493 5762 locam).

1544 5807 1578 5820 -
1598 5779 1746 5830 Secundum
1765 5779 1884 5844 Hieron,
1904 5779 1937 5832 de
1965 5779 2067 5832 Nomia.
2091 5779 2224 5834 Hebraicis
2246 5781 2309 5834 novi
2335 5787 2445 5848 testam„
2461 5783 2493 5834 θεῖ

1542 5867 1620 5918 Dour.
1637 5865 1704 5918 Inda
1725 5867 1749 5934 (a
1767 5879 1820 5932 qno
1840 5867 1937 5934 ludaei)
1958 5867 2082 5920 corrfitens
2102 5867 2158 5922 sive
2175 5869 2322 5934 glorificans
2346 5869 2493 5936 interpreta-

1543 5957 1598 6014 tur3
1617 5955 1658 6004 vel
1677 5959 1704 6004 ut
1724 5953 1787 6008 ibid.
1811 5959 1865 6008 vet.
1889 5961 1989 6008 testam.
2014 5957 2048 6008 de
2071 5957 2135 6008 Gen.
2162 5957 2271 6012 dicitur:
2291 5957 2358 6012 inda
2379 5959 2493 6012 laudatio

1543 6041 1600 6092 sire
1617 6043 1752 6094 consessio.

1551 6149 1552 6154 ¹
1613 6125 1635 6156 ¹⁰
1654 6131 1685 6182 Ut
1712 6129 1805 6182 dieitur
1833 6129 1860 6182 in
1885 6133 1985 6196 Regula
2008 6135 2055 6186 FF.
2074 6135 2166 6188 blinor.
2186 6149 2210 6186 c.
2229 6137 2259 6196 9,
2279 6148 2331 6200 qno
2355 6133 2492 6200 respicitur

1541 6215 1617 6266 Rom.
1634 6217 1666 6282 9,
1684 6219 1733 6270 28:
1751 6217 1816 6284 eria
1845 6221 1956 6272 verbum
1985 6221 2130 6274 breviatam
2160 6221 2233 6274 faciet
2259 6221 2386 6272 Dominus
2414 6235 2493 6286 super
2562 6231 2565 6238 ·’

1541 6305 1644 6362 terram,

1611 6389 1632 6420 ¹¹
1652 6395 1679 6446 ln
1697 6395 1764 6448 ioan.
1784 6397 1872 6458 homil.
1891 6399 1934 6450 33.
1954 6397 2027 6464 (alias
2045 6399 2098 6466 32.)
2117 6413 2143 6452 n.
2164 6401 2193 6452 2:
2213 6401 2285 6464 Quae
2302 6397 2324 6450 si
2342 6397 2415 6450 initio
2440 6413 2490 6450 non

1540 6483 1673 6544 quaerenti
1691 6485 1796 6538 mulieri
1812 6485 1931 6548 dixisset,
1949 6487 2022 6538 visus
2041 6485 2129 6540 luisset
2147 6487 2169 6538 ei
2187 6487 2297 6540 delirare
2315 6493 2341 6538 et
2358 6485 2438 6538 fartilia
2458 6487 2490 6536 lo·

1538 6565 1593 6632 qui.
1611 6569 1684 6620 blano
1703 6577 1791 6622 antem
1808 6573 1933 6636 paulatim
1952 6573 1986 6626 illi
2006 6573 2162 6626 memoriam
2181 6587 2323 6638 revocans,
2342 6577 2490 6638 opportune

1539 6665 1597 6706 sese
1614 6659 1722 6710 revelat.

1610 6739 1630 6770 ¹²
1649 6743 1701 6800 Cir.
1721 6749 1787 6800 intra
1805 6749 1853 6812 26,
1871 6749 1914 6802 26,
1932 6777 1968 6792 -
1985 6751 2035 6802 Pro
2052 6749 2150 6806 sainct
2166 6751 2253 6816 plures
2273 6749 2350 6804 codd.
2368 6747 2478 6804 sabbat.
2534 6775 2535 6778 ¹
2573 6767 2576 6774 ⁴

1609 6827 1630 6860 ¹³
1649 6833 1694 6884 Ε6.
1714 6835 1788 6888 addit
1803 6839 1924 6902 uocatus,
1947 6839 2115 6906 quodetiam
2133 6839 2198 6890 inlra
2217 6853 2241 6890 n.
2262 6839 2303 6890 at.
2323 6837 2442 6892 babetur.
