5900 8266
1280 601 1556 670 tractationibus
1578 605 1611 670 C.
1635 605 1656 670 I.
2426 607 2452 672 V

472 789 611 856 quodque,
625 787 670 842 ubi
683 791 773 840 auctor
791 781 942 850 praedictae
959 779 1090 834 Summae
1104 777 1287 848 Eupasittam‘s
1307 779 1334 834 in
1355 781 1431 834 Psal-

473 895 572 952 teriam
590 911 648 962 cap.
669 897 694 946 8.
713 907 783 946 sera.
801 889 826 942 7.
845 887 927 952 legit:
948 885 1081 956 Sprevisti
1108 899 1199 940 omncs
1228 885 1387 940 discedentes
1412 901 1431 940 a

472 991 966 1068 6666666616,6666661666661616666
995 991 1071 1044 halus
1098 991 1233 1056 amplioris
1259 991 1287 1042 16
1313 991 1429 1044 eundern

471 1103 603 1166 Ps'almum
633 1109 660 1160 16
669 1109 692 1158 8.
719 1117 778 1168 cap.
806 1105 834 1168 8,
864 1111 934 1152 vers.
952 1099 977 1164 6,
996 1097 1075 1152 habet
1092 1111 1112 1152 a
1128 1095 1236 1152 iustitiis
1254 1095 1323 1162 turs,
1346 1097 1431 1150 intulit

472 1225 552 1286 atque
571 1209 762 1282 pronuntiavit,
780 1211 848 1260 hanc
866 1205 990 1258 Iusiorem
1007 1203 1202 1270 Expositionem
1226 1215 1279 1254 non
1298 1213 1356 1254 esse
1373 1215 1430 1254 san·

473 1327 507 1378 cti
524 1323 738 1382 Beneventurae,
767 1313 814 1366 sed
832 1309 935 1364 Ioannis
958 1309 1155 1362 lemovicensis
1181 1307 1302 1360 monachi
1326 1305 1430 1360 Clarae-

472 1427 609 1492 valleusis‚
627 1439 656 1478 ex
675 1437 723 1476 ms.
743 1421 832 1474 codice
852 1417 1024 1470 bibliothecae
1049 1417 1074 1468 S.
1094 1415 1172 1468 lilerci
1190 1413 1297 1480 Veneti,
1315 1413 1361 1480 qui
1380 1413 1429 1464 tor·

471 1549 517 1588 san
537 1535 560 1588 is
578 1537 630 1598 est,
647 1511 694 1598 qui
722 1535 841 1592 tempore
863 1523 1003 1578 innocentii
1021 1521 1108 1588 quarti
1127 1523 1209 1574 lactus
1229 1519 1362 1584 Minorita,
1385 1531 1429 1570 aa.

398 1703 404 1714 ,
474 1639 541 1692 6665
560 1643 616 1692 erat
632 1637 690 1690 eius
709 1631 921 1688 poenitentiarius
939 1643 969 1682 ex
989 1627 1053 1680 actis
1070 1625 1179 1678 Consilii
1196 1623 1389 1690 Lugdunensis,
1402 1627 1429 1674 66

471 1745 527 1798 6166
548 1741 665 1796 meminit
684 1739 852 1804 Waddingus
870 1717 903 1790 ad
924 1751 963 1788 an.
987 1733 1049 1786 teat
1071 1747 1143 1786 utrm.
1165 1731 1197 1782 88
1211 1749 1237 1782 a.

544 1847 620 1914 Quod
638 1845 737 1898 Bouelli
759 1849 830 1896 recte
852 1839 1020 1920 iudicaverit,
1040 1841 1140 1892 certam
1160 1841 1197 1888 est
1216 1839 1242 1888 et
1259 1835 1429 1888 eontirmatur

470 1955 624 2008 arroteritate
641 1951 778 2014 codicum,
798 1961 911 2016 quoram
930 1959 1026 1998 novem
1045 1949 1106 1996 6666
1122 1941 1259 2008 anonymi,
1278 1941 1332 1994 diro
1354 1939 1388 2008 (a.
1402 1937 1428 1990 7.

470 2065 497 2114 et
515 2061 567 2128 16.)
587 2065 722 2112 auctorem
742 2057 876 2110 nominant
887 2057 1009 2108 loannem
1022 2051 1251 2112 Lemoviceusem‚
1268 2049 1428 2100 monachum

470 2167 504 2220 de
522 2167 680 2230 Clarauallo,
698 2177 765 2218 unos
786 2161 821 2230 (u.
843 2161 894 2230 10)
915 2173 980 2212 reru
998 2161 1038 2212 Fr.
1058 2157 1214 2210 6616606666
1234 2155 1267 2208 66
1286 2151 1428 2218 hasselt),

470 2275 543 2342 quod
562 2273 655 2338 legitur
674 2271 699 2324 in
720 2247 772 2322 hnc
791 2267 926 2334 opusculi;
944 2281 999 2344 quo
1018 2269 1105 2318 tamen
1124 2263 1230 2316 nomine
1249 2263 1357 2314 tortasse
1374 2275 1428 2312 uon

470 2385 574 2442 auctor,
594 2377 639 2430 sed
660 2377 771 2442 scriptor
791 2375 928 2428 indicatur.
940 2373 996 2424 lion
1014 2379 1054 2424 est
1069 2369 1179 2422 alicuius
1196 2365 1335 2428 momenti,
1355 2367 1427 2434 quod

470 2499 564 2538 mauris
581 2485 711 2536 recentior
731 2485 756 2534 in
776 2479 905 2548 priucipiu
926 2479 1072 2542 inscripsit:
1091 2473 1187 2532 Semcli
1203 2475 1401 2528 Bomaccature.

543 2591 565 2644 1.
578 2577 719 2658 Erlaapcu
737 2589 762 2640 in
784 2587 902 2650 Bavoria,
916 2583 1073 2638 bibliotheca
1086 2579 1281 2646 Universitatis,
1296 2577 1436 2632 666191.

470 2695 581 2750 membr.
602 2697 627 2748 in
647 2697 777 2748 1666666.
804 2695 867 2746 XIII.
885 2697 989 2746 exeunt.
1007 2689 1099 2754 incipit
1118 2689 1159 2740 tol.
1179 2687 1202 2740 1.
1223 2703 1243 2740 r.
1263 2689 1313 2740 col.
1332 2689 1343 2738 1
1359 2703 1365 2738 :
1383 2683 1427 2740 Al·

471 2803 567 2870 leticia,
587 2803 648 2858 laus
668 2805 692 2856 at
709 2799 801 2872 666616
817 2805 867 2854 etc.
885 2779 984 2852 Desinit
1002 2797 1125 2872 1611687.
1146 2811 1169 2850 r.
1189 2797 1238 2848 col.
1251 2795 1261 2846 1
1275 2791 1426 2882 6116666666

472 2909 563 2964 beatus
575 2913 600 2964 ct
613 2907 804 2962 immaculatus
816 2905 948 2962 Donatianis
962 2903 1044 2960 beatis
1055 2905 1080 2956 et
1092 2899 1275 2956 immaculatis
1287 2897 1426 2968 spiritibus

469 3029 629 3084 6666666666.
647 3017 742 3070 Amara.
754 3013 878 3082 Sequitur
896 3011 984 3064 tabula
1001 3025 1091 3064 rerum
1111 3007 1272 3076 alphabetice
1292 3007 1425 3072 disposita.

542 3125 567 3174 6.
587 3121 754 3188 Florentiae,
773 3119 931 3172 bibliotheca
949 3115 1260 3178 mediceo-Laurentisne,
1289 3115 1354 3168 Plut.
1382 3115 1425 3166 lx.
1469 3101 1471 3106 ‘

437 3255 441 3262 ·
470 3229 538 3282 dext.
558 3229 616 3280 carl.
637 3229 681 3280 60.
698 3227 810 3280 membr.
830 3227 921 3278 66161.
941 3239 1008 3278 saec.
1028 3225 1098 3276 XIV.
1116 3223 1215 3276 ineunt.
1232 3221 1425 3276 Commentario

470 3335 672 3400 praemiituutur
689 3337 754 3384 haec
772 3331 873 3384 verba:
890 3333 942 3386 Iste
962 3329 1028 3384 libet·
1046 3329 1100 3400 6666
1109 3329 1146 3384 66
1158 3343 1239 3384 usum
1250 3327 1348 3398 [ratris
1363 3327 1425 3382 rhe-

470 3437 544 3494 baldi
564 3439 596 3490 de
615 3439 697 3502 Casa,
725 3451 803 3506 quem
821 3437 912 3492 piceas
930 3437 1080 3506 assipaacit
1098 3435 1221 3490 armario
1238 3437 1359 3504 datram
1377 3433 1425 3488 mi·

470 3557 570 3598 marram
590 3541 621 3596 de
638 3541 792 3608 Florentia,
810 3555 882 3596 amaa
902 3541 1011 3596 Domini
1031 3539 1117 3612 6606.
1136 3541 1235 3594 Desinit
1258 3543 1301 3594 lol.
1321 3543 1381 3592 608.
1400 3555 1422 3594 r.

469 3653 515 3706 cal.
537 3653 562 3702 l.
579 3651 644 3702 Hinc
663 3649 774 3702 habetur
792 3649 869 3702 index
887 3655 916 3700 ut
933 3649 960 3700 16
980 3649 1038 3700 666.
1056 3661 1145 3712 praec.
1163 3649 1214 3702 sab
1232 3651 1282 3700 Irae
1300 3649 1422 3700 rubrica:

471 3757 636 3826 Quicumque
664 3755 722 3810 cult
748 3755 867 3810 tracenire
884 3753 1015 3808 notabilia
1031 3757 1175 3822 prenotata
1193 3753 1318 3822 66661666
1336 3753 1362 3808 in
1382 3757 1424 3808 66-

470 3863 532 3916 bula
551 3861 702 3916 subnotata.
722 3859 906 3914 abominatus.
946 3913 947 3916 ,
1128 3919 1130 3922 ,

540 3967 564 4018 3.
583 3963 708 4030 Parisiis,
732 3963 885 4018 bibliotheca
906 3963 1137 4030 Ν661666116(ο1166
1159 3967 1183 4016 S.
1203 3963 1336 4030 Victoris),
1363 3963 1422 4016 cod.

469 4071 564 4124 66667.
584 4067 796 4122 6666616616161.
814 4083 881 4122 saec.
902 4069 971 4122 XIV.
989 4069 1107 4132 Scripior
1124 4069 1253 4132 posterior
1272 4067 1422 4132 praemisit:

470 4179 613 4232 Tractatus
630 4173 756 4230 motabilis
775 4189 858 4244 saper·
875 4173 951 4230 Beati
964 4173 1140 4228 immaculati.
1154 4173 1251 4226 Desinit
1265 4173 1307 4226 Iol.
1322 4173 1382 4228 136.
1395 4189 1422 4226 v.

469 4281 590 4348 Sequitur
617 4281 703 4334 tabula
728 4279 778 4334 sub
797 4283 847 4332 hoc
866 4279 957 4334 titulo:
980 4279 1083 4334 Tabula
1101 4279 1137 4334 ed
1155 4277 1345 4358 imoemiemdmm
1363 4277 1422 4332 Ieri-

468 4391 507 4444 16·
527 4387 714 4458 quodcumqae
740 4387 856 4442 notabile
879 4389 1035 4440 contentam
1052 4385 1080 4438 ia
1100 4383 1230 4456 prelibato
1247 4399 1335 4454 apere.
1353 4383 1422 4440 Aba·

467 4493 597 4546 minatus.

539 4599 561 4650 I.
581 4597 693 4664 Ibidem,
715 4599 740 4652 in
758 4601 853 4652 eadem
872 4597 1044 4664 biblotheca,
1062 4601 1122 4654 cod.
1143 4599 1238 4652 66860.
1258 4597 1371 4652 membr.
1396 4599 1421 4652 In

467 4705 507 4758 Iol.
528 4719 624 4770 parvo,
644 4719 713 4758 saec.
733 4705 801 4758 XIV.
818 4705 938 4758 ineuntis,
953 4705 1044 4770 Incipit
1056 4705 1100 4758 iol.
1114 4705 1173 4768 666,
1187 4705 1284 4758 desinit
1297 4705 1339 4758 Iol.
1353 4705 1422 4768 2493

466 4813 589 4866 additur:
609 4809 728 4880 Empticit
743 4825 853 4866 summa
871 4809 941 4864 beati
959 4811 1142 4878 immaculati,
1161 4815 1185 4864 et
1204 4813 1321 4880 sequitur
1334 4811 1422 4864 tabula

467 4923 495 4970 ut
513 4919 539 4970 in
556 4919 737 4984 praecedente.

538 5023 561 5074 6.
581 5019 693 5088 Ibidem,
715 5023 885 5076 Colleciioncs
903 5023 1005 5090 666166,
1025 5025 1085 5078 cod.
1098 5023 1192 5076 16606.
1213 5025 1325 5096 membr.
1340 5026 1365 5078 ia
1377 5027 1420 5078 Iol.

466 5127 564 5180 minore
584 5141 651 5180 saec.
672 5127 740 5180 XIV.
759 5129 970 5182 Commentarius
987 5135 1028 5182 est
1044 5131 1121 5182 valde
1140 5127 1310 5182 abbreviatus
1322 5143 1353 5182 ac
1365 5125 1421 5182 ma-

464 5233 541 5296 titas:
555 5233 667 5290 excurrit
677 5235 745 5288 enirn
755 5249 770 5288 a
782 5235 825 5288 Iol.
836 5237 877 5288 88.
891 5251 913 5290 r.
923 5239 973 5288 col.
985 5237 1008 5286 I.
1023 5235 1055 5288 66
1069 5237 1111 5290 Iol.
1124 5237 1167 5286 96.
1179 5249 1206 5288 v.
1220 5237 1268 5288 col.
1282 5239 1305 5288 6.
1320 5237 1347 5288 66
1359 5235 1421 5290 tiae.

537 5341 561 5392 6.
574 5333 669 5394 Sancti
680 5339 846 5408 dudamari,
859 5341 1016 5394 bibliothece
1028 5341 1154 5406 Clritatis,
1163 5341 1222 5394 cod.
1235 5341 1294 5392 666.
1309 5341 1420 5394 membr.

464 5443 490 5494 iu
509 5445 552 5498 ioI.
575 5459 642 5498 saec.
662 5447 732 5500 XIV.
751 5445 867 5502 Tabulae
881 5447 1056 5512 praemittitur
1068 5445 1140 5500 idern
1154 5447 1256 5512 titulus,
1269 5461 1348 5512 quern
1362 5461 1421 5512 pro·

464 5551 511 5600 lert
530 5551 590 5602 eod.
608 5557 792 5614 supranotatus
809 5551 860 5614 sub
878 5565 905 5602 n.
923 5551 948 5602 6.

534 5653 559 5704 i.
582 5655 670 5710 Traeis
689 5655 715 5706 in
734 5657 831 5718 Gallia,
845 5653 1002 5708 bibliotheca
1016 5653 1419 5718 61611611666665666666166.

465 5757 491 5808 in
509 5761 552 5810 Iol.
572 5773 641 5814 saec.
660 5763 729 5816 XIV.
746 5761 867 5814 Ineuntis.
887 5761 975 5814 Codex
993 5767 1034 5814 est
1051 5775 1214 5826 anonymus,
1226 5761 1293 5814 sicut
1305 5767 1365 5816 sunt
1377 5761 1418 5815 alli

464 5861 601 5928 hucusque
619 5865 756 5932 descripti,
776 5867 822 5920 sed
846 5881 937 5920 recens
966 5873 1117 5934 compactor
1145 5869 1276 5934 impressit
1294 5869 1320 5948 in
1340 5869 1419 5922 dorso

464 5965 606 6020 :voluminis
623 5971 709 6024 aureis
728 5971 835 6026 litteris:
855 5971 943 6040 Opera
962 5971 1071 6028 Iouernis
1086 5971 1278 6028 lemovicensis
1295 5975 1341 6028 Pr.
1361 5975 1419 6030 Cla·

464 6067 583 6122 recallis.
601 6057 823 6130 commentarium
842 6079 962 6146 sequitur
979 6079 1083 6142 tabula,
1096 6095 1164 6148 quae
1182 6079 1277 6134 desinit
1295 6083 1338 6135 Iol.
1357 6082 1417 6134 I38.

464 6183 485 6220 6.
505 6173 546 6226 his
563 6175 672 6232 serbis:
691 6183 723 6234 la
740 6181 793 6238 ista
811 6175 907 6240 tabula
923 6185 1091 6254 colliduntur
1116 6187 1248 6244 mutabilia
1275 6189 1417 6256 amicersa,

464 6289 533 6344 6666
550 6277 663 6336 dicaam
680 6285 819 6354 capitulis,
839 6291 993 6358 uersiculis,
1013 6293 1139 6350 articulis
1157 6301 1223 6352 surrt
1238 6295 1377 6366 disposita.

534 6385 559 6436 8.
576 6383 690 6452 Ibidem,
719 6393 777 6444 cod.
805 6395 882 6448 6666.
904 6397 1015 6452 membr.
1034 6401 1059 6452 in
1079 6403 1121 6454 iol.
1143 6401 1243 6454 minore
1262 6417 1330 6458 6666.
1349 6405 1416 6460 XIV.

463 6487 648 6554 Complectitur
666 6499 883 6550 commentarium
902 6507 927 6556 et
945 6503 1061 6558 tabulam
1080 6513 1107 6560 ut
1126 6511 1288 6574 praecedens
1306 6511 1362 6564 slue
1373 6527 1418 6566 uo·

462 6595 534 6648 mine
551 6599 674 6652 auctoris·
1049 6611 1050 6616 ’

533 6703 557 6754 6.
576 6703 690 6770 Ibidem,
710 6685 768 6760 cod.
790 6709 867 6762 6531.
890 6711 1002 6766 membr.
1029 6717 1055 6768 16
1083 6719 1126 6772 161.
1148 6731 1245 6788 perro,
1265 6739 1333 6778 saec.
1351 6725 1417 6778 XIII.

461 6799 705 6864 CommentarIus'e
724 6813 767 6864 Iol.
788 6815 810 6866 1.
830 6829 850 6868 r.
869 6819 981 6872 excurrit
998 6835 1084 6890 usque
1101 6827 1136 6880 ad
1156 6829 1200 6882 tol.
1213 6829 1311 6886 liae.
1325 6835 1416 6887 666111.

461 6913 560 6968 DeInde
580 6915 717 6972 subiicitur
734 6917 819 6974 tabula
840 6923 1003 6982 notabilium.

1565 781 1609 834 60.
1627 779 1742 848 Ibidem,
1760 783 1820 836 cod.
1842 781 1920 834 6616.
1943 781 2057 836 membr.
2083 783 2109 834 iu
2137 783 2161 836 6.
2189 797 2259 834 6666.
2283 783 2352 834 XIV.
2375 783 2449 834 Plura

1494 901 1524 938 ac
1534 888 1647 952 pluriam
1664 895 1801 940 auctorum
1811 901 1891 952 opera
1903 889 2025 940 continet.
2036 887 2231 942 Commentario
2243 889 2269 940 in
2284 889 2375 942 Psalm.
2393 889 2401 938 1
2410 890 2418 939 l
2426 889 2449 940 8.

1493 983 1584 1042 recens
1603 1005 1696 1044 marrus
1726 1007 1796 1044 saec.
1818 993 1876 1044 XV.
1896 993 2013 1046 exeuntis
2033 993 2182 1060 praemIsit:
2202 993 2298 1048 Sancti
2313 993 2451 1048 Benacen-

1493 1097 1562 1148 tme.
1580 1095 1609 1148 In
1626 1097 1679 1148 line
1705 1097 1886 1150 commentarii
1913 1099 1954 1150 Iol.
1975 1097 2036 1150 606.
2057 1111 2078 1150 r.
2108 1099 2289 1164 6666666166
2315 1097 2449 1164 sequitur:

1493 1201 1571 1254 Hune
1591 1201 1691 1256 librum
1709 1201 1819 1270 sempsit
1835 1203 1871 1272 fr.
1892 1201 2054 1260 Guillelmus
2067 1203 2100 1258 66
2119 1205 2204 1258 Lacca
2220 1203 2376 1272 (Lauiceai).
2399 1201 2451 1268 Qui

1494 1303 1561 1360 liber
1577 1311 1618 1362 est
1634 1307 1786 1378 superioris
1811 1313 1905 1364 sancte
1928 1309 2013 1364 Maria
2035 1309 2199 1366 Clorecaib's.
2222 1309 2345 1378 Sequitur
2361 1307 2449 1362 tabula

1493 1413 1566 1466 solita
1585 1427 1683 1468 rerum.

1564 1521 1608 1572 66.
1625 1519 1740 1588 Ibidem,
1760 1523 1819 1576 cod.
1848 1521 1924 1576 6857.
1943 1521 2057 1576 membr.
2078 1523 2251 1576 1616616666.
2273 1521 2450 1576 1111616666-
2495 1493 2497 1496 Ι

1492 1625 1533 1678 tis.
1552 1625 1739 1690 Complectitur
1757 1633 1842 1682 totum
1869 1631 2088 1682 commentarium
2117 1643 2177 1682 cram
2208 1627 2296 1682 tabula
2323 1633 2349 1680 et
2373 1627 2448 1682 solita

1492 1733 1729 1786 animadversione.

1565 1841 1607 1892 16.
1630 1839 1755 1906 Venetia,
1785 1839 1941 1894 bibliotheca
1970 1843 2052 1894 sancti
2080 1843 2173 1906 1616661,
2195 1843 2271 1894 class.
2291 1843 2308 1894 1.
2327 1843 2386 1894 cod.
2406 1843 2448 1894 60.

1493 1943 1607 1998 6666606.
1628 1945 1655 1998 16
1674 1945 1697 1998 6.
1718 1959 1788 1998 6666.
1805 1947 1874 2000 XIV.
1894 1947 1962 2000 circa
1987 1947 2163 2000 medietatem.
2180 1949 2250 2000 Folio
2276 1949 2295 2000 1.
2314 1961 2337 2000 r.
2354 1949 2404 2000 col.
2424 1946 2448 2008 6.

1492 2050 1604 2116 legitur:
1623 2049 1721 2120 1666616
1739 2053 1883 2106 Tractatas
1912 2023 2376 2122 66666616616666666666666666
2396 2065 2449 2106 areo·

1490 2131 1572 2212 acciti
1589 2157 1620 2212 de
1640 2159 1725 2212 Clare
1740 2159 1811 2214 calle
1829 2173 1911 2228 super
1929 2157 1998 2214 beati
2016 2159 2191 2214 immaculati.
2213 2161 2301 2214 116666
2320 2161 2448 2226 posterior

1491 2263 1581 2318 addit:
1601 2265 1634 2318 m
1649 2263 1742 2334 primo
1766 2265 1881 2334 ponitur
1912 2265 2025 2320 Titulus.
2052 2265 2171 2320 Alleluia
2195 2273 2242 2320 etc.
2264 2267 2361 2320 Desinit
2379 2281 2449 2320 corn·

1490 2371 1635 2422 eleuterius
1655 2373 1698 2424 lol.
1721 2371 1782 2426 666.
1804 2387 1832 2424 v.
1857 2373 1906 2426 col.
1925 2373 1959 2424 2:
1978 2371 2098 2440 66661661
2117 2373 2260 2428 Tractatus
2279 2385 2361 2440 super
2381 2371 2452 2426 beati

1490 2473 1668 2530 immaculati.
1687 2475 1743 2530 Alia
1761 2491 1857 2530 666666
1885 2479 2070 2544 prosequitur:
2098 2477 2227 2532 labaamis
2254 2475 2447 2532 Lemouiccnsis

1490 2581 1618 2638 monachi
1643 2581 1675 2638 dc
1703 2581 1782 2638 clara
1804 2581 1883 2638 ealle.
1907 2585 2026 2638 Tandem
2045 2585 2130 2650 prima
2151 2599 2261 2638 manus:
2280 2583 2355 2638 Finis
2372 2583 2449 2638 adest

1490 2687 1594 2758 aperis,
1619 2689 1770 2744 mercedem-
1785 2701 1866 2758 posca
1887 2687 1995 2744 laboris.
2016 2691 2140 2758 Sequitur
2159 2689 2235 2744 iudex
2253 2705 2313 2744 cum
2334 2694 2383 2743 hac
2407 2707 2449 2744 ru-

1490 2797 1578 2850 brica:
1598 2795 1734 2866 1666616661
1751 2795 1938 2852 concordantia
1958 2795 2096 2866 sequentis
2108 2795 2207 2864 operis.
2225 2795 2427 2852 abhominatus.

1561 2905 1634 2972 Qttae
1653 2917 1714 2958 cum
1733 2905 1767 2956 ita
1794 2905 1858 2968 sint,
1885 2875 2043 2970 opusculum
2069 2905 2269 2958 Beneventurae
2295 2905 2448 2958 6161661666-

1490 3011 1554 3064 6666
1574 3019 1613 3064 est
1631 3017 1658 3064 et
1675 3009 1846 3076 probabihter
1863 3011 1951 3064 Ioanni
1971 3011 2153 3066 lemovicensi
2170 3009 2348 3064 tribuendum.

1560 3117 1575 3184 S
1596 3119 1620 3172 5.
1639 3115 1673 3172 De
1691 3115 1863 3188 bxpesiiioue'
1876 3115 1906 3170 iu
1923 3099 2094 3184 Euangeliou:
2111 3115 2223 3170 Ioannis.

1559 3225 1665 3292 Incipit:
1692 3223 1825 3294 Numquid
1851 3223 1888 3280 66
1905 3227 2062 3294 preceptum
2092 3229 2176 3280 tuum
2207 3225 2275 3280 Cam
2292 3223 2361 3280 iuter
2384 3241 2447 3296 666-

1487 3337 1553 3390 tam
1571 3337 1668 3388 sancta
1685 3331 1826 3386 asrtimalia.

1559 3441 1642 3494 linitis
1661 3439 1843 3492 commentarii
1861 3439 1888 3490 in
1907 3439 2029 3490 Ioannem
2046 3439 2088 3490 alii
2107 3439 2222 3504 genuino
2235 3453 2374 3506 perperam
2389 3439 2448 3492 sub-

1487 3547 1568 3598 stituti
1597 3547 1676 3598 editio
1703 3545 1788 3610 prima
1812 3547 1878 3598 lacta
1905 3547 1943 3598 est
1962 3545 2058 3598 661666
2078 3545 2175 3608 doctis,
2195 3545 2240 3612 qui
2261 3543 2443 3598 collectionem

1487 3653 1640 3706 Vaticanum
1660 3655 1818 3704 curaverunt
1840 3649 1913 3718 (tom.
1931 3649 1959 3700 II.
1977 3663 2040 3714 pag.
2058 3649 2105 3700 316
2111 3647 2196 3714 666).
2210 3651 2247 3700 De
2261 3649 2362 3714 origiue
2376 3649 2446 3702 cios-

1487 3757 1547 3812 dem
1567 3757 1617 3822 6661
1637 3757 1751 3810 editores
1769 3755 1898 3808 rationem
1916 3755 2031 3808 reddunt
2048 3755 2165 3820 quodam
2178 3755 2253 3820 operi
2267 3757 2381 3820 praelixo
2396 3757 2446 3810 Ar·-

1486 3867 1625 3932 aumerttc,
1650 3877 1680 3914 ex
1700 3875 1753 3928 quo
1773 3859 1936 3926 excerpimus
1955 3875 2025 3928 quae
2042 3865 2197 3928 sequuntur.

1561 3967 1689 4022 «Constat
1717 3969 1771 4026 lere
1796 3965 1862 4018 inter
1880 3979 1972 4018 omnes
1999 3965 2159 4032 anitquitatis
2186 3967 2375 4020 ecclesiasticae
2395 3983 2446 4020 usa

1487 4077 1600 4142 peritoS,
1619 4075 1645 4128 In
1664 4075 1881 4150 EvangeliamS.
1895 4073 1995 4126 Ioannis
2015 4073 2140 4126 oriudum
2158 4073 2287 4126 Ecclesiae
2306 4075 2445 4128 Doctorum

1485 4183 1655 4246 seraphicum
1673 4163 1900 4246 bonaventuram,
1919 4179 2007 4232 virum
2027 4181 2052 4232 in
2072 4179 2164 4246 pslmis
2183 4181 2253 4234 silae
2272 4179 2445 4234 sanctimonia

1486 4289 1672 4356 doctrinaeque
1689 4287 1768 4342 16666
1785 4287 1972 4354 clarIssimum,
1991 4287 2136 4340 luculenter
2153 4285 2290 4352 scripsIsse
2314 4299 2445 4340 commen·
2532 4327 2533 4330 .

1485 4397 1549 4448 tanta
1567 4411 1653 4462 eaque
1671 4393 1836 4448 distribuisse
1853 4393 1882 4446 in
1901 4393 2018 4460 postillas
2036 4397 2062 4446 et
2081 4392 2229 4446 collationes
2242 4413 2268 4444 a.
2287 4393 2387 4446 Deinde
2405 4409 2443 4446 re·

1486 4505 1580 4566 166666,
1600 4505 1663 4554 haec
1681 4501 1869 4554 commentaria
1889 4501 1934 4554 616
1954 4501 2100 4554 desiderata
2118 4501 2225 4552 tandem
2254 4501 2356 4554 inventa
2384 4515 2442 4554 esse

1472 4659 1473 4662 ,
1484 4607 1606 4662 Coloniae
1617 4609 1746 4662 Ubiorum
1760 4609 1785 4660 in
1798 4613 1927 4660 conuentu
1940 4609 1967 4660 S.
1979 4607 2108 4660 Francisci
2123 4607 2185 4660 066.
2199 4607 2274 4674 1116,
2287 4609 2441 4660 Summam·

1484 4729 1537 4780 que
1555 4713 1707 4766 Pontificem
1727 4713 1827 4766 statum
1846 4713 1876 4766 V.
1896 4711 1989 4764 Nuntio
2009 4711 2157 4778 ApostoIIco
2174 4711 2203 4764 in
2220 4711 2358 4764 Germania
2382 4711 2442 4764 inle-

1484 4819 1548 4874 ri0ri
1566 4819 1674 4874 Octavio
1703 4819 1791 4882 hlirto,
1811 4819 1935 4884 episcopo
1955 4817 2087 4872 Caiacensi
2105 4817 2133 4870 id
2151 4817 2249 4884 negotii
2269 4799 2388 4884 dedisse,
2412 4823 2442 4870 ut

1484 4937 1516 4976 ea
1534 4923 1749 4990 quamprimum
1769 4928 1840 4976 recte
1857 4921 2031 4976 describenda
2048 4927 2154 4976 curaret
2178 4923 2344 4990 Romamque
2363 4923 2445 4974 661616-

1484 5031 1533 5080 ret.
1550 5029 1574 5078 Is
1592 5027 1723 5080 pontificis
1736 5027 1890 5082 mandatura
1908 5033 2059 5094 exsectum,
2079 5029 2252 5094 Expositionis
2271 5027 2338 5080 illius
2356 5041 2444 5080 exem·

1484 5137 1558 5200 plum
1576 5141 1647 5188 recte
1664 5137 1796 5200 eleganter
1820 5137 1977 5200 exscriptum
1998 5137 2032 5188 66
2050 5135 2149 5188 Urbem
2176 5137 2247 5188 666616
2266 5149 2327 5188 curn
2353 5133 2445 5188 litteris

1484 5243 1593 5296 huiusce
1611 5241 1752 5296 1661066611
1770 5241 1797 5294 iu
1816 5243 1887 5296 calce
1904 5239 1965 5294 libri
1984 5255 2064 5294 manu
2090 5241 2186 5294 notarii
2213 5241 2350 5308 adscripti,
2370 5241 2444 5308 quod

1483 5347 1629 5412 posteritati
1647 5347 1716 5412 typis
1733 5347 1903 5412 prodendum
1921 5347 2073 5400 censuimus
2090 5347 2126 5398 ad
2144 5353 2301 5412 perpetuum
2321 5345 2443 5398 11166616-

1484 5453 1647 5506 stillcationis
1664 5453 1856 5506 monimentum
1870 5473 1897 5506 a.
1919 5453 2072 5518 Sequuntur
2089 5435 2146 5518 ipsa
2165 5451 2248 5506 verba
2267 5453 2346 5506 haias
2365 5453 2443 5506 dacu-

1483 5557 1578 5620 menti,
1597 5557 1623 5608 iu
1643 5571 1696 5626 quo
1715 5557 1928 5624 notariusiidem
1950 5559 2010 5612 facil
2017 5599 2023 5626 ,
2042 5557 2119 5612 istam
2132 5559 2265 5624 postillam
2282 5557 2442 5626 descriptam

1482 5677 1541 5716 essa
1559 5667 1699 5716 exuetere
1717 5665 1856 5728 exemplari
1876 5663 2003 5730 praedicti
2021 5669 2181 5732 coaveutuS,
2209 5665 2282 5732 quod
2300 5665 2337 5718 ibi
2355 5639 2454 5720 adhuc

1482 5767 1594 5820 fideliter
1612 5773 1740 5820 servetur.

1553 5875 1591 5926 De
1609 5875 1705 5928 eodem
1723 5875 1893 5940 apographa,
1910 5875 1983 5942 quod
2003 5888 2073 5928 nunc
2091 5881 2131 5928 est
2149 5875 2176 5928 in
2196 5875 2352 5930 bibliotheca
2374 5877 2442 5930 Vati·

1482 5995 1548 6034 6666
1567 5983 1627 6034 666.
1646 5997 1670 6034 6.
1690 5979 1775 6046 7663,
1792 5981 1908 6048 16666666
1925 5983 2023 6036 Bouelli
2042 5981 2145 6050 (16666.
2162 5985 2211 6038 col.
2230 5983 2290 6040 658.
2303 6001 2330 6038 n.
2344 5983 2400 6054 63.)
2413 5985 2442 6038 66
2486 6019 2487 6022 =

1481 6087 1636 6142 accensique
1654 6087 1776 6142 codicum
1794 6085 1968 6142 bibliothecae
1986 6089 2196 6142 Aracaelilanae:
2214 6087 2328 6144 Postilla
2345 6089 2376 6144 S.
2394 6091 2442 6146 Bo·

1481 6197 1650 6250 mariammes
1680 6191 1710 6248 ia
1737 6195 1875 6248 tooamm.
1901 6193 2016 6260 incipit:
2043 6193 2175 6266 Numquid
2203 6195 2239 6250 ad
2261 6201 2441 6268 praemium·-

1481 6301 1540 6354 cod.
1560 6303 1644 6352 chart.
1661 6299 1690 6352 in
1709 6297 1782 6366 lelio,
1807 6313 1861 6366 quo
1881 6313 1961 6352 manu
1978 6299 2078 6366 pubIIci
2095 6301 2189 6356 6616666
2208 6303 2309 6356 munito
2327 6301 2441 6356 Colonie-

1481 6421 1535 6474 que
1551 6407 1665 6460 Romam
1684 6405 1795 6460 advecto
1816 6405 1855 6460 usi
1876 6411 1937 6460 sunt
1955 6407 2069 6460 editores
2087 6407 2186 6464 SixtIni.
2205 6409 2256 6460 Sed
2278 6409 2442 6464 animadver·

1481 6515 1604 6576 tendum,
1623 6513 1696 6580 quod
1715 6513 1740 6578 ly
1760 6511 1788 6568 S.
1808 6513 2016 6594 Bamaacmturcc
2033 6519 2086 6568 tarn
2104 6517 2132 6568 in
2150 6515 2241 6568 codice
2260 6529 2339 6584 quam
2359 6517 2387 6570 in
2402 6517 2441 6572 lii·

1480 6623 1542 6678 teris
1560 6621 1653 6676 notarii
1672 6619 1843 6674 substitutum
1863 6621 1911 6674 1616
1938 6637 2018 6676 mauu
2041 6623 2201 6690 recentiore,
2219 6623 2307 6688 primo
2334 6625 2440 6678 nomine

1480 6729 1575 6784 deleto.
1593 6727 1659 6782 Hiar
1677 6727 1845 6792 Waddiugus
1866 6727 2106 6808 (descriptoribus
2132 6729 2196 6784 066.
2216 6729 2276 6782 Min.
2300 6745 2362 6796 pag.
2387 6733 2433 6784 611

1480 6839 1529 6890 661.
1549 6833 1585 6904 1.)
1604 6835 1704 6904 inquit:
1725 6837 1855 6889 «Essiam
1875 6835 1901 6888 in
1919 6835 2076 6892 bibliotheca
2089 6837 2351 6892 6661666666661166
2369 6837 2440 6892 Urbe

1480 6943 1534 6994 diro
1553 6939 1641 7006 Opera
1658 6955 1711 6994 non
1730 6941 1922 6994 contemnenda
1936 6939 1986 6996 sab
2000 6943 2073 6996 titulo
2084 6943 2187 6996 loannis
2198 6943 2341 7008 06616666,
2354 6957 2439 7004 uniam
