<?xml version="1.0" encoding="UTF-8"?>
<!DOCTYPE html PUBLIC "-//W3C//DTD XHTML 1.0 Transitional//EN"
    "http://www.w3.org/TR/xhtml1/DTD/xhtml1-transitional.dtd">
<html xmlns="http://www.w3.org/1999/xhtml" xml:lang="en" lang="en">
 <head>
  <title>
</title>
<meta http-equiv="Content-Type" content="text/html;charset=utf-8" />
  <meta name='ocr-system' content='tesseract 3.04.00' />
  <meta name='ocr-capabilities' content='ocr_page ocr_carea ocr_par ocr_line ocrx_word'/>
</head>
<body>
  <div class='ocr_page' id='page_1' title='image "./doctorisseraphi00bonagoog_0501.png"; bbox 0 0 5900 8266; ppageno 0'>
   <div class='ocr_carea' id='block_1_1' title="bbox 608 563 673 648">
    <p class='ocr_par' dir='ltr' id='par_1_1' title="bbox 608 547 687 648">
     <span class='ocr_line' id='line_1_1' title="bbox 608 563 673 648; baseline -0.025 0"><span class='ocrx_word' id='word_1_1' title='bbox 608 563 673 648; x_wconf 81' lang='lat' dir='ltr'>ceo</span> 
     </span>
    </p>
   </div>
   <div class='ocr_carea' id='block_1_2' title="bbox 1301 571 1898 662">
    <p class='ocr_par' dir='ltr' id='par_1_2' title="bbox 1301 571 1898 662">
     <span class='ocr_line' id='line_1_2' title="bbox 1301 571 1898 662; baseline 0 -16"><span class='ocrx_word' id='word_1_2' title='bbox 1301 573 1500 662; x_wconf 74' lang='lat' dir='ltr'>concubitu.</span> <span class='ocrx_word' id='word_1_3' title='bbox 1519 579 1556 646; x_wconf 89' lang='grc' dir='ltr'>ΙΝ</span> <span class='ocrx_word' id='word_1_4' title='bbox 1578 573 1745 646; x_wconf 84' lang='lat' dir='ltr'>IOANNEM</span> <span class='ocrx_word' id='word_1_5' title='bbox 1762 571 1809 646; x_wconf 80' lang='lat' dir='ltr'>C.</span> <span class='ocrx_word' id='word_1_6' title='bbox 1824 581 1898 648; x_wconf 88' lang='lat' dir='ltr'>XVl.</span> 
     </span>
    </p>
   </div>
   <div class='ocr_carea' id='block_1_3' title="bbox 428 735 2590 842">
    <p class='ocr_par' dir='ltr' id='par_1_3' title="bbox 428 735 2590 842">
     <span class='ocr_line' id='line_1_3' title="bbox 428 735 2590 842; baseline 0.002 -20"><span class='ocrx_word' id='word_1_7' title='bbox 428 771 429 776; x_wconf 71' lang='grc'>’</span> <span class='ocrx_word' id='word_1_8' title='bbox 513 747 708 840; x_wconf 62' lang='lat' dir='ltr'>‚„.}s„.isl„santia</span> <span class='ocrx_word' id='word_1_9' title='bbox 729 757 834 842; x_wconf 91' lang='lat' dir='ltr'>potius</span> <span class='ocrx_word' id='word_1_10' title='bbox 853 735 1107 838; x_wconf 38' lang='lat' dir='ltr'>&#39;disponebatad</span> <span class='ocrx_word' id='word_1_11' title='bbox 1139 741 1286 840; x_wconf 78' lang='lat' dir='ltr'>gratiam,</span> <span class='ocrx_word' id='word_1_12' title='bbox 1313 747 1407 840; x_wconf 88' lang='lat' dir='ltr'>quam</span> <span class='ocrx_word' id='word_1_13' title='bbox 1439 749 1571 838; x_wconf 69' lang='lat' dir='ltr'>impedil</span> <span class='ocrx_word' id='word_1_14' title='bbox 1721 759 1753 824; x_wconf 75' lang='grc'>7.</span> <span class='ocrx_word' id='word_1_15' title='bbox 1780 757 1874 836; x_wconf 89' lang='lat' dir='ltr'>ltern,</span> <span class='ocrx_word' id='word_1_16' title='bbox 1903 757 2061 842; x_wconf 89' lang='lat' dir='ltr'>quomodo</span> <span class='ocrx_word' id='word_1_17' title='bbox 2083 757 2206 824; x_wconf 87' lang='lat' dir='ltr'>docebit</span> <span class='ocrx_word' id='word_1_18' title='bbox 2238 775 2367 828; x_wconf 84' lang='lat' dir='ltr'>ornnem</span> <span class='ocrx_word' id='word_1_19' title='bbox 2396 757 2590 826; x_wconf 76' lang='lat' dir='ltr'>veritatemi</span> 
     </span>
    </p>
   </div>
   <div class='ocr_carea' id='block_1_4' title="bbox 374 855 1572 1054">
    <p class='ocr_par' dir='ltr' id='par_1_4' title="bbox 374 851 1572 1054">
     <span class='ocr_line' id='line_1_4' title="bbox 374 855 1572 960; baseline -0.007 -26"><span class='ocrx_word' id='word_1_20' title='bbox 374 865 376 868; x_wconf 80' lang='grc'><strong>’</strong></span> <span class='ocrx_word' id='word_1_21' title='bbox 469 887 516 944; x_wconf 65' lang='grc' dir='ltr'>ς·</span> <span class='ocrx_word' id='word_1_22' title='bbox 596 867 670 944; x_wconf 73' lang='grc' dir='ltr'>εθῖ,</span> <span class='ocrx_word' id='word_1_23' title='bbox 696 861 780 948; x_wconf 90' lang='lat' dir='ltr'>quod</span> <span class='ocrx_word' id='word_1_24' title='bbox 795 865 895 960; x_wconf 89' lang='lat' dir='ltr'>patet,</span> <span class='ocrx_word' id='word_1_25' title='bbox 911 859 987 946; x_wconf 91' lang='lat' dir='ltr'>quia</span> <span class='ocrx_word' id='word_1_26' title='bbox 1010 867 1083 928; x_wconf 89' lang='lat' dir='ltr'>ante</span> <span class='ocrx_word' id='word_1_27' title='bbox 1097 855 1266 928; x_wconf 85' lang='lat' dir='ltr'>adveutum</span> <span class='ocrx_word' id='word_1_28' title='bbox 1290 859 1418 928; x_wconf 51' lang='lat' dir='ltr'>Christi¹</span> <span class='ocrx_word' id='word_1_29' title='bbox 1431 877 1494 926; x_wconf 93' lang='lat' dir='ltr'>non</span> <span class='ocrx_word' id='word_1_30' title='bbox 1511 859 1572 926; x_wconf 86' lang='lat' dir='ltr'>luit</span> 
     </span>
     <span class='ocr_line' id='line_1_5' title="bbox 467 965 1571 1054; baseline -0.004 -18"><span class='ocrx_word' id='word_1_31' title='bbox 467 979 590 1036; x_wconf 72' lang='lat' dir='ltr'>nestrum</span> <span class='ocrx_word' id='word_1_32' title='bbox 608 971 733 1054; x_wconf 84' lang='lat' dir='ltr'>tenipus</span> <span class='ocrx_word' id='word_1_33' title='bbox 758 967 890 1054; x_wconf 90' lang='lat' dir='ltr'>gratiae,</span> <span class='ocrx_word' id='word_1_34' title='bbox 905 965 968 1034; x_wconf 91' lang='lat' dir='ltr'>sed</span> <span class='ocrx_word' id='word_1_35' title='bbox 986 971 1067 1052; x_wconf 89' lang='lat' dir='ltr'>post.</span> <span class='ocrx_word' id='word_1_36' title='bbox 1085 1001 1130 1016; x_wconf 84' lang='lat'>....</span> <span class='ocrx_word' id='word_1_37' title='bbox 1145 965 1380 1050; x_wconf 81' lang='lat' dir='ltr'>despondetur,</span> <span class='ocrx_word' id='word_1_38' title='bbox 1403 965 1488 1050; x_wconf 90' lang='lat' dir='ltr'>quud</span> <span class='ocrx_word' id='word_1_39' title='bbox 1512 965 1571 1032; x_wconf 91' lang='lat' dir='ltr'>irn-</span> 
     </span>
    </p>
   </div>
   <div class='ocr_carea' id='block_1_5' title="bbox 444 1033 590 1130">
    <p class='ocr_par' dir='ltr' id='par_1_5' title="bbox 444 1033 590 1130">
     <span class='ocr_line' id='line_1_6' title="bbox 445 1033 590 1090; baseline 0 -12"><span class='ocrx_word' id='word_1_40' title='bbox 445 1033 590 1090; x_wconf 82' lang='lat' dir='ltr'>etresponde-</span> 
     </span>
     <span class='ocr_line' id='line_1_7' title="bbox 444 1089 485 1130; baseline 0 0"><span class='ocrx_word' id='word_1_41' title='bbox 444 1089 485 1130; x_wconf 88' lang='lat' dir='ltr'>tur.</span> 
     </span>
    </p>
   </div>
   <div class='ocr_carea' id='block_1_6' title="bbox 606 1175 1570 1264">
    <p class='ocr_par' dir='ltr' id='par_1_6' title="bbox 606 1171 1570 1270">
     <span class='ocr_line' id='line_1_8' title="bbox 606 1175 1570 1264; baseline -0.004 -18"><span class='ocrx_word' id='word_1_42' title='bbox 606 1181 666 1246; x_wconf 89' lang='lat' dir='ltr'>hoc</span> <span class='ocrx_word' id='word_1_43' title='bbox 686 1177 765 1246; x_wconf 90' lang='lat' dir='ltr'>nihil</span> <span class='ocrx_word' id='word_1_44' title='bbox 780 1187 842 1258; x_wconf 89' lang='grc' dir='ltr'>θεῖ,</span> <span class='ocrx_word' id='word_1_45' title='bbox 867 1177 942 1264; x_wconf 88' lang='lat' dir='ltr'>quia</span> <span class='ocrx_word' id='word_1_46' title='bbox 957 1177 989 1244; x_wconf 89' lang='lat' dir='ltr'>io</span> <span class='ocrx_word' id='word_1_47' title='bbox 1013 1177 1067 1244; x_wconf 92' lang='lat' dir='ltr'>illo</span> <span class='ocrx_word' id='word_1_48' title='bbox 1085 1193 1194 1244; x_wconf 88' lang='lat' dir='ltr'>amore</span> <span class='ocrx_word' id='word_1_49' title='bbox 1208 1195 1270 1242; x_wconf 93' lang='lat' dir='ltr'>non</span> <span class='ocrx_word' id='word_1_50' title='bbox 1287 1175 1472 1262; x_wconf 80' lang='lat' dir='ltr'>peccabant:</span> <span class='ocrx_word' id='word_1_51' title='bbox 1494 1193 1570 1260; x_wconf 91' lang='lat' dir='ltr'>ergo</span> 
     </span>
    </p>
   </div>
   <div class='ocr_carea' id='block_1_7' title="bbox 606 1281 1589 1370">
    <p class='ocr_par' dir='ltr' id='par_1_7' title="bbox 606 1271 1589 1370">
     <span class='ocr_line' id='line_1_9' title="bbox 606 1281 1589 1370; baseline -0.002 -20"><span class='ocrx_word' id='word_1_52' title='bbox 606 1303 668 1352; x_wconf 92' lang='lat' dir='ltr'>non</span> <span class='ocrx_word' id='word_1_53' title='bbox 701 1283 896 1370; x_wconf 81' lang='lat' dir='ltr'>repugnabat</span> <span class='ocrx_word' id='word_1_54' title='bbox 926 1283 1060 1368; x_wconf 89' lang='lat' dir='ltr'>gratiae,</span> <span class='ocrx_word' id='word_1_55' title='bbox 1085 1281 1169 1350; x_wconf 89' lang='lat' dir='ltr'>unde</span> <span class='ocrx_word' id='word_1_56' title='bbox 1200 1281 1295 1348; x_wconf 91' lang='lat' dir='ltr'>simul</span> <span class='ocrx_word' id='word_1_57' title='bbox 1318 1281 1464 1348; x_wconf 89' lang='lat' dir='ltr'>manebat</span> <span class='ocrx_word' id='word_1_58' title='bbox 1495 1297 1589 1348; x_wconf 79' lang='lat' dir='ltr'>cum·</span> 
     </span>
    </p>
   </div>
   <div class='ocr_carea' id='block_1_8' title="bbox 435 1381 1569 2220">
    <p class='ocr_par' dir='ltr' id='par_1_8' title="bbox 443 1381 1569 1582">
     <span class='ocr_line' id='line_1_10' title="bbox 443 1381 1569 1500; baseline -0.004 -41"><span class='ocrx_word' id='word_1_59' title='bbox 443 1401 592 1500; x_wconf 47' lang='lat' dir='ltr'>¹133qu</span> <span class='ocrx_word' id='word_1_60' title='bbox 605 1391 819 1462; x_wconf 81' lang='lat' dir='ltr'>cantata-</span> <span class='ocrx_word' id='word_1_61' title='bbox 845 1389 885 1456; x_wconf 90' lang='lat' dir='ltr'>Si</span> <span class='ocrx_word' id='word_1_62' title='bbox 905 1397 942 1456; x_wconf 88' lang='lat' dir='ltr'>tu</span> <span class='ocrx_word' id='word_1_63' title='bbox 965 1389 1079 1468; x_wconf 87' lang='lat' dir='ltr'>dicus,</span> <span class='ocrx_word' id='word_1_64' title='bbox 1103 1387 1189 1474; x_wconf 90' lang='lat' dir='ltr'>quod</span> <span class='ocrx_word' id='word_1_65' title='bbox 1210 1381 1273 1456; x_wconf 90' lang='lat' dir='ltr'>non</span> <span class='ocrx_word' id='word_1_66' title='bbox 1289 1393 1446 1474; x_wconf 76' lang='lat' dir='ltr'>repugnat</span> <span class='ocrx_word' id='word_1_67' title='bbox 1467 1393 1506 1454; x_wconf 90' lang='lat' dir='ltr'>nt</span> <span class='ocrx_word' id='word_1_68' title='bbox 1520 1387 1569 1454; x_wconf 87' lang='lat' dir='ltr'>in-</span> 
     </span>
     <span class='ocr_line' id='line_1_11' title="bbox 458 1487 1568 1582; baseline -0.005 -18"><span class='ocrx_word' id='word_1_69' title='bbox 458 1487 582 1564; x_wconf 73' lang='lat' dir='ltr'>uruntur·</span> <span class='ocrx_word' id='word_1_70' title='bbox 605 1495 837 1582; x_wconf 87' lang='lat' dir='ltr'>compossibile,</span> <span class='ocrx_word' id='word_1_71' title='bbox 853 1495 908 1564; x_wconf 93' lang='lat' dir='ltr'>sed</span> <span class='ocrx_word' id='word_1_72' title='bbox 933 1501 1036 1562; x_wconf 89' lang='lat' dir='ltr'>tamen</span> <span class='ocrx_word' id='word_1_73' title='bbox 1053 1499 1089 1560; x_wconf 94' lang='lat' dir='ltr'>ut</span> <span class='ocrx_word' id='word_1_74' title='bbox 1112 1493 1303 1578; x_wconf 80' lang='lat' dir='ltr'>impediens&#39;3</span> <span class='ocrx_word' id='word_1_75' title='bbox 1321 1495 1381 1560; x_wconf 92' lang='lat' dir='ltr'>hoc</span> <span class='ocrx_word' id='word_1_76' title='bbox 1410 1493 1491 1560; x_wconf 87' lang='lat' dir='ltr'>nihil</span> <span class='ocrx_word' id='word_1_77' title='bbox 1506 1501 1568 1574; x_wconf 90' lang='lat' dir='ltr'>cst,</span> 
     </span>
    </p>

    <p class='ocr_par' dir='ltr' id='par_1_9' title="bbox 435 1593 1569 1794">
     <span class='ocr_line' id='line_1_12' title="bbox 606 1599 1569 1690; baseline -0.004 -18"><span class='ocrx_word' id='word_1_78' title='bbox 606 1603 698 1690; x_wconf 90' lang='lat' dir='ltr'>quia,</span> <span class='ocrx_word' id='word_1_79' title='bbox 721 1603 847 1690; x_wconf 89' lang='lat' dir='ltr'>qnando</span> <span class='ocrx_word' id='word_1_80' title='bbox 882 1601 997 1688; x_wconf 88' lang='lat' dir='ltr'>aliquis</span> <span class='ocrx_word' id='word_1_81' title='bbox 1025 1605 1111 1668; x_wconf 90' lang='lat' dir='ltr'>amat</span> <span class='ocrx_word' id='word_1_82' title='bbox 1144 1599 1282 1686; x_wconf 88' lang='lat' dir='ltr'>aliquem</span> <span class='ocrx_word' id='word_1_83' title='bbox 1317 1599 1507 1668; x_wconf 87' lang='lat' dir='ltr'>sensibiliter</span> <span class='ocrx_word' id='word_1_84' title='bbox 1537 1609 1569 1670; x_wconf 92' lang='lat' dir='ltr'>et</span> 
     </span>
     <span class='ocr_line' id='line_1_13' title="bbox 435 1703 1569 1794; baseline -0.003 -17"><span class='ocrx_word' id='word_1_85' title='bbox 435 1789 438 1794; x_wconf 23' lang='lat'>¹</span> <span class='ocrx_word' id='word_1_86' title='bbox 605 1703 825 1794; x_wconf 83' lang='lat' dir='ltr'>spiritualiter,</span> <span class='ocrx_word' id='word_1_87' title='bbox 842 1705 1016 1776; x_wconf 85' lang='lat' dir='ltr'>terrentius</span> <span class='ocrx_word' id='word_1_88' title='bbox 1038 1705 1155 1792; x_wconf 90' lang='lat' dir='ltr'>dibgit,</span> <span class='ocrx_word' id='word_1_89' title='bbox 1173 1705 1248 1792; x_wconf 90' lang='lat' dir='ltr'>quia</span> <span class='ocrx_word' id='word_1_90' title='bbox 1270 1705 1395 1774; x_wconf 91' lang='lat' dir='ltr'>dilectio</span> <span class='ocrx_word' id='word_1_91' title='bbox 1415 1705 1569 1774; x_wconf 89' lang='lat' dir='ltr'>naturalis</span> 
     </span>
    </p>

    <p class='ocr_par' dir='ltr' id='par_1_10' title="bbox 485 1813 1288 1908">
     <span class='ocr_line' id='line_1_14' title="bbox 485 1813 1288 1908; baseline -0.009 -25"><span class='ocrx_word' id='word_1_92' title='bbox 485 1819 486 1822; x_wconf 74' lang='grc'>’</span> <span class='ocrx_word' id='word_1_93' title='bbox 585 1813 737 1882; x_wconf 83' lang='lat' dir='ltr'>intendit</span> <span class='ocrx_word' id='word_1_94' title='bbox 761 1813 985 1902; x_wconf 82' lang='lat' dir='ltr'>spiritualem</span> <span class='ocrx_word' id='word_1_95' title='bbox 1287 1905 1288 1908; x_wconf 8' lang='grc' dir='ltr'><strong>Ἴ</strong></span> 
     </span>
    </p>

    <p class='ocr_par' dir='ltr' id='par_1_11' title="bbox 467 1913 1569 2220">
     <span class='ocr_line' id='line_1_15' title="bbox 623 1913 1569 2014; baseline -0.004 -24"><span class='ocrx_word' id='word_1_96' title='bbox 623 1913 624 1916; x_wconf 49' lang='lat'>&#39;</span> <span class='ocrx_word' id='word_1_97' title='bbox 695 1925 896 1990; x_wconf 80' lang='lat' dir='ltr'>hesrounuo:</span> <span class='ocrx_word' id='word_1_98' title='bbox 924 1919 1114 2014; x_wconf 79' lang='lat' dir='ltr'>Dicendum,</span> <span class='ocrx_word' id='word_1_99' title='bbox 1144 1919 1230 2004; x_wconf 90' lang='lat' dir='ltr'>quod</span> <span class='ocrx_word' id='word_1_100' title='bbox 1257 1917 1377 2004; x_wconf 71' lang='lat' dir='ltr'>&#39;triplici</span> <span class='ocrx_word' id='word_1_101' title='bbox 1407 1937 1569 1986; x_wconf 86' lang='lat' dir='ltr'>excausa</span> 
     </span>
     <span class='ocr_line' id='line_1_16' title="bbox 467 2019 1566 2134; baseline -0.006 -35"><span class='ocrx_word' id='word_1_102' title='bbox 467 2035 586 2134; x_wconf 48' lang='lat' dir='ltr'>lgggggr·</span> <span class='ocrx_word' id='word_1_103' title='bbox 605 2047 666 2098; x_wconf 93' lang='lat' dir='ltr'>nou</span> <span class='ocrx_word' id='word_1_104' title='bbox 688 2029 748 2098; x_wconf 88' lang='lat' dir='ltr'>luit</span> <span class='ocrx_word' id='word_1_105' title='bbox 761 2029 854 2094; x_wconf 92' lang='lat' dir='ltr'>datus</span> <span class='ocrx_word' id='word_1_106' title='bbox 871 2019 1005 2112; x_wconf 89' lang='lat' dir='ltr'>Spiritus</span> <span class='ocrx_word' id='word_1_107' title='bbox 1020 2032 1148 2094; x_wconf 91' lang='lat' dir='ltr'>sauctus</span> <span class='ocrx_word' id='word_1_108' title='bbox 1168 2031 1241 2094; x_wconf 89' lang='lat' dir='ltr'>ante</span> <span class='ocrx_word' id='word_1_109' title='bbox 1256 2043 1421 2094; x_wconf 90' lang='lat' dir='ltr'>ascensum</span> <span class='ocrx_word' id='word_1_110' title='bbox 1441 2025 1566 2092; x_wconf 89' lang='lat' dir='ltr'>Christi.</span> 
     </span>
     <span class='ocr_line' id='line_1_17' title="bbox 487 2119 1568 2220; baseline -0.006 -14"><span class='ocrx_word' id='word_1_111' title='bbox 487 2119 585 2196; x_wconf 59' lang='lat' dir='ltr'>batiol-</span> <span class='ocrx_word' id='word_1_112' title='bbox 605 2139 671 2206; x_wconf 91' lang='lat' dir='ltr'>Una</span> <span class='ocrx_word' id='word_1_113' title='bbox 695 2137 774 2204; x_wconf 89' lang='lat' dir='ltr'>ratio</span> <span class='ocrx_word' id='word_1_114' title='bbox 798 2141 844 2204; x_wconf 90' lang='lat' dir='ltr'>est</span> <span class='ocrx_word' id='word_1_115' title='bbox 869 2141 1018 2220; x_wconf 81' lang='lat' dir='ltr'>exparte</span> <span class='ocrx_word' id='word_1_116' title='bbox 1041 2133 1317 2220; x_wconf 81' lang='lat' dir='ltr'>suscipientium,</span> <span class='ocrx_word' id='word_1_117' title='bbox 1340 2133 1434 2218; x_wconf 89' lang='lat' dir='ltr'>quia,</span> <span class='ocrx_word' id='word_1_118' title='bbox 1457 2151 1568 2202; x_wconf 92' lang='lat' dir='ltr'>conso-</span> 
     </span>
    </p>
   </div>
   <div class='ocr_carea' id='block_1_9' title="bbox 423 2239 1568 2326">
    <p class='ocr_par' dir='ltr' id='par_1_12' title="bbox 423 2239 1568 2326">
     <span class='ocr_line' id='line_1_18' title="bbox 423 2239 1568 2326; baseline -0.006 -11"><span class='ocrx_word' id='word_1_119' title='bbox 423 2247 426 2260; x_wconf 88' lang='lat'><em>&#39;</em></span> <span class='ocrx_word' id='word_1_120' title='bbox 467 2313 468 2316; x_wconf 74' lang='grc'><strong>,</strong></span> <span class='ocrx_word' id='word_1_121' title='bbox 547 2307 548 2312; x_wconf 74' lang='grc'><strong>,</strong></span> <span class='ocrx_word' id='word_1_122' title='bbox 605 2245 657 2314; x_wconf 89' lang='lat' dir='ltr'>lati</span> <span class='ocrx_word' id='word_1_123' title='bbox 683 2241 872 2314; x_wconf 91' lang='lat' dir='ltr'>sensibiliter</span> <span class='ocrx_word' id='word_1_124' title='bbox 894 2239 1071 2326; x_wconf 87' lang='lat' dir='ltr'>praesentia</span> <span class='ocrx_word' id='word_1_125' title='bbox 1094 2241 1251 2326; x_wconf 90' lang='lat' dir='ltr'>corporali</span> <span class='ocrx_word' id='word_1_126' title='bbox 1273 2239 1404 2322; x_wconf 87' lang='lat' dir='ltr'>Christi,</span> <span class='ocrx_word' id='word_1_127' title='bbox 1429 2259 1491 2308; x_wconf 93' lang='lat' dir='ltr'>nou</span> <span class='ocrx_word' id='word_1_128' title='bbox 1514 2239 1568 2308; x_wconf 90' lang='lat' dir='ltr'>de-</span> 
     </span>
    </p>
   </div>
   <div class='ocr_carea' id='block_1_10' title="bbox 604 2347 1644 2536">
    <p class='ocr_par' dir='ltr' id='par_1_13' title="bbox 604 2347 1644 2536">
     <span class='ocr_line' id='line_1_19' title="bbox 605 2347 1575 2426; baseline -0.007 -5"><span class='ocrx_word' id='word_1_129' title='bbox 605 2351 784 2422; x_wconf 90' lang='lat' dir='ltr'>siderabant</span> <span class='ocrx_word' id='word_1_130' title='bbox 806 2347 897 2416; x_wconf 87' lang='lat' dir='ltr'>aliam</span> <span class='ocrx_word' id='word_1_131' title='bbox 914 2347 1168 2426; x_wconf 85' lang='lat' dir='ltr'>consolationem.</span> <span class='ocrx_word' id='word_1_132' title='bbox 1193 2347 1277 2416; x_wconf 88' lang='lat' dir='ltr'>Deus</span> <span class='ocrx_word' id='word_1_133' title='bbox 1293 2353 1399 2416; x_wconf 89' lang='lat' dir='ltr'>autem</span> <span class='ocrx_word' id='word_1_134' title='bbox 1420 2365 1484 2414; x_wconf 93' lang='lat' dir='ltr'>non</span> <span class='ocrx_word' id='word_1_135' title='bbox 1500 2347 1575 2414; x_wconf 84' lang='lat' dir='ltr'>uult</span> 
     </span>
     <span class='ocr_line' id='line_1_20' title="bbox 604 2453 1644 2536; baseline -0.007 -8"><span class='ocrx_word' id='word_1_136' title='bbox 604 2461 686 2528; x_wconf 89' lang='lat' dir='ltr'>dona</span> <span class='ocrx_word' id='word_1_137' title='bbox 701 2477 758 2526; x_wconf 90' lang='lat' dir='ltr'>sua</span> <span class='ocrx_word' id='word_1_138' title='bbox 773 2455 945 2536; x_wconf 84' lang='lat' dir='ltr'>contemni,</span> <span class='ocrx_word' id='word_1_139' title='bbox 965 2461 1008 2522; x_wconf 89' lang='lat' dir='ltr'>et</span> <span class='ocrx_word' id='word_1_140' title='bbox 1023 2455 1094 2524; x_wconf 89' lang='lat' dir='ltr'>ideo</span> <span class='ocrx_word' id='word_1_141' title='bbox 1114 2473 1176 2522; x_wconf 93' lang='lat' dir='ltr'>non</span> <span class='ocrx_word' id='word_1_142' title='bbox 1202 2453 1257 2522; x_wconf 91' lang='lat' dir='ltr'>dat</span> <span class='ocrx_word' id='word_1_143' title='bbox 1276 2453 1335 2520; x_wconf 91' lang='lat' dir='ltr'>nisi</span> <span class='ocrx_word' id='word_1_144' title='bbox 1356 2455 1566 2534; x_wconf 92' lang='lat' dir='ltr'>merentibus;</span> <span class='ocrx_word' id='word_1_145' title='bbox 1642 2485 1644 2488; x_wconf 96' lang='lat'>·</span> 
     </span>
    </p>
   </div>
   <div class='ocr_carea' id='block_1_11' title="bbox 489 2557 1568 2650">
    <p class='ocr_par' dir='ltr' id='par_1_14' title="bbox 489 2557 1568 2650">
     <span class='ocr_line' id='line_1_21' title="bbox 489 2557 1568 2650; baseline -0.005 -19"><span class='ocrx_word' id='word_1_146' title='bbox 489 2575 552 2620; x_wconf 75' lang='lat' dir='ltr'>batn</span> <span class='ocrx_word' id='word_1_147' title='bbox 565 2575 584 2620; x_wconf 72' lang='lat'>2·</span> <span class='ocrx_word' id='word_1_148' title='bbox 605 2567 673 2632; x_wconf 92' lang='lat' dir='ltr'>ideo</span> <span class='ocrx_word' id='word_1_149' title='bbox 696 2563 850 2650; x_wconf 91' lang='lat' dir='ltr'>oportuit,</span> <span class='ocrx_word' id='word_1_150' title='bbox 875 2561 1035 2628; x_wconf 88' lang='lat' dir='ltr'>Christum</span> <span class='ocrx_word' id='word_1_151' title='bbox 1059 2557 1352 2646; x_wconf 59' lang='lat' dir='ltr'>abeissepararid.</span> <span class='ocrx_word' id='word_1_152' title='bbox 1370 2557 1494 2626; x_wconf 86' lang='lat' dir='ltr'>-Alia</span> <span class='ocrx_word' id='word_1_153' title='bbox 1516 2577 1568 2626; x_wconf 87' lang='lat' dir='ltr'>ra·-</span> 
     </span>
    </p>
   </div>
   <div class='ocr_carea' id='block_1_12' title="bbox 605 2663 1588 2752">
    <p class='ocr_par' dir='ltr' id='par_1_15' title="bbox 605 2663 1588 2752">
     <span class='ocr_line' id='line_1_22' title="bbox 605 2663 1588 2752; baseline -0.008 -16"><span class='ocrx_word' id='word_1_154' title='bbox 605 2671 646 2736; x_wconf 93' lang='lat' dir='ltr'>tio</span> <span class='ocrx_word' id='word_1_155' title='bbox 677 2687 719 2736; x_wconf 82' lang='lat' dir='ltr'>ex</span> <span class='ocrx_word' id='word_1_156' title='bbox 751 2671 840 2752; x_wconf 86' lang='lat' dir='ltr'>parte</span> <span class='ocrx_word' id='word_1_157' title='bbox 875 2665 1048 2744; x_wconf 84' lang='lat' dir='ltr'>mittentis,</span> <span class='ocrx_word' id='word_1_158' title='bbox 1071 2665 1147 2750; x_wconf 90' lang='lat' dir='ltr'>quia</span> <span class='ocrx_word' id='word_1_159' title='bbox 1175 2681 1238 2728; x_wconf 95' lang='lat' dir='ltr'>nun</span> <span class='ocrx_word' id='word_1_160' title='bbox 1271 2663 1380 2744; x_wconf 92' lang='lat' dir='ltr'>decet,</span> <span class='ocrx_word' id='word_1_161' title='bbox 1414 2663 1588 2730; x_wconf 91' lang='lat' dir='ltr'>miserum-</span> 
     </span>
    </p>
   </div>
   <div class='ocr_carea' id='block_1_13' title="bbox 488 2767 1567 4258">
    <p class='ocr_par' dir='ltr' id='par_1_16' title="bbox 602 2767 1565 2852">
     <span class='ocr_line' id='line_1_23' title="bbox 602 2767 1565 2852; baseline -0.009 -9"><span class='ocrx_word' id='word_1_162' title='bbox 602 2777 710 2842; x_wconf 91' lang='lat' dir='ltr'>dotare</span> <span class='ocrx_word' id='word_1_163' title='bbox 727 2781 810 2840; x_wconf 86' lang='lat' dir='ltr'>¹suos</span> <span class='ocrx_word' id='word_1_164' title='bbox 831 2769 1019 2848; x_wconf 85' lang='lat' dir='ltr'>servitores,</span> <span class='ocrx_word' id='word_1_165' title='bbox 1043 2767 1103 2836; x_wconf 91' lang='lat' dir='ltr'>nisi</span> <span class='ocrx_word' id='word_1_166' title='bbox 1127 2767 1194 2852; x_wconf 92' lang='lat' dir='ltr'>ipse</span> <span class='ocrx_word' id='word_1_167' title='bbox 1217 2773 1368 2852; x_wconf 85' lang='lat' dir='ltr'>appareat</span> <span class='ocrx_word' id='word_1_168' title='bbox 1389 2767 1565 2852; x_wconf 91' lang='lat' dir='ltr'>gloriosus;</span> 
     </span>
    </p>

    <p class='ocr_par' dir='ltr' id='par_1_17' title="bbox 604 2871 1567 2962">
     <span class='ocr_line' id='line_1_24' title="bbox 604 2871 1567 2962; baseline -0.01 -14"><span class='ocrx_word' id='word_1_169' title='bbox 604 2881 675 2948; x_wconf 90' lang='lat' dir='ltr'>ideo</span> <span class='ocrx_word' id='word_1_170' title='bbox 689 2881 804 2946; x_wconf 89' lang='lat' dir='ltr'>dicitur</span> <span class='ocrx_word' id='word_1_171' title='bbox 820 2887 919 2962; x_wconf 88' lang='lat' dir='ltr'>supra</span> <span class='ocrx_word' id='word_1_172' title='bbox 941 2873 1116 2960; x_wconf 78' lang='lat' dir='ltr'>septimo³:</span> <span class='ocrx_word' id='word_1_173' title='bbox 1145 2871 1293 2960; x_wconf 76' lang='lat' dir='ltr'>Spiritus</span> <span class='ocrx_word' id='word_1_174' title='bbox 1315 2873 1466 2938; x_wconf 79' lang='lat' dir='ltr'>nonduin</span> <span class='ocrx_word' id='word_1_175' title='bbox 1493 2879 1567 2938; x_wconf 88' lang='lat' dir='ltr'>erut</span> 
     </span>
    </p>

    <p class='ocr_par' dir='ltr' id='par_1_18' title="bbox 605 2977 1565 3072">
     <span class='ocr_line' id='line_1_25' title="bbox 605 2977 1565 3072; baseline -0.009 -20"><span class='ocrx_word' id='word_1_176' title='bbox 605 2989 720 3064; x_wconf 88' lang='lat' dir='ltr'>dutus,</span> <span class='ocrx_word' id='word_1_177' title='bbox 753 2983 834 3072; x_wconf 84' lang='lat' dir='ltr'>qut&#39;u</span> <span class='ocrx_word' id='word_1_178' title='bbox 869 2983 957 3048; x_wconf 85' lang='lat' dir='ltr'>iesus</span> <span class='ocrx_word' id='word_1_179' title='bbox 988 2979 1137 3046; x_wconf 75' lang='lat' dir='ltr'>nutriunt</span> <span class='ocrx_word' id='word_1_180' title='bbox 1169 2985 1244 3046; x_wconf 79' lang='lat' dir='ltr'>ertu</span> <span class='ocrx_word' id='word_1_181' title='bbox 1271 2977 1492 3066; x_wconf 71' lang='lat' dir='ltr'>glorificatus.</span> <span class='ocrx_word' id='word_1_182' title='bbox 1522 3017 1565 3028; x_wconf 88' lang='lat'>-</span> 
     </span>
    </p>

    <p class='ocr_par' dir='ltr' id='par_1_19' title="bbox 488 3085 1565 3174">
     <span class='ocr_line' id='line_1_26' title="bbox 488 3085 1565 3174; baseline -0.008 -13"><span class='ocrx_word' id='word_1_183' title='bbox 488 3103 550 3150; x_wconf 71' lang='lat' dir='ltr'>latio</span> <span class='ocrx_word' id='word_1_184' title='bbox 564 3103 583 3148; x_wconf 77' lang='lat'>³·</span> <span class='ocrx_word' id='word_1_185' title='bbox 605 3093 707 3162; x_wconf 89' lang='lat' dir='ltr'>Tertia</span> <span class='ocrx_word' id='word_1_186' title='bbox 731 3091 811 3158; x_wconf 87' lang='lat' dir='ltr'>ratio</span> <span class='ocrx_word' id='word_1_187' title='bbox 833 3095 881 3156; x_wconf 98' lang='grc' dir='ltr'>θεῖ</span> <span class='ocrx_word' id='word_1_188' title='bbox 904 3107 946 3156; x_wconf 81' lang='lat' dir='ltr'>en</span> <span class='ocrx_word' id='word_1_189' title='bbox 962 3091 1053 3174; x_wconf 90' lang='lat' dir='ltr'>parte</span> <span class='ocrx_word' id='word_1_190' title='bbox 1074 3085 1265 3174; x_wconf 83' lang='lat' dir='ltr'>utriusque,</span> <span class='ocrx_word' id='word_1_191' title='bbox 1291 3085 1365 3172; x_wconf 85' lang='lat' dir='ltr'>quia</span> <span class='ocrx_word' id='word_1_192' title='bbox 1379 3085 1485 3154; x_wconf 87' lang='lat' dir='ltr'>adhuc</span> <span class='ocrx_word' id='word_1_193' title='bbox 1499 3103 1565 3152; x_wconf 89' lang='lat' dir='ltr'>ma-</span> 
     </span>
    </p>

    <p class='ocr_par' dir='ltr' id='par_1_20' title="bbox 605 3191 1564 3278">
     <span class='ocr_line' id='line_1_27' title="bbox 605 3191 1564 3278; baseline -0.008 -10"><span class='ocrx_word' id='word_1_194' title='bbox 605 3199 720 3268; x_wconf 92' lang='lat' dir='ltr'>nebant</span> <span class='ocrx_word' id='word_1_195' title='bbox 744 3195 924 3264; x_wconf 86' lang='lat' dir='ltr'>inimicitiae</span> <span class='ocrx_word' id='word_1_196' title='bbox 941 3195 1029 3262; x_wconf 91' lang='lat' dir='ltr'>inter</span> <span class='ocrx_word' id='word_1_197' title='bbox 1046 3211 1103 3262; x_wconf 91' lang='lat' dir='ltr'>uos</span> <span class='ocrx_word' id='word_1_198' title='bbox 1124 3199 1155 3260; x_wconf 93' lang='lat' dir='ltr'>et</span> <span class='ocrx_word' id='word_1_199' title='bbox 1179 3193 1298 3274; x_wconf 89' lang='lat' dir='ltr'>Denm;</span> <span class='ocrx_word' id='word_1_200' title='bbox 1321 3199 1353 3260; x_wconf 91' lang='lat' dir='ltr'>et</span> <span class='ocrx_word' id='word_1_201' title='bbox 1368 3191 1438 3260; x_wconf 90' lang='lat' dir='ltr'>ideo</span> <span class='ocrx_word' id='word_1_202' title='bbox 1462 3191 1564 3278; x_wconf 90' lang='lat' dir='ltr'>primo</span> 
     </span>
    </p>

    <p class='ocr_par' dir='ltr' id='par_1_21' title="bbox 607 3299 1564 3392">
     <span class='ocr_line' id='line_1_28' title="bbox 607 3299 1564 3392; baseline -0.01 -18"><span class='ocrx_word' id='word_1_203' title='bbox 607 3305 747 3392; x_wconf 91' lang='lat' dir='ltr'>oportuit</span> <span class='ocrx_word' id='word_1_204' title='bbox 768 3303 836 3372; x_wconf 91' lang='lat' dir='ltr'>tieri</span> <span class='ocrx_word' id='word_1_205' title='bbox 861 3301 1172 3370; x_wconf 79' lang='lat' dir='ltr'>reconciliationem4</span> <span class='ocrx_word' id='word_1_206' title='bbox 1193 3318 1289 3386; x_wconf 89' lang='lat' dir='ltr'>quarn</span> <span class='ocrx_word' id='word_1_207' title='bbox 1307 3301 1441 3386; x_wconf 90' lang='lat' dir='ltr'>Spiritus</span> <span class='ocrx_word' id='word_1_208' title='bbox 1466 3299 1564 3368; x_wconf 91' lang='lat' dir='ltr'>sancti</span> 
     </span>
    </p>

    <p class='ocr_par' dir='ltr' id='par_1_22' title="bbox 547 3407 1564 3606">
     <span class='ocr_line' id='line_1_29' title="bbox 547 3407 1564 3504; baseline -0.009 -21"><span class='ocrx_word' id='word_1_209' title='bbox 547 3429 549 3432; x_wconf 87' lang='grc'><strong><em>·</em></strong></span> <span class='ocrx_word' id='word_1_210' title='bbox 605 3413 811 3502; x_wconf 87' lang='lat' dir='ltr'>donationem.</span> <span class='ocrx_word' id='word_1_211' title='bbox 831 3411 902 3504; x_wconf 86' lang='lat' dir='ltr'>Ideo</span> <span class='ocrx_word' id='word_1_212' title='bbox 918 3409 1007 3496; x_wconf 90' lang='lat' dir='ltr'>prius</span> <span class='ocrx_word' id='word_1_213' title='bbox 1030 3407 1171 3494; x_wconf 89' lang='lat' dir='ltr'>oportuit</span> <span class='ocrx_word' id='word_1_214' title='bbox 1186 3407 1348 3476; x_wconf 87' lang='lat' dir='ltr'>Christum</span> <span class='ocrx_word' id='word_1_215' title='bbox 1371 3407 1449 3494; x_wconf 91' lang='lat' dir='ltr'>pati,</span> <span class='ocrx_word' id='word_1_216' title='bbox 1466 3425 1564 3494; x_wconf 89' lang='lat' dir='ltr'>quam</span> 
     </span>
     <span class='ocr_line' id='line_1_30' title="bbox 605 3517 1041 3606; baseline -0.011 -19"><span class='ocrx_word' id='word_1_217' title='bbox 605 3519 756 3606; x_wconf 90' lang='lat' dir='ltr'>Spiritum</span> <span class='ocrx_word' id='word_1_218' title='bbox 781 3525 924 3586; x_wconf 90' lang='lat' dir='ltr'>sanctum</span> <span class='ocrx_word' id='word_1_219' title='bbox 949 3517 1041 3582; x_wconf 90' lang='lat' dir='ltr'>mitti.</span> 
     </span>
    </p>

    <p class='ocr_par' dir='ltr' id='par_1_23' title="bbox 605 3621 1565 3910">
     <span class='ocr_line' id='line_1_31' title="bbox 692 3621 1564 3710; baseline -0.007 -16"><span class='ocrx_word' id='word_1_220' title='bbox 692 3629 744 3694; x_wconf 77' lang='grc'><strong>75.</strong></span> <span class='ocrx_word' id='word_1_221' title='bbox 769 3625 894 3710; x_wconf 86' lang='lat' dir='ltr'>eraest.</span> <span class='ocrx_word' id='word_1_222' title='bbox 920 3623 965 3689; x_wconf 92' lang='grc'><strong>444.</strong></span> <span class='ocrx_word' id='word_1_223' title='bbox 990 3625 1065 3692; x_wconf 89' lang='lat' dir='ltr'>Item</span> <span class='ocrx_word' id='word_1_224' title='bbox 1090 3621 1256 3710; x_wconf 88' lang='lat' dir='ltr'>quaeritur</span> <span class='ocrx_word' id='word_1_225' title='bbox 1280 3621 1318 3688; x_wconf 91' lang='lat' dir='ltr'>de</span> <span class='ocrx_word' id='word_1_226' title='bbox 1334 3621 1395 3688; x_wconf 94' lang='lat' dir='ltr'>hoc</span> <span class='ocrx_word' id='word_1_227' title='bbox 1415 3621 1499 3706; x_wconf 90' lang='lat' dir='ltr'>quod</span> <span class='ocrx_word' id='word_1_228' title='bbox 1517 3621 1564 3688; x_wconf 85' lang='lat' dir='ltr'>di·</span> 
     </span>
     <span class='ocr_line' id='line_1_32' title="bbox 605 3717 1565 3820; baseline -0.006 -18"><span class='ocrx_word' id='word_1_229' title='bbox 605 3735 663 3814; x_wconf 92' lang='lat' dir='ltr'>cit,</span> <span class='ocrx_word' id='word_1_230' title='bbox 686 3733 771 3820; x_wconf 89' lang='lat' dir='ltr'>quod</span> <span class='ocrx_word' id='word_1_231' title='bbox 795 3717 871 3798; x_wconf 84' lang='lat' dir='ltr'>cunt</span> <span class='ocrx_word' id='word_1_232' title='bbox 885 3719 1011 3798; x_wconf 83' lang='lat' dir='ltr'>uenerit</span> <span class='ocrx_word' id='word_1_233' title='bbox 1034 3729 1197 3818; x_wconf 82' lang='lat' dir='ltr'>Spiritus,</span> <span class='ocrx_word' id='word_1_234' title='bbox 1221 3727 1344 3798; x_wconf 83' lang='lat' dir='ltr'>docebit</span> <span class='ocrx_word' id='word_1_235' title='bbox 1359 3747 1418 3796; x_wconf 85' lang='lat' dir='ltr'>uos</span> <span class='ocrx_word' id='word_1_236' title='bbox 1436 3735 1565 3796; x_wconf 87' lang='lat' dir='ltr'>ornnern</span> 
     </span>
     <span class='ocr_line' id='line_1_33' title="bbox 605 3841 786 3910; baseline -0.028 0"><span class='ocrx_word' id='word_1_237' title='bbox 605 3841 786 3910; x_wconf 78' lang='lat' dir='ltr'>ueritatem.</span> 
     </span>
    </p>

    <p class='ocr_par' dir='ltr' id='par_1_24' title="bbox 605 3943 1564 4258">
     <span class='ocr_line' id='line_1_34' title="bbox 686 3943 1564 4028; baseline -0.005 -14"><span class='ocrx_word' id='word_1_238' title='bbox 686 3949 726 4014; x_wconf 87' lang='grc'>4.</span> <span class='ocrx_word' id='word_1_239' title='bbox 749 3947 853 4014; x_wconf 88' lang='lat' dir='ltr'>Primo</span> <span class='ocrx_word' id='word_1_240' title='bbox 882 3945 1008 4012; x_wconf 88' lang='lat' dir='ltr'>ridetur</span> <span class='ocrx_word' id='word_1_241' title='bbox 1038 3947 1119 4012; x_wconf 91' lang='lat' dir='ltr'>male</span> <span class='ocrx_word' id='word_1_242' title='bbox 1154 3945 1277 4024; x_wconf 85' lang='lat' dir='ltr'>dicere,</span> <span class='ocrx_word' id='word_1_243' title='bbox 1308 3943 1393 4028; x_wconf 89' lang='lat' dir='ltr'>quod</span> <span class='ocrx_word' id='word_1_244' title='bbox 1424 3943 1564 4022; x_wconf 89' lang='lat' dir='ltr'>docebii;</span> 
     </span>
     <span class='ocr_line' id='line_1_35' title="bbox 606 4045 1563 4144; baseline -0.008 -20"><span class='ocrx_word' id='word_1_245' title='bbox 606 4057 680 4144; x_wconf 88' lang='lat' dir='ltr'>quia</span> <span class='ocrx_word' id='word_1_246' title='bbox 702 4045 816 4122; x_wconf 85' lang='lat' dir='ltr'>docere</span> <span class='ocrx_word' id='word_1_247' title='bbox 839 4059 885 4122; x_wconf 93' lang='lat' dir='ltr'>est</span> <span class='ocrx_word' id='word_1_248' title='bbox 910 4061 997 4120; x_wconf 90' lang='lat' dir='ltr'>actus</span> <span class='ocrx_word' id='word_1_249' title='bbox 1020 4051 1205 4138; x_wconf 89' lang='lat' dir='ltr'>sapientiae,</span> <span class='ocrx_word' id='word_1_250' title='bbox 1229 4059 1260 4118; x_wconf 92' lang='lat' dir='ltr'>et</span> <span class='ocrx_word' id='word_1_251' title='bbox 1283 4049 1434 4136; x_wconf 85' lang='lat' dir='ltr'>sapientia</span> <span class='ocrx_word' id='word_1_252' title='bbox 1450 4067 1563 4136; x_wconf 82' lang='lat' dir='ltr'>appro</span> 
     </span>
     <span class='ocr_line' id='line_1_36' title="bbox 605 4157 1321 4258; baseline -0.013 -28"><span class='ocrx_word' id='word_1_253' title='bbox 605 4165 729 4251; x_wconf 89' lang='lat' dir='ltr'>priatur</span> <span class='ocrx_word' id='word_1_254' title='bbox 750 4161 840 4240; x_wconf 89' lang='lat' dir='ltr'>Filio,</span> <span class='ocrx_word' id='word_1_255' title='bbox 866 4179 925 4228; x_wconf 92' lang='lat' dir='ltr'>oon</span> <span class='ocrx_word' id='word_1_256' title='bbox 942 4159 1081 4250; x_wconf 21' lang='lat' dir='ltr'>&#39;Spiritui</span> <span class='ocrx_word' id='word_1_257' title='bbox 1105 4161 1212 4226; x_wconf 90' lang='lat' dir='ltr'>sancto</span> <span class='ocrx_word' id='word_1_258' title='bbox 1224 4157 1246 4222; x_wconf 84' lang='lat'>⁵.</span> <span class='ocrx_word' id='word_1_259' title='bbox 1320 4255 1321 4258; x_wconf 8' lang='grc' dir='ltr'><strong>Ἴ</strong></span> 
     </span>
    </p>
   </div>
   <div class='ocr_carea' id='block_1_14' title="bbox 551 4583 1564 5362">
    <p class='ocr_par' dir='ltr' id='par_1_25' title="bbox 676 4583 1564 4654">
     <span class='ocr_line' id='line_1_37' title="bbox 676 4583 1564 4654; baseline -0.005 -12"><span class='ocrx_word' id='word_1_260' title='bbox 676 4585 684 4618; x_wconf 81' lang='lat'><strong>¹</strong></span> <span class='ocrx_word' id='word_1_261' title='bbox 704 4589 828 4654; x_wconf 81' lang='lat' dir='ltr'>August,</span> <span class='ocrx_word' id='word_1_262' title='bbox 848 4587 873 4638; x_wconf 86' lang='lat' dir='ltr'>in</span> <span class='ocrx_word' id='word_1_263' title='bbox 891 4583 962 4640; x_wconf 78' lang='lat' dir='ltr'>ioan.</span> <span class='ocrx_word' id='word_1_264' title='bbox 980 4587 1080 4648; x_wconf 79' lang='lat' dir='ltr'>dreng.</span> <span class='ocrx_word' id='word_1_265' title='bbox 1101 4589 1132 4636; x_wconf 92' lang='lat' dir='ltr'>tr.</span> <span class='ocrx_word' id='word_1_266' title='bbox 1151 4583 1196 4636; x_wconf 85' lang='grc'>34.</span> <span class='ocrx_word' id='word_1_267' title='bbox 1214 4599 1240 4636; x_wconf 90' lang='lat' dir='ltr'>n.</span> <span class='ocrx_word' id='word_1_268' title='bbox 1259 4583 1290 4636; x_wconf 77' lang='lat' dir='ltr'>d:</span> <span class='ocrx_word' id='word_1_269' title='bbox 1303 4585 1356 4638; x_wconf 90' lang='lat' dir='ltr'>Sed</span> <span class='ocrx_word' id='word_1_270' title='bbox 1367 4585 1436 4648; x_wconf 90' lang='lat' dir='ltr'>nolo,</span> <span class='ocrx_word' id='word_1_271' title='bbox 1450 4597 1493 4636; x_wconf 91' lang='lat' dir='ltr'>me</span> <span class='ocrx_word' id='word_1_272' title='bbox 1505 4597 1564 4638; x_wconf 88' lang='lat' dir='ltr'>cur·</span> 
     </span>
    </p>

    <p class='ocr_par' dir='ltr' id='par_1_26' title="bbox 604 4665 1564 4832">
     <span class='ocr_line' id='line_1_38' title="bbox 604 4665 1564 4738; baseline -0.007 -5"><span class='ocrx_word' id='word_1_273' title='bbox 604 4675 701 4732; x_wconf 74' lang='lat' dir='ltr'>nudter</span> <span class='ocrx_word' id='word_1_274' title='bbox 719 4675 806 4730; x_wconf 91' lang='lat' dir='ltr'>adhuc</span> <span class='ocrx_word' id='word_1_275' title='bbox 823 4673 953 4738; x_wconf 86' lang='lat' dir='ltr'>diligatis,</span> <span class='ocrx_word' id='word_1_276' title='bbox 971 4677 996 4726; x_wconf 90' lang='lat' dir='ltr'>et</span> <span class='ocrx_word' id='word_1_277' title='bbox 1013 4673 1062 4726; x_wconf 90' lang='lat' dir='ltr'>isto</span> <span class='ocrx_word' id='word_1_278' title='bbox 1077 4673 1147 4726; x_wconf 89' lang='lat' dir='ltr'>lacte</span> <span class='ocrx_word' id='word_1_279' title='bbox 1172 4673 1298 4738; x_wconf 88' lang='lat' dir='ltr'>contenti,</span> <span class='ocrx_word' id='word_1_280' title='bbox 1322 4665 1427 4738; x_wconf 74' lang='lat' dir='ltr'>&#39;semper</span> <span class='ocrx_word' id='word_1_281' title='bbox 1452 4671 1564 4726; x_wconf 83' lang='lat' dir='ltr'>inientes</span> 
     </span>
     <span class='ocr_line' id='line_1_39' title="bbox 605 4751 1370 4832; baseline -0.008 -12"><span class='ocrx_word' id='word_1_282' title='bbox 605 4781 662 4820; x_wconf 89' lang='lat' dir='ltr'>esse</span> <span class='ocrx_word' id='word_1_283' title='bbox 680 4765 798 4832; x_wconf 87' lang='lat' dir='ltr'>cupiatis.</span> <span class='ocrx_word' id='word_1_284' title='bbox 843 4751 844 4754; x_wconf 24' lang='lat'>¹</span> <span class='ocrx_word' id='word_1_285' title='bbox 1025 4823 1027 4828; x_wconf 15' lang='lat' dir='ltr'>y</span> <span class='ocrx_word' id='word_1_286' title='bbox 1367 4757 1370 4762; x_wconf 72' lang='grc'><em>’</em></span> 
     </span>
    </p>

    <p class='ocr_par' dir='ltr' id='par_1_27' title="bbox 551 4849 1564 4922">
     <span class='ocr_line' id='line_1_40' title="bbox 551 4849 1564 4922; baseline -0.003 -15"><span class='ocrx_word' id='word_1_287' title='bbox 551 4913 553 4922; x_wconf 72' lang='lat'>‚</span> <span class='ocrx_word' id='word_1_288' title='bbox 674 4853 684 4886; x_wconf 66' lang='lat'><em>2</em></span> <span class='ocrx_word' id='word_1_289' title='bbox 704 4855 754 4910; x_wconf 89' lang='lat' dir='ltr'>Clr.</span> <span class='ocrx_word' id='word_1_290' title='bbox 773 4855 891 4920; x_wconf 78' lang='lat' dir='ltr'>August,</span> <span class='ocrx_word' id='word_1_291' title='bbox 911 4855 960 4906; x_wconf 91' lang='lat' dir='ltr'>loc.</span> <span class='ocrx_word' id='word_1_292' title='bbox 980 4849 1022 4904; x_wconf 90' lang='lat' dir='ltr'>cit.</span> <span class='ocrx_word' id='word_1_293' title='bbox 1041 4851 1067 4902; x_wconf 91' lang='lat' dir='ltr'>in</span> <span class='ocrx_word' id='word_1_294' title='bbox 1086 4849 1260 4916; x_wconf 85' lang='lat' dir='ltr'>praecedente</span> <span class='ocrx_word' id='word_1_295' title='bbox 1279 4855 1341 4902; x_wconf 89' lang='lat' dir='ltr'>nota</span> <span class='ocrx_word' id='word_1_296' title='bbox 1359 4855 1385 4904; x_wconf 90' lang='lat' dir='ltr'>et</span> <span class='ocrx_word' id='word_1_297' title='bbox 1403 4853 1419 4904; x_wconf 93' lang='lat' dir='ltr'>l.</span> <span class='ocrx_word' id='word_1_298' title='bbox 1435 4849 1473 4904; x_wconf 91' lang='lat' dir='ltr'>de</span> <span class='ocrx_word' id='word_1_299' title='bbox 1491 4849 1564 4904; x_wconf 89' lang='lat' dir='ltr'>Trin.</span> 
     </span>
    </p>

    <p class='ocr_par' dir='ltr' id='par_1_28' title="bbox 604 4937 1563 5008">
     <span class='ocr_line' id='line_1_41' title="bbox 604 4937 1563 5008; baseline -0.006 -12"><span class='ocrx_word' id='word_1_300' title='bbox 604 4959 626 4996; x_wconf 95' lang='lat' dir='ltr'>c.</span> <span class='ocrx_word' id='word_1_301' title='bbox 639 4945 667 4998; x_wconf 82' lang='grc'><strong>8.</strong></span> <span class='ocrx_word' id='word_1_302' title='bbox 677 4957 705 4996; x_wconf 90' lang='lat' dir='ltr'>n.</span> <span class='ocrx_word' id='word_1_303' title='bbox 720 4945 750 4994; x_wconf 89' lang='grc'>48</span> <span class='ocrx_word' id='word_1_304' title='bbox 758 4963 766 5006; x_wconf 89' lang='lat'>;</span> <span class='ocrx_word' id='word_1_305' title='bbox 780 4945 846 5004; x_wconf 88' lang='lat' dir='ltr'>Leo,</span> <span class='ocrx_word' id='word_1_306' title='bbox 860 4941 942 4994; x_wconf 90' lang='lat' dir='ltr'>Serm.</span> <span class='ocrx_word' id='word_1_307' title='bbox 956 4939 999 4992; x_wconf 90' lang='grc'>74.</span> <span class='ocrx_word' id='word_1_308' title='bbox 1019 4939 1092 5008; x_wconf 84' lang='grc' dir='ltr'>(θῖῖθε</span> <span class='ocrx_word' id='word_1_309' title='bbox 1109 4937 1163 5006; x_wconf 82' lang='grc'><strong>77.)</strong></span> <span class='ocrx_word' id='word_1_310' title='bbox 1183 4939 1212 4990; x_wconf 91' lang='grc'>44.</span> <span class='ocrx_word' id='word_1_311' title='bbox 1223 4939 1255 4990; x_wconf 80' lang='lat' dir='ltr'>tle</span> <span class='ocrx_word' id='word_1_312' title='bbox 1274 4937 1432 5008; x_wconf 88' lang='lat' dir='ltr'>Asceusione</span> <span class='ocrx_word' id='word_1_313' title='bbox 1446 4939 1563 5000; x_wconf 89' lang='lat' dir='ltr'>Domini,</span> 
     </span>
    </p>

    <p class='ocr_par' dir='ltr' id='par_1_29' title="bbox 604 5013 1563 5096">
     <span class='ocr_line' id='line_1_42' title="bbox 604 5013 1563 5096; baseline -0.008 -10"><span class='ocrx_word' id='word_1_314' title='bbox 604 5047 626 5086; x_wconf 91' lang='lat' dir='ltr'>c.</span> <span class='ocrx_word' id='word_1_315' title='bbox 646 5033 676 5096; x_wconf 76' lang='grc'><strong>3,</strong></span> <span class='ocrx_word' id='word_1_316' title='bbox 695 5031 817 5096; x_wconf 77' lang='lat' dir='ltr'>drogon,</span> <span class='ocrx_word' id='word_1_317' title='bbox 838 5029 898 5082; x_wconf 91' lang='lat' dir='ltr'>Vlll.</span> <span class='ocrx_word' id='word_1_318' title='bbox 919 5029 1006 5081; x_wconf 87' lang='lat' dir='ltr'>bloral.</span> <span class='ocrx_word' id='word_1_319' title='bbox 1025 5041 1048 5080; x_wconf 84' lang='lat' dir='ltr'>c.</span> <span class='ocrx_word' id='word_1_320' title='bbox 1067 5027 1111 5080; x_wconf 79' lang='grc'>24.</span> <span class='ocrx_word' id='word_1_321' title='bbox 1129 5041 1155 5078; x_wconf 92' lang='lat' dir='ltr'>n.</span> <span class='ocrx_word' id='word_1_322' title='bbox 1175 5025 1224 5090; x_wconf 74' lang='grc'>44,</span> <span class='ocrx_word' id='word_1_323' title='bbox 1242 5013 1381 5090; x_wconf 78' lang='grc' dir='ltr'>Βθεῖιθεεῖ.,</span> <span class='ocrx_word' id='word_1_324' title='bbox 1403 5027 1485 5078; x_wconf 91' lang='lat' dir='ltr'>Serm.</span> <span class='ocrx_word' id='word_1_325' title='bbox 1499 5027 1526 5080; x_wconf 90' lang='lat'>3.</span> <span class='ocrx_word' id='word_1_326' title='bbox 1538 5025 1563 5078; x_wconf 90' lang='lat' dir='ltr'>in</span> 
     </span>
    </p>

    <p class='ocr_par' dir='ltr' id='par_1_30' title="bbox 603 5113 1564 5182">
     <span class='ocr_line' id='line_1_43' title="bbox 603 5113 1564 5182; baseline -0.005 -12"><span class='ocrx_word' id='word_1_327' title='bbox 603 5117 759 5170; x_wconf 89' lang='lat' dir='ltr'>Ascensioue</span> <span class='ocrx_word' id='word_1_328' title='bbox 779 5115 898 5182; x_wconf 86' lang='lat' dir='ltr'>Domini,</span> <span class='ocrx_word' id='word_1_329' title='bbox 917 5131 942 5168; x_wconf 86' lang='lat' dir='ltr'>n.</span> <span class='ocrx_word' id='word_1_330' title='bbox 962 5115 986 5166; x_wconf 84' lang='lat'>3.</span> <span class='ocrx_word' id='word_1_331' title='bbox 1004 5119 1031 5168; x_wconf 90' lang='lat' dir='ltr'>et</span> <span class='ocrx_word' id='word_1_332' title='bbox 1050 5113 1075 5166; x_wconf 89' lang='grc'>4.</span> <span class='ocrx_word' id='word_1_333' title='bbox 1093 5139 1128 5152; x_wconf 93' lang='grc'>-</span> <span class='ocrx_word' id='word_1_334' title='bbox 1146 5113 1274 5178; x_wconf 89' lang='lat' dir='ltr'>Superius</span> <span class='ocrx_word' id='word_1_335' title='bbox 1286 5127 1335 5178; x_wconf 91' lang='lat' dir='ltr'>pro</span> <span class='ocrx_word' id='word_1_336' title='bbox 1347 5113 1410 5168; x_wconf 87' lang='lat' dir='ltr'>unte</span> <span class='ocrx_word' id='word_1_337' title='bbox 1421 5127 1564 5168; x_wconf 81' lang='lat' dir='ltr'>ascensum</span> 
     </span>
    </p>

    <p class='ocr_par' dir='ltr' id='par_1_31' title="bbox 603 5195 1563 5362">
     <span class='ocr_line' id='line_1_44' title="bbox 603 5195 1563 5270; baseline -0.004 -12"><span class='ocrx_word' id='word_1_338' title='bbox 603 5195 656 5258; x_wconf 90' lang='lat' dir='ltr'>non</span> <span class='ocrx_word' id='word_1_339' title='bbox 678 5203 755 5270; x_wconf 87' lang='lat' dir='ltr'>pauci</span> <span class='ocrx_word' id='word_1_340' title='bbox 782 5203 860 5258; x_wconf 81' lang='lat' dir='ltr'>codd.</span> <span class='ocrx_word' id='word_1_341' title='bbox 884 5215 1026 5268; x_wconf 87' lang='lat' dir='ltr'>perperam</span> <span class='ocrx_word' id='word_1_342' title='bbox 1049 5205 1112 5256; x_wconf 88' lang='lat' dir='ltr'>unte</span> <span class='ocrx_word' id='word_1_343' title='bbox 1136 5199 1296 5266; x_wconf 83' lang='lat' dir='ltr'>adveniunt,</span> <span class='ocrx_word' id='word_1_344' title='bbox 1315 5203 1337 5254; x_wconf 92' lang='lat' dir='ltr'>N</span> <span class='ocrx_word' id='word_1_345' title='bbox 1357 5199 1423 5268; x_wconf 87' lang='lat' dir='ltr'>(hia</span> <span class='ocrx_word' id='word_1_346' title='bbox 1448 5201 1563 5254; x_wconf 87' lang='lat' dir='ltr'>secunda</span> 
     </span>
     <span class='ocr_line' id='line_1_45' title="bbox 603 5289 1387 5362; baseline -0.005 -14"><span class='ocrx_word' id='word_1_347' title='bbox 603 5293 694 5362; x_wconf 85' lang='lat' dir='ltr'>manu)</span> <span class='ocrx_word' id='word_1_348' title='bbox 715 5295 776 5348; x_wconf 88' lang='lat' dir='ltr'>unte</span> <span class='ocrx_word' id='word_1_349' title='bbox 794 5305 942 5356; x_wconf 76' lang='lat' dir='ltr'>recemum,</span> <span class='ocrx_word' id='word_1_350' title='bbox 962 5293 1096 5356; x_wconf 86' lang='lat' dir='ltr'>Gorrauus</span> <span class='ocrx_word' id='word_1_351' title='bbox 1113 5293 1176 5344; x_wconf 88' lang='lat' dir='ltr'>unte</span> <span class='ocrx_word' id='word_1_352' title='bbox 1193 5289 1387 5344; x_wconf 85' lang='lat' dir='ltr'>escensionem.</span> 
     </span>
    </p>
   </div>
   <div class='ocr_carea' id='block_1_15' title="bbox 673 5367 1573 5446">
    <p class='ocr_par' dir='ltr' id='par_1_32' title="bbox 673 5367 1573 5446">
     <span class='ocr_line' id='line_1_46' title="bbox 673 5367 1573 5446; baseline -0.009 -8"><span class='ocrx_word' id='word_1_353' title='bbox 673 5379 684 5410; x_wconf 84' lang='lat'>⁸</span> <span class='ocrx_word' id='word_1_354' title='bbox 703 5383 778 5438; x_wconf 86' lang='lat' dir='ltr'>Vers.</span> <span class='ocrx_word' id='word_1_355' title='bbox 796 5367 839 5434; x_wconf 86' lang='lat'>39.</span> <span class='ocrx_word' id='word_1_356' title='bbox 857 5381 924 5434; x_wconf 90' lang='lat' dir='ltr'>Vide</span> <span class='ocrx_word' id='word_1_357' title='bbox 949 5381 1074 5446; x_wconf 80' lang='lat' dir='ltr'>August,</span> <span class='ocrx_word' id='word_1_358' title='bbox 1097 5379 1203 5434; x_wconf 89' lang='lat' dir='ltr'>XXXll.</span> <span class='ocrx_word' id='word_1_359' title='bbox 1216 5385 1304 5434; x_wconf 84' lang='lat' dir='ltr'>contm</span> <span class='ocrx_word' id='word_1_360' title='bbox 1318 5381 1459 5446; x_wconf 85' lang='lat' dir='ltr'>Faustum,</span> <span class='ocrx_word' id='word_1_361' title='bbox 1477 5395 1499 5432; x_wconf 90' lang='lat' dir='ltr'>c.</span> <span class='ocrx_word' id='word_1_362' title='bbox 1522 5367 1573 5442; x_wconf 90' lang='grc' dir='ltr'><strong>ῖ7,’</strong></span> 
     </span>
    </p>
   </div>
   <div class='ocr_carea' id='block_1_16' title="bbox 602 5461 1563 5538">
    <p class='ocr_par' dir='ltr' id='par_1_33' title="bbox 602 5461 1563 5538">
     <span class='ocr_line' id='line_1_47' title="bbox 602 5461 1563 5538; baseline -0.004 -14"><span class='ocrx_word' id='word_1_363' title='bbox 602 5477 627 5524; x_wconf 91' lang='lat' dir='ltr'>et</span> <span class='ocrx_word' id='word_1_364' title='bbox 646 5473 713 5534; x_wconf 90' lang='lat' dir='ltr'>Leo,</span> <span class='ocrx_word' id='word_1_365' title='bbox 732 5471 814 5522; x_wconf 90' lang='lat' dir='ltr'>Serm.</span> <span class='ocrx_word' id='word_1_366' title='bbox 836 5469 878 5522; x_wconf 82' lang='grc'>76.</span> <span class='ocrx_word' id='word_1_367' title='bbox 899 5467 981 5538; x_wconf 84' lang='lat' dir='ltr'>(alias.</span> <span class='ocrx_word' id='word_1_368' title='bbox 998 5461 1059 5536; x_wconf 91' lang='grc'><strong>74.)</strong></span> <span class='ocrx_word' id='word_1_369' title='bbox 1075 5469 1103 5520; x_wconf 89' lang='lat' dir='ltr'>ll.</span> <span class='ocrx_word' id='word_1_370' title='bbox 1116 5469 1150 5520; x_wconf 90' lang='lat' dir='ltr'>de</span> <span class='ocrx_word' id='word_1_371' title='bbox 1163 5469 1329 5532; x_wconf 85' lang='lat' dir='ltr'>Pentecoste,</span> <span class='ocrx_word' id='word_1_372' title='bbox 1347 5483 1368 5520; x_wconf 86' lang='grc' dir='ltr'>ε.</span> <span class='ocrx_word' id='word_1_373' title='bbox 1391 5469 1414 5520; x_wconf 87' lang='grc'><strong>8.</strong></span> <span class='ocrx_word' id='word_1_374' title='bbox 1427 5497 1463 5508; x_wconf 86' lang='grc'>-</span> <span class='ocrx_word' id='word_1_375' title='bbox 1479 5469 1563 5534; x_wconf 89' lang='lat' dir='ltr'>Supe-</span> 
     </span>
    </p>
   </div>
   <div class='ocr_carea' id='block_1_17' title="bbox 603 5643 1563 5710">
    <p class='ocr_par' dir='ltr' id='par_1_34' title="bbox 603 5643 1563 5710">
     <span class='ocr_line' id='line_1_48' title="bbox 603 5643 1563 5710; baseline -0.004 -8"><span class='ocrx_word' id='word_1_376' title='bbox 603 5651 662 5702; x_wconf 85' lang='lat' dir='ltr'>erut</span> <span class='ocrx_word' id='word_1_377' title='bbox 680 5643 801 5700; x_wconf 85' lang='lat' dir='ltr'>Christus</span> <span class='ocrx_word' id='word_1_378' title='bbox 822 5645 953 5698; x_wconf 83' lang='lat' dir='ltr'>incarne</span> <span class='ocrx_word' id='word_1_379' title='bbox 977 5643 1103 5710; x_wconf 86' lang='lat' dir='ltr'>rnoriuli,</span> <span class='ocrx_word' id='word_1_380' title='bbox 1127 5643 1230 5698; x_wconf 85' lang='lat' dir='ltr'>donare</span> <span class='ocrx_word' id='word_1_381' title='bbox 1249 5657 1314 5698; x_wconf 89' lang='lat' dir='ltr'>suos</span> <span class='ocrx_word' id='word_1_382' title='bbox 1333 5643 1476 5700; x_wconf 80' lang='lat' dir='ltr'>ser-ultores</span> <span class='ocrx_word' id='word_1_383' title='bbox 1501 5659 1563 5698; x_wconf 85' lang='lat' dir='ltr'>rnu-</span> 
     </span>
    </p>
   </div>
   <div class='ocr_carea' id='block_1_18' title="bbox 602 5731 1561 5890">
    <p class='ocr_par' dir='ltr' id='par_1_35' title="bbox 602 5731 1561 5890">
     <span class='ocr_line' id='line_1_49' title="bbox 602 5731 1126 5800; baseline -0.015 -10"><span class='ocrx_word' id='word_1_384' title='bbox 602 5749 665 5792; x_wconf 84' lang='lat' dir='ltr'>nere</span> <span class='ocrx_word' id='word_1_385' title='bbox 682 5739 740 5788; x_wconf 82' lang='lat' dir='ltr'>torn</span> <span class='ocrx_word' id='word_1_386' title='bbox 758 5731 910 5798; x_wconf 81' lang='lat' dir='ltr'>succidenti,</span> <span class='ocrx_word' id='word_1_387' title='bbox 931 5731 987 5788; x_wconf 75' lang='lat' dir='ltr'>nin</span> <span class='ocrx_word' id='word_1_388' title='bbox 1003 5731 1059 5800; x_wconf 85' lang='lat' dir='ltr'>ipse</span> <span class='ocrx_word' id='word_1_389' title='bbox 1077 5737 1126 5786; x_wconf 90' lang='lat' dir='ltr'>eto.</span> 
     </span>
     <span class='ocr_line' id='line_1_50' title="bbox 672 5819 1561 5890; baseline -0.007 -12"><span class='ocrx_word' id='word_1_390' title='bbox 672 5821 684 5852; x_wconf 69' lang='lat'>⁴²</span> <span class='ocrx_word' id='word_1_391' title='bbox 703 5823 754 5878; x_wconf 86' lang='lat' dir='ltr'>Cir.</span> <span class='ocrx_word' id='word_1_392' title='bbox 773 5825 849 5876; x_wconf 87' lang='lat' dir='ltr'>Rom.</span> <span class='ocrx_word' id='word_1_393' title='bbox 868 5821 900 5884; x_wconf 82' lang='lat'>5,</span> <span class='ocrx_word' id='word_1_394' title='bbox 920 5821 963 5874; x_wconf 91' lang='lat' dir='ltr'>t0.</span> <span class='ocrx_word' id='word_1_395' title='bbox 981 5835 1038 5890; x_wconf 88' lang='lat' dir='ltr'>seq.</span> <span class='ocrx_word' id='word_1_396' title='bbox 1054 5827 1082 5872; x_wconf 93' lang='lat' dir='ltr'>et</span> <span class='ocrx_word' id='word_1_397' title='bbox 1105 5819 1205 5874; x_wconf 76' lang='lat' dir='ltr'>Culusa</span> <span class='ocrx_word' id='word_1_398' title='bbox 1224 5821 1254 5884; x_wconf 89' lang='lat' dir='ltr'>l,</span> <span class='ocrx_word' id='word_1_399' title='bbox 1274 5821 1317 5872; x_wconf 82' lang='lat' dir='ltr'>ab.</span> <span class='ocrx_word' id='word_1_400' title='bbox 1341 5835 1416 5888; x_wconf 88' lang='lat' dir='ltr'>seqq.</span> <span class='ocrx_word' id='word_1_401' title='bbox 1433 5849 1470 5862; x_wconf 90' lang='lat'><em>-</em></span> <span class='ocrx_word' id='word_1_402' title='bbox 1487 5821 1561 5874; x_wconf 86' lang='lat' dir='ltr'>Hauc</span> 
     </span>
    </p>
   </div>
   <div class='ocr_carea' id='block_1_19' title="bbox 545 5909 1560 6158">
    <p class='ocr_par' dir='ltr' id='par_1_36' title="bbox 545 5909 1560 6158">
     <span class='ocr_line' id='line_1_51' title="bbox 545 5909 1547 5978; baseline -0.006 -10"><span class='ocrx_word' id='word_1_403' title='bbox 545 5953 546 5956; x_wconf 18' lang='grc' dir='ltr'>ε</span> <span class='ocrx_word' id='word_1_404' title='bbox 602 5915 729 5968; x_wconf 84' lang='lat' dir='ltr'>rationem</span> <span class='ocrx_word' id='word_1_405' title='bbox 748 5913 822 5964; x_wconf 77' lang='lat' dir='ltr'>alleri</span> <span class='ocrx_word' id='word_1_406' title='bbox 840 5911 987 5976; x_wconf 66' lang='lat' dir='ltr'>Chrysost„</span> <span class='ocrx_word' id='word_1_407' title='bbox 1007 5911 1032 5962; x_wconf 93' lang='lat' dir='ltr'>in</span> <span class='ocrx_word' id='word_1_408' title='bbox 1050 5911 1121 5962; x_wconf 90' lang='lat' dir='ltr'>loan.</span> <span class='ocrx_word' id='word_1_409' title='bbox 1139 5911 1229 5962; x_wconf 89' lang='lat' dir='ltr'>homil.</span> <span class='ocrx_word' id='word_1_410' title='bbox 1247 5911 1291 5962; x_wconf 93' lang='grc'>78.</span> <span class='ocrx_word' id='word_1_411' title='bbox 1312 5909 1456 5978; x_wconf 75' lang='lat' dir='ltr'>(allusit.)</span> <span class='ocrx_word' id='word_1_412' title='bbox 1475 5925 1502 5972; x_wconf 87' lang='lat' dir='ltr'>p.</span> <span class='ocrx_word' id='word_1_413' title='bbox 1522 5911 1547 5962; x_wconf 86' lang='lat'>3.</span> 
     </span>
     <span class='ocr_line' id='line_1_52' title="bbox 673 5995 1560 6066; baseline -0.009 -12"><span class='ocrx_word' id='word_1_414' title='bbox 673 6001 684 6030; x_wconf 78' lang='lat'>⁶</span> <span class='ocrx_word' id='word_1_415' title='bbox 704 6001 785 6066; x_wconf 88' lang='lat' dir='ltr'>Epist.</span> <span class='ocrx_word' id='word_1_416' title='bbox 802 6001 820 6052; x_wconf 94' lang='lat' dir='ltr'>l.</span> <span class='ocrx_word' id='word_1_417' title='bbox 840 5999 900 6052; x_wconf 89' lang='lat' dir='ltr'>Cor.</span> <span class='ocrx_word' id='word_1_418' title='bbox 919 5999 950 6062; x_wconf 89' lang='lat' dir='ltr'>l,</span> <span class='ocrx_word' id='word_1_419' title='bbox 969 5997 1013 6052; x_wconf 79' lang='grc'>74.</span> <span class='ocrx_word' id='word_1_420' title='bbox 1031 6001 1109 6050; x_wconf 84' lang='lat' dir='ltr'>vocat</span> <span class='ocrx_word' id='word_1_421' title='bbox 1127 5995 1258 6050; x_wconf 88' lang='lat' dir='ltr'>Christum</span> <span class='ocrx_word' id='word_1_422' title='bbox 1283 5997 1354 6050; x_wconf 66' lang='lat' dir='ltr'>‹Dei</span> <span class='ocrx_word' id='word_1_423' title='bbox 1366 5997 1560 6064; x_wconf 73' lang='lat' dir='ltr'>sapientiam»;</span> 
     </span>
     <span class='ocr_line' id='line_1_53' title="bbox 603 6087 1038 6158; baseline -0.014 -14"><span class='ocrx_word' id='word_1_424' title='bbox 603 6095 651 6146; x_wconf 87' lang='lat' dir='ltr'>cir.</span> <span class='ocrx_word' id='word_1_425' title='bbox 668 6105 749 6158; x_wconf 84' lang='lat' dir='ltr'>supra</span> <span class='ocrx_word' id='word_1_426' title='bbox 768 6105 831 6156; x_wconf 84' lang='lat' dir='ltr'>pag.</span> <span class='ocrx_word' id='word_1_427' title='bbox 849 6087 915 6152; x_wconf 91' lang='grc'><strong>444,</strong></span> <span class='ocrx_word' id='word_1_428' title='bbox 934 6091 994 6140; x_wconf 87' lang='lat' dir='ltr'>notu</span> <span class='ocrx_word' id='word_1_429' title='bbox 1016 6087 1038 6138; x_wconf 91' lang='lat' dir='ltr'>l.</span> 
     </span>
    </p>
   </div>
   <div class='ocr_carea' id='block_1_20' title="bbox 671 6177 1564 6332">
    <p class='ocr_par' dir='ltr' id='par_1_37' title="bbox 671 6177 1564 6332">
     <span class='ocr_line' id='line_1_54' title="bbox 672 6177 688 6208; baseline 0 -10"><span class='ocrx_word' id='word_1_430' title='bbox 672 6177 688 6208; x_wconf 79' lang='lat' dir='ltr'>a</span> 
     </span>
     <span class='ocr_line' id='line_1_55' title="bbox 671 6181 1564 6332; baseline -0.007 -10"><span class='ocrx_word' id='word_1_431' title='bbox 671 6265 681 6298; x_wconf 81' lang='lat'>⁷</span> <span class='ocrx_word' id='word_1_432' title='bbox 703 6181 900 6322; x_wconf 37' lang='lat' dir='ltr'>{dmslllm&#39;Sent</span> <span class='ocrx_word' id='word_1_433' title='bbox 917 6267 945 6320; x_wconf 92' lang='lat' dir='ltr'>d.</span> <span class='ocrx_word' id='word_1_434' title='bbox 965 6267 1008 6318; x_wconf 85' lang='lat'>35.</span> <span class='ocrx_word' id='word_1_435' title='bbox 1026 6279 1052 6330; x_wconf 88' lang='lat' dir='ltr'>q.</span> <span class='ocrx_word' id='word_1_436' title='bbox 1074 6265 1103 6328; x_wconf 88' lang='lat' dir='ltr'>l,</span> <span class='ocrx_word' id='word_1_437' title='bbox 1122 6263 1168 6318; x_wconf 92' lang='lat' dir='ltr'>ubi</span> <span class='ocrx_word' id='word_1_438' title='bbox 1187 6263 1340 6328; x_wconf 89' lang='lat' dir='ltr'>ostenditur,</span> <span class='ocrx_word' id='word_1_439' title='bbox 1358 6263 1431 6330; x_wconf 90' lang='lat' dir='ltr'>quod</span> <span class='ocrx_word' id='word_1_440' title='bbox 1457 6261 1564 6332; x_wconf 76' lang='lat' dir='ltr'>supten-</span> 
     </span>
    </p>
   </div>
   <div class='ocr_carea' id='block_1_21' title="bbox 601 6349 1562 6778">
    <p class='ocr_par' dir='ltr' id='par_1_38' title="bbox 601 6349 1562 6778">
     <span class='ocr_line' id='line_1_56' title="bbox 602 6349 1562 6424; baseline -0.008 -12"><span class='ocrx_word' id='word_1_441' title='bbox 602 6357 640 6412; x_wconf 88' lang='lat' dir='ltr'>tiu</span> <span class='ocrx_word' id='word_1_442' title='bbox 658 6363 771 6424; x_wconf 88' lang='lat' dir='ltr'>quatuor</span> <span class='ocrx_word' id='word_1_443' title='bbox 790 6357 876 6410; x_wconf 89' lang='lat' dir='ltr'>modis</span> <span class='ocrx_word' id='word_1_444' title='bbox 896 6355 978 6422; x_wconf 88' lang='lat' dir='ltr'>accipi</span> <span class='ocrx_word' id='word_1_445' title='bbox 998 6359 1098 6420; x_wconf 89' lang='lat' dir='ltr'>potest,</span> <span class='ocrx_word' id='word_1_446' title='bbox 1115 6359 1143 6406; x_wconf 91' lang='lat' dir='ltr'>et</span> <span class='ocrx_word' id='word_1_447' title='bbox 1166 6353 1188 6406; x_wconf 90' lang='lat' dir='ltr'>si</span> <span class='ocrx_word' id='word_1_448' title='bbox 1215 6349 1303 6422; x_wconf 81' lang='lat' dir='ltr'>inopis</span> <span class='ocrx_word' id='word_1_449' title='bbox 1319 6349 1431 6422; x_wconf 84' lang='lat' dir='ltr'>proprie</span> <span class='ocrx_word' id='word_1_450' title='bbox 1450 6351 1562 6416; x_wconf 83' lang='lat' dir='ltr'>occipia-</span> 
     </span>
     <span class='ocr_line' id='line_1_57' title="bbox 602 6441 1561 6510; baseline -0.006 -12"><span class='ocrx_word' id='word_1_451' title='bbox 602 6451 653 6510; x_wconf 92' lang='lat' dir='ltr'>tur,</span> <span class='ocrx_word' id='word_1_452' title='bbox 675 6465 689 6492; x_wconf 87' lang='lat'>«</span> <span class='ocrx_word' id='word_1_453' title='bbox 703 6447 739 6498; x_wconf 92' lang='lat' dir='ltr'>sic</span> <span class='ocrx_word' id='word_1_454' title='bbox 767 6447 886 6498; x_wconf 89' lang='lat' dir='ltr'>nominat</span> <span class='ocrx_word' id='word_1_455' title='bbox 911 6445 1089 6510; x_wconf 88' lang='lat' dir='ltr'>cognitionem</span> <span class='ocrx_word' id='word_1_456' title='bbox 1116 6441 1164 6496; x_wconf 87' lang='lat' dir='ltr'>Dei</span> <span class='ocrx_word' id='word_1_457' title='bbox 1192 6441 1437 6508; x_wconf 63' lang='lat' dir='ltr'>experimentum,</span> <span class='ocrx_word' id='word_1_458' title='bbox 1462 6445 1488 6492; x_wconf 91' lang='lat' dir='ltr'>et</span> <span class='ocrx_word' id='word_1_459' title='bbox 1512 6443 1561 6492; x_wconf 90' lang='lat' dir='ltr'>hoc</span> 
     </span>
     <span class='ocr_line' id='line_1_58' title="bbox 601 6529 1561 6598; baseline -0.007 -12"><span class='ocrx_word' id='word_1_460' title='bbox 601 6535 681 6588; x_wconf 92' lang='lat' dir='ltr'>modo</span> <span class='ocrx_word' id='word_1_461' title='bbox 701 6541 739 6586; x_wconf 91' lang='lat' dir='ltr'>est</span> <span class='ocrx_word' id='word_1_462' title='bbox 760 6549 841 6586; x_wconf 85' lang='lat' dir='ltr'>ultum</span> <span class='ocrx_word' id='word_1_463' title='bbox 860 6535 895 6586; x_wconf 93' lang='lat' dir='ltr'>de</span> <span class='ocrx_word' id='word_1_464' title='bbox 912 6539 1015 6598; x_wconf 89' lang='lat' dir='ltr'>septem</span> <span class='ocrx_word' id='word_1_465' title='bbox 1034 6531 1110 6586; x_wconf 88' lang='lat' dir='ltr'>donis</span> <span class='ocrx_word' id='word_1_466' title='bbox 1136 6531 1248 6598; x_wconf 87' lang='lat' dir='ltr'>Spiritus</span> <span class='ocrx_word' id='word_1_467' title='bbox 1274 6531 1368 6598; x_wconf 76' lang='lat' dir='ltr'>macti,</span> <span class='ocrx_word' id='word_1_468' title='bbox 1388 6529 1464 6582; x_wconf 88' lang='lat' dir='ltr'>cuius</span> <span class='ocrx_word' id='word_1_469' title='bbox 1486 6533 1561 6580; x_wconf 87' lang='lat' dir='ltr'>actus</span> 
     </span>
     <span class='ocr_line' id='line_1_59' title="bbox 601 6617 1562 6688; baseline -0.006 -12"><span class='ocrx_word' id='word_1_470' title='bbox 601 6625 717 6676; x_wconf 90' lang='lat' dir='ltr'>consistit</span> <span class='ocrx_word' id='word_1_471' title='bbox 732 6623 759 6676; x_wconf 92' lang='lat' dir='ltr'>in</span> <span class='ocrx_word' id='word_1_472' title='bbox 773 6623 936 6688; x_wconf 82' lang='lat' dir='ltr'>degustando</span> <span class='ocrx_word' id='word_1_473' title='bbox 950 6621 1068 6676; x_wconf 82' lang='lat' dir='ltr'>divinam</span> <span class='ocrx_word' id='word_1_474' title='bbox 1080 6623 1236 6674; x_wconf 88' lang='lat' dir='ltr'>suavitatem</span> <span class='ocrx_word' id='word_1_475' title='bbox 1250 6641 1276 6674; x_wconf 70' lang='lat' dir='ltr'>a.</span> <span class='ocrx_word' id='word_1_476' title='bbox 1287 6619 1355 6672; x_wconf 89' lang='lat' dir='ltr'>Vide</span> <span class='ocrx_word' id='word_1_477' title='bbox 1367 6619 1447 6672; x_wconf 87' lang='lat' dir='ltr'>etiam</span> <span class='ocrx_word' id='word_1_478' title='bbox 1460 6619 1476 6670; x_wconf 93' lang='lat' dir='ltr'>l.</span> <span class='ocrx_word' id='word_1_479' title='bbox 1489 6617 1562 6670; x_wconf 82' lang='lat' dir='ltr'>Sunt.</span> 
     </span>
     <span class='ocr_line' id='line_1_60' title="bbox 601 6709 948 6778; baseline 0.003 -17"><span class='ocrx_word' id='word_1_480' title='bbox 601 6709 721 6762; x_wconf 84' lang='lat' dir='ltr'>Prooem.</span> <span class='ocrx_word' id='word_1_481' title='bbox 738 6727 768 6778; x_wconf 88' lang='lat' dir='ltr'>q.</span> <span class='ocrx_word' id='word_1_482' title='bbox 785 6711 810 6762; x_wconf 84' lang='lat'>3.</span> <span class='ocrx_word' id='word_1_483' title='bbox 830 6711 855 6762; x_wconf 92' lang='lat' dir='ltr'>in</span> <span class='ocrx_word' id='word_1_484' title='bbox 874 6725 948 6774; x_wconf 79' lang='lat' dir='ltr'>corp.</span> 
     </span>
    </p>
   </div>
   <div class='ocr_carea' id='block_1_22' title="bbox 672 6793 1599 6862">
    <p class='ocr_par' dir='ltr' id='par_1_39' title="bbox 672 6793 1599 6862">
     <span class='ocr_line' id='line_1_61' title="bbox 672 6793 1599 6862; baseline 0 -12"><span class='ocrx_word' id='word_1_485' title='bbox 672 6793 683 6826; x_wconf 76' lang='lat'>⁸</span> <span class='ocrx_word' id='word_1_486' title='bbox 704 6799 848 6862; x_wconf 78' lang='lat' dir='ltr'>despicitur</span> <span class='ocrx_word' id='word_1_487' title='bbox 867 6799 918 6850; x_wconf 91' lang='lat' dir='ltr'>Tit.</span> <span class='ocrx_word' id='word_1_488' title='bbox 938 6799 972 6862; x_wconf 91' lang='grc' dir='ltr'>4,Ι</span> <span class='ocrx_word' id='word_1_489' title='bbox 988 6797 1083 6862; x_wconf 44' lang='lat' dir='ltr'>l„ubi</span> <span class='ocrx_word' id='word_1_490' title='bbox 1100 6799 1197 6850; x_wconf 83' lang='lat' dir='ltr'>Paulus</span> <span class='ocrx_word' id='word_1_491' title='bbox 1214 6811 1242 6850; x_wconf 89' lang='lat' dir='ltr'>se</span> <span class='ocrx_word' id='word_1_492' title='bbox 1264 6797 1383 6850; x_wconf 87' lang='lat' dir='ltr'>nominat</span> <span class='ocrx_word' id='word_1_493' title='bbox 1405 6795 1560 6862; x_wconf 84' lang='lat' dir='ltr'>Apostolum</span> <span class='ocrx_word' id='word_1_494' title='bbox 1598 6795 1599 6850; x_wconf 79' lang='lat' dir='ltr'>J</span> 
     </span>
    </p>
   </div>
   <div class='ocr_carea' id='block_1_23' title="bbox 601 6871 1562 6952">
    <p class='ocr_par' dir='ltr' id='par_1_40' title="bbox 601 6871 1562 6952">
     <span class='ocr_line' id='line_1_62' title="bbox 601 6871 1562 6952; baseline -0.003 -16"><span class='ocrx_word' id='word_1_495' title='bbox 601 6885 658 6937; x_wconf 89' lang='lat' dir='ltr'>lesu</span> <span class='ocrx_word' id='word_1_496' title='bbox 676 6883 772 6938; x_wconf 88' lang='lat' dir='ltr'>Christi</span> <span class='ocrx_word' id='word_1_497' title='bbox 794 6887 964 6940; x_wconf 65' lang='lat' dir='ltr'>«secundum</span> <span class='ocrx_word' id='word_1_498' title='bbox 983 6871 1064 6940; x_wconf 84' lang='lat' dir='ltr'>fldem</span> <span class='ocrx_word' id='word_1_499' title='bbox 1083 6889 1223 6940; x_wconf 89' lang='lat' dir='ltr'>electorum</span> <span class='ocrx_word' id='word_1_500' title='bbox 1244 6885 1290 6940; x_wconf 88' lang='lat' dir='ltr'>Dei</span> <span class='ocrx_word' id='word_1_501' title='bbox 1304 6891 1329 6940; x_wconf 90' lang='lat' dir='ltr'>et</span> <span class='ocrx_word' id='word_1_502' title='bbox 1340 6883 1502 6952; x_wconf 84' lang='lat' dir='ltr'>agnitionem</span> <span class='ocrx_word' id='word_1_503' title='bbox 1515 6895 1562 6934; x_wconf 91' lang='lat' dir='ltr'>ve-</span> 
     </span>
    </p>
   </div>
   <div class='ocr_carea' id='block_1_24' title="bbox 608 1061 1580 1160">
    <p class='ocr_par' dir='ltr' id='par_1_41' title="bbox 608 1061 1580 1170">
     <span class='ocr_line' id='line_1_63' title="bbox 608 1061 1580 1160; baseline -0.004 -18"><span class='ocrx_word' id='word_1_504' title='bbox 608 1073 830 1160; x_wconf 85' lang='lat' dir='ltr'>pediebantur,</span> <span class='ocrx_word' id='word_1_505' title='bbox 860 1071 936 1158; x_wconf 90' lang='lat' dir='ltr'>quia</span> <span class='ocrx_word' id='word_1_506' title='bbox 966 1071 1134 1138; x_wconf 87' lang='lat' dir='ltr'>carnaliter</span> <span class='ocrx_word' id='word_1_507' title='bbox 1165 1071 1271 1156; x_wconf 90' lang='lat' dir='ltr'>ipsum</span> <span class='ocrx_word' id='word_1_508' title='bbox 1301 1069 1491 1152; x_wconf 83' lang='lat' dir='ltr'>amabant13</span> <span class='ocrx_word' id='word_1_509' title='bbox 1515 1061 1580 1138; x_wconf 90' lang='lat' dir='ltr'>sed</span> 
     </span>
    </p>
   </div>
   <div class='ocr_carea' id='block_1_25' title="bbox 1632 860 2592 1162">
    <p class='ocr_par' dir='ltr' id='par_1_42' title="bbox 1632 860 2592 1162">
     <span class='ocr_line' id='line_1_64' title="bbox 1634 860 2592 948; baseline 0.004 -20"><span class='ocrx_word' id='word_1_510' title='bbox 1634 861 1817 928; x_wconf 88' lang='lat' dir='ltr'>Secundum</span> <span class='ocrx_word' id='word_1_511' title='bbox 1847 861 1908 928; x_wconf 93' lang='lat' dir='ltr'>hoc</span> <span class='ocrx_word' id='word_1_512' title='bbox 1949 860 2106 942; x_wconf 77' lang='lat' dir='ltr'>uidetur,</span> <span class='ocrx_word' id='word_1_513' title='bbox 2130 861 2213 948; x_wconf 90' lang='lat' dir='ltr'>quod</span> <span class='ocrx_word' id='word_1_514' title='bbox 2255 863 2390 946; x_wconf 88' lang='lat' dir='ltr'>Apostoli</span> <span class='ocrx_word' id='word_1_515' title='bbox 2431 865 2592 934; x_wconf 84' lang='lat' dir='ltr'>sciverunt</span> 
     </span>
     <span class='ocr_line' id='line_1_65' title="bbox 1632 965 2591 1056; baseline 0.006 -24"><span class='ocrx_word' id='word_1_516' title='bbox 1632 965 1834 1050; x_wconf 89' lang='lat' dir='ltr'>geometriam</span> <span class='ocrx_word' id='word_1_517' title='bbox 1850 973 1883 1036; x_wconf 92' lang='lat' dir='ltr'>et</span> <span class='ocrx_word' id='word_1_518' title='bbox 1904 985 2013 1034; x_wconf 90' lang='lat' dir='ltr'>omues</span> <span class='ocrx_word' id='word_1_519' title='bbox 2027 973 2127 1048; x_wconf 83' lang='lat' dir='ltr'>artes3</span> <span class='ocrx_word' id='word_1_520' title='bbox 2150 973 2183 1034; x_wconf 91' lang='lat' dir='ltr'>et</span> <span class='ocrx_word' id='word_1_521' title='bbox 2203 967 2282 1034; x_wconf 92' lang='lat' dir='ltr'>illud</span> <span class='ocrx_word' id='word_1_522' title='bbox 2298 967 2412 1034; x_wconf 83' lang='lat' dir='ltr'>falsum</span> <span class='ocrx_word' id='word_1_523' title='bbox 2437 975 2499 1050; x_wconf 92' lang='lat' dir='ltr'>est,</span> <span class='ocrx_word' id='word_1_524' title='bbox 2515 971 2591 1056; x_wconf 91' lang='lat' dir='ltr'>quia</span> 
     </span>
     <span class='ocr_line' id='line_1_66' title="bbox 1633 1071 2590 1162; baseline 0.007 -24"><span class='ocrx_word' id='word_1_525' title='bbox 1633 1071 1725 1138; x_wconf 91' lang='lat' dir='ltr'>etiam</span> <span class='ocrx_word' id='word_1_526' title='bbox 1756 1073 1836 1140; x_wconf 91' lang='lat' dir='ltr'>male</span> <span class='ocrx_word' id='word_1_527' title='bbox 1860 1073 2000 1140; x_wconf 91' lang='lat' dir='ltr'>sciebant</span> <span class='ocrx_word' id='word_1_528' title='bbox 2028 1073 2294 1160; x_wconf 68' lang='lat' dir='ltr'>grammaticam3&#39;</span> <span class='ocrx_word' id='word_1_529' title='bbox 2308 1075 2391 1142; x_wconf 89' lang='lat' dir='ltr'>unde</span> <span class='ocrx_word' id='word_1_530' title='bbox 2426 1075 2590 1162; x_wconf 89' lang='lat' dir='ltr'>Apostolus</span> 
     </span>
    </p>
   </div>
   <div class='ocr_carea' id='block_1_26' title="bbox 1611 1177 2589 1270">
    <p class='ocr_par' dir='ltr' id='par_1_43' title="bbox 1611 1177 2589 1270">
     <span class='ocr_line' id='line_1_67' title="bbox 1611 1177 2589 1270; baseline 0.006 -28"><span class='ocrx_word' id='word_1_531' title='bbox 1611 1177 1771 1270; x_wconf 85' lang='lat' dir='ltr'>dicebat:</span> <span class='ocrx_word' id='word_1_532' title='bbox 1799 1179 1870 1246; x_wconf 82' lang='lat' dir='ltr'>Etsi</span> <span class='ocrx_word' id='word_1_533' title='bbox 1889 1177 2066 1264; x_wconf 85' lang='lat' dir='ltr'>imperitus</span> <span class='ocrx_word' id='word_1_534' title='bbox 2087 1197 2158 1246; x_wconf 90' lang='lat' dir='ltr'>sum</span> <span class='ocrx_word' id='word_1_535' title='bbox 2191 1199 2358 1260; x_wconf 84' lang='lat' dir='ltr'>sermone,</span> <span class='ocrx_word' id='word_1_536' title='bbox 2381 1201 2448 1248; x_wconf 93' lang='lat' dir='ltr'>non</span> <span class='ocrx_word' id='word_1_537' title='bbox 2480 1189 2589 1250; x_wconf 84' lang='lat' dir='ltr'>tumen</span> 
     </span>
    </p>
   </div>
   <div class='ocr_carea' id='block_1_27' title="bbox 1626 1285 2765 3598">
    <p class='ocr_par' dir='ltr' id='par_1_44' title="bbox 1631 1285 2545 1364">
     <span class='ocr_line' id='line_1_68' title="bbox 1631 1285 2545 1364; baseline 0.004 -14"><span class='ocrx_word' id='word_1_538' title='bbox 1631 1285 1784 1364; x_wconf 86' lang='lat' dir='ltr'>scientio,</span> <span class='ocrx_word' id='word_1_539' title='bbox 1811 1285 1964 1354; x_wconf 89' lang='lat' dir='ltr'>secundae</span> <span class='ocrx_word' id='word_1_540' title='bbox 1988 1285 2026 1354; x_wconf 88' lang='lat' dir='ltr'>ad</span> <span class='ocrx_word' id='word_1_541' title='bbox 2050 1287 2227 1354; x_wconf 90' lang='lat' dir='ltr'>Corinthios</span> <span class='ocrx_word' id='word_1_542' title='bbox 2250 1287 2415 1356; x_wconf 90' lang='lat' dir='ltr'>undecimo</span> <span class='ocrx_word' id='word_1_543' title='bbox 2427 1289 2448 1354; x_wconf 79' lang='lat'>⁶.</span> <span class='ocrx_word' id='word_1_544' title='bbox 2544 1291 2545 1294; x_wconf 76' lang='grc'>’</span> 
     </span>
    </p>

    <p class='ocr_par' dir='ltr' id='par_1_45' title="bbox 1631 1391 2748 2008">
     <span class='ocr_line' id='line_1_69' title="bbox 1720 1391 2741 1504; baseline 0.005 -46"><span class='ocrx_word' id='word_1_545' title='bbox 1720 1393 1922 1460; x_wconf 81' lang='lat' dir='ltr'>Rusrounco:</span> <span class='ocrx_word' id='word_1_546' title='bbox 1945 1391 2133 1474; x_wconf 90' lang='lat' dir='ltr'>Dicendum,</span> <span class='ocrx_word' id='word_1_547' title='bbox 2158 1393 2243 1480; x_wconf 90' lang='lat' dir='ltr'>quod</span> <span class='ocrx_word' id='word_1_548' title='bbox 2265 1393 2379 1462; x_wconf 84' lang='lat' dir='ltr'>docere</span> <span class='ocrx_word' id='word_1_549' title='bbox 2403 1395 2498 1464; x_wconf 92' lang='lat' dir='ltr'>totius</span> <span class='ocrx_word' id='word_1_550' title='bbox 2521 1395 2741 1504; x_wconf 63' lang='lat' dir='ltr'>Ti1·,}},⁶,⁵,¹,’,„,⁰,¹¹,¹,¹3</span> 
     </span>
     <span class='ocr_line' id='line_1_70' title="bbox 1632 1489 2748 1588; baseline 0.009 -26"><span class='ocrx_word' id='word_1_551' title='bbox 1632 1495 1739 1564; x_wconf 91' lang='lat' dir='ltr'>nitatis</span> <span class='ocrx_word' id='word_1_552' title='bbox 1754 1501 1818 1578; x_wconf 90' lang='lat' dir='ltr'>est,</span> <span class='ocrx_word' id='word_1_553' title='bbox 1841 1504 1945 1566; x_wconf 90' lang='lat' dir='ltr'>tamen</span> <span class='ocrx_word' id='word_1_554' title='bbox 1960 1499 2128 1584; x_wconf 89' lang='lat' dir='ltr'>aliquando</span> <span class='ocrx_word' id='word_1_555' title='bbox 2144 1497 2301 1570; x_wconf 91' lang='lat' dir='ltr'>tribuitur</span> <span class='ocrx_word' id='word_1_556' title='bbox 2312 1501 2401 1582; x_wconf 87' lang='lat' dir='ltr'>Filio,</span> <span class='ocrx_word' id='word_1_557' title='bbox 2423 1501 2591 1588; x_wconf 89' lang='lat' dir='ltr'>aliquando</span> <span class='ocrx_word' id='word_1_558' title='bbox 2742 1489 2748 1502; x_wconf 74' lang='grc'><strong>’</strong></span> 
     </span>
     <span class='ocr_line' id='line_1_71' title="bbox 1632 1601 2590 1696; baseline 0.006 -28"><span class='ocrx_word' id='word_1_559' title='bbox 1632 1601 1760 1686; x_wconf 90' lang='lat' dir='ltr'>Spiritui</span> <span class='ocrx_word' id='word_1_560' title='bbox 1777 1608 1901 1684; x_wconf 91' lang='lat' dir='ltr'>sancto;</span> <span class='ocrx_word' id='word_1_561' title='bbox 1927 1603 2001 1690; x_wconf 89' lang='lat' dir='ltr'>quia</span> <span class='ocrx_word' id='word_1_562' title='bbox 2015 1603 2134 1690; x_wconf 83' lang='lat' dir='ltr'>duplex</span> <span class='ocrx_word' id='word_1_563' title='bbox 2150 1611 2198 1674; x_wconf 94' lang='lat' dir='ltr'>est</span> <span class='ocrx_word' id='word_1_564' title='bbox 2222 1609 2370 1694; x_wconf 89' lang='lat' dir='ltr'>cognitio,</span> <span class='ocrx_word' id='word_1_565' title='bbox 2385 1609 2504 1678; x_wconf 91' lang='lat' dir='ltr'>scilicet</span> <span class='ocrx_word' id='word_1_566' title='bbox 2518 1627 2590 1696; x_wconf 85' lang='lat' dir='ltr'>spe-</span> 
     </span>
     <span class='ocr_line' id='line_1_72' title="bbox 1631 1707 2591 1804; baseline 0.008 -28"><span class='ocrx_word' id='word_1_567' title='bbox 1631 1707 1824 1790; x_wconf 85' lang='lat' dir='ltr'>culationis,</span> <span class='ocrx_word' id='word_1_568' title='bbox 1849 1715 1881 1778; x_wconf 95' lang='lat' dir='ltr'>et</span> <span class='ocrx_word' id='word_1_569' title='bbox 1907 1711 1985 1778; x_wconf 89' lang='lat' dir='ltr'>haec</span> <span class='ocrx_word' id='word_1_570' title='bbox 2007 1709 2193 1780; x_wconf 88' lang='lat' dir='ltr'>attribuitur</span> <span class='ocrx_word' id='word_1_571' title='bbox 2208 1715 2300 1796; x_wconf 81' lang='lat' dir='ltr'>Fili03</span> <span class='ocrx_word' id='word_1_572' title='bbox 2323 1723 2356 1784; x_wconf 91' lang='lat' dir='ltr'>et</span> <span class='ocrx_word' id='word_1_573' title='bbox 2370 1717 2591 1804; x_wconf 74' lang='lat' dir='ltr'>experientiae</span> 
     </span>
     <span class='ocr_line' id='line_1_73' title="bbox 1631 1813 2591 1908; baseline 0.009 -28"><span class='ocrx_word' id='word_1_574' title='bbox 1631 1819 1661 1880; x_wconf 90' lang='lat' dir='ltr'>et</span> <span class='ocrx_word' id='word_1_575' title='bbox 1685 1813 1898 1894; x_wconf 68' lang='lat' dir='ltr'>nutricant,</span> <span class='ocrx_word' id='word_1_576' title='bbox 1923 1821 1952 1884; x_wconf 90' lang='lat' dir='ltr'>et</span> <span class='ocrx_word' id='word_1_577' title='bbox 1977 1819 2055 1886; x_wconf 91' lang='lat' dir='ltr'>baec</span> <span class='ocrx_word' id='word_1_578' title='bbox 2075 1817 2262 1888; x_wconf 89' lang='lat' dir='ltr'>attribuitur</span> <span class='ocrx_word' id='word_1_579' title='bbox 2292 1821 2431 1889; x_wconf 91' lang='lat' dir='ltr'>unctioni</span> <span class='ocrx_word' id='word_1_580' title='bbox 2453 1823 2591 1908; x_wconf 91' lang='lat' dir='ltr'>Spiritus</span> 
     </span>
     <span class='ocr_line' id='line_1_74' title="bbox 1631 1921 2196 2008; baseline 0.004 -20"><span class='ocrx_word' id='word_1_581' title='bbox 1631 1921 1748 2002; x_wconf 82' lang='lat' dir='ltr'>sancti3</span> <span class='ocrx_word' id='word_1_582' title='bbox 1770 1921 1865 1990; x_wconf 91' lang='lat' dir='ltr'>etde</span> <span class='ocrx_word' id='word_1_583' title='bbox 1886 1923 1946 1990; x_wconf 92' lang='lat' dir='ltr'>hac</span> <span class='ocrx_word' id='word_1_584' title='bbox 1970 1925 2113 2008; x_wconf 90' lang='lat' dir='ltr'>loquitur</span> <span class='ocrx_word' id='word_1_585' title='bbox 2135 1925 2196 1994; x_wconf 89' lang='lat' dir='ltr'>hio.</span> 
     </span>
    </p>

    <p class='ocr_par' dir='ltr' id='par_1_46' title="bbox 1630 2029 2747 2440">
     <span class='ocr_line' id='line_1_75' title="bbox 1720 2029 2747 2140; baseline 0.003 -42"><span class='ocrx_word' id='word_1_586' title='bbox 1720 2031 1751 2098; x_wconf 77' lang='grc'>7.</span> <span class='ocrx_word' id='word_1_587' title='bbox 1775 2029 1812 2098; x_wconf 81' lang='lat' dir='ltr'>ut</span> <span class='ocrx_word' id='word_1_588' title='bbox 1834 2047 1891 2116; x_wconf 93' lang='lat' dir='ltr'>per</span> <span class='ocrx_word' id='word_1_589' title='bbox 1917 2031 1976 2098; x_wconf 94' lang='lat' dir='ltr'>hoc</span> <span class='ocrx_word' id='word_1_590' title='bbox 1997 2037 2082 2116; x_wconf 91' lang='lat' dir='ltr'>patet</span> <span class='ocrx_word' id='word_1_591' title='bbox 2107 2031 2221 2100; x_wconf 87' lang='lat' dir='ltr'>solutio</span> <span class='ocrx_word' id='word_1_592' title='bbox 2243 2033 2283 2100; x_wconf 92' lang='lat' dir='ltr'>ad</span> <span class='ocrx_word' id='word_1_593' title='bbox 2305 2051 2449 2120; x_wconf 86' lang='lat' dir='ltr'>sequens.</span> <span class='ocrx_word' id='word_1_594' title='bbox 2475 2033 2590 2102; x_wconf 85' lang='lat' dir='ltr'>hrtelli-</span> <span class='ocrx_word' id='word_1_595' title='bbox 2608 2041 2677 2140; x_wconf 61' lang='lat' dir='ltr'>Mem</span> <span class='ocrx_word' id='word_1_596' title='bbox 2687 2041 2747 2136; x_wconf 63' lang='lat'>,⁵⁰¹⁰-</span> 
     </span>
     <span class='ocr_line' id='line_1_76' title="bbox 1631 2125 2708 2228; baseline 0.008 -28"><span class='ocrx_word' id='word_1_597' title='bbox 1631 2135 1677 2222; x_wconf 91' lang='lat' dir='ltr'>git</span> <span class='ocrx_word' id='word_1_598' title='bbox 1698 2135 1781 2202; x_wconf 88' lang='lat' dir='ltr'>enirn</span> <span class='ocrx_word' id='word_1_599' title='bbox 1806 2155 1869 2204; x_wconf 93' lang='lat' dir='ltr'>non</span> <span class='ocrx_word' id='word_1_600' title='bbox 1889 2137 1930 2206; x_wconf 93' lang='lat' dir='ltr'>de</span> <span class='ocrx_word' id='word_1_601' title='bbox 1956 2137 2050 2206; x_wconf 87' lang='lat' dir='ltr'>ornni</span> <span class='ocrx_word' id='word_1_602' title='bbox 2069 2137 2206 2206; x_wconf 84' lang='lat' dir='ltr'>ueritate</span> <span class='ocrx_word' id='word_1_603' title='bbox 2229 2139 2432 2228; x_wconf 85' lang='lat' dir='ltr'>simpliciter,</span> <span class='ocrx_word' id='word_1_604' title='bbox 2464 2141 2516 2210; x_wconf 93' lang='lat' dir='ltr'>sed</span> <span class='ocrx_word' id='word_1_605' title='bbox 2541 2161 2590 2208; x_wconf 90' lang='lat' dir='ltr'>se-</span> <span class='ocrx_word' id='word_1_606' title='bbox 2702 2125 2708 2136; x_wconf 75' lang='grc'><strong>’</strong></span> 
     </span>
     <span class='ocr_line' id='line_1_77' title="bbox 1631 2245 2590 2332; baseline 0.006 -22"><span class='ocrx_word' id='word_1_607' title='bbox 1631 2245 1778 2310; x_wconf 83' lang='lat' dir='ltr'>cundurn</span> <span class='ocrx_word' id='word_1_608' title='bbox 1799 2245 1995 2332; x_wconf 80' lang='lat' dir='ltr'>pietatern⁸;</span> <span class='ocrx_word' id='word_1_609' title='bbox 2026 2253 2058 2316; x_wconf 92' lang='lat' dir='ltr'>et</span> <span class='ocrx_word' id='word_1_610' title='bbox 2079 2245 2159 2314; x_wconf 87' lang='lat' dir='ltr'>haec</span> <span class='ocrx_word' id='word_1_611' title='bbox 2188 2253 2236 2314; x_wconf 93' lang='lat' dir='ltr'>est</span> <span class='ocrx_word' id='word_1_612' title='bbox 2264 2247 2381 2316; x_wconf 89' lang='lat' dir='ltr'>veritas</span> <span class='ocrx_word' id='word_1_613' title='bbox 2413 2247 2590 2316; x_wconf 88' lang='lat' dir='ltr'>necessaria</span> 
     </span>
     <span class='ocr_line' id='line_1_78' title="bbox 1630 2347 2481 2440; baseline 0.006 -25"><span class='ocrx_word' id='word_1_614' title='bbox 1630 2347 1841 2430; x_wconf 86' lang='lat' dir='ltr'>adsalutem,</span> <span class='ocrx_word' id='word_1_615' title='bbox 1867 2369 1960 2436; x_wconf 90' lang='lat' dir='ltr'>quam</span> <span class='ocrx_word' id='word_1_616' title='bbox 1985 2351 2075 2436; x_wconf 91' lang='lat' dir='ltr'>plene</span> <span class='ocrx_word' id='word_1_617' title='bbox 2099 2358 2313 2440; x_wconf 86' lang='lat' dir='ltr'>cognoverunt</span> <span class='ocrx_word' id='word_1_618' title='bbox 2334 2353 2481 2438; x_wconf 90' lang='lat' dir='ltr'>Apostoli.</span> 
     </span>
    </p>

    <p class='ocr_par' dir='ltr' id='par_1_47' title="bbox 1629 2455 2722 2654">
     <span class='ocr_line' id='line_1_79' title="bbox 1719 2455 2722 2554; baseline 0.003 -32"><span class='ocrx_word' id='word_1_619' title='bbox 1719 2455 1775 2522; x_wconf 91' lang='lat' dir='ltr'>Vel</span> <span class='ocrx_word' id='word_1_620' title='bbox 1798 2455 1983 2538; x_wconf 87' lang='lat' dir='ltr'>dicendum,</span> <span class='ocrx_word' id='word_1_621' title='bbox 2005 2457 2090 2542; x_wconf 89' lang='lat' dir='ltr'>quod</span> <span class='ocrx_word' id='word_1_622' title='bbox 2114 2477 2177 2524; x_wconf 93' lang='lat' dir='ltr'>non</span> <span class='ocrx_word' id='word_1_623' title='bbox 2207 2457 2352 2554; x_wconf 89' lang='lat' dir='ltr'>intelligit</span> <span class='ocrx_word' id='word_1_624' title='bbox 2373 2459 2451 2540; x_wconf 90' lang='lat' dir='ltr'>boc,</span> <span class='ocrx_word' id='word_1_625' title='bbox 2476 2477 2588 2528; x_wconf 76' lang='lat' dir='ltr'>secun</span> <span class='ocrx_word' id='word_1_626' title='bbox 2606 2463 2687 2510; x_wconf 74' lang='lat' dir='ltr'>sonno</span> <span class='ocrx_word' id='word_1_627' title='bbox 2700 2465 2722 2508; x_wconf 74' lang='lat'>2·</span> 
     </span>
     <span class='ocr_line' id='line_1_80' title="bbox 1629 2559 2590 2654; baseline 0.006 -28"><span class='ocrx_word' id='word_1_628' title='bbox 1629 2561 1705 2626; x_wconf 89' lang='lat' dir='ltr'>dum</span> <span class='ocrx_word' id='word_1_629' title='bbox 1730 2559 1812 2644; x_wconf 90' lang='lat' dir='ltr'>quod</span> <span class='ocrx_word' id='word_1_630' title='bbox 1838 2561 1945 2626; x_wconf 83' lang='lat' dir='ltr'>ornnis</span> <span class='ocrx_word' id='word_1_631' title='bbox 1977 2563 2136 2630; x_wconf 89' lang='lat' dir='ltr'>distribuit</span> <span class='ocrx_word' id='word_1_632' title='bbox 2168 2583 2228 2650; x_wconf 90' lang='lat' dir='ltr'>pro</span> <span class='ocrx_word' id='word_1_633' title='bbox 2244 2565 2388 2652; x_wconf 85' lang='lat' dir='ltr'>singuiis</span> <span class='ocrx_word' id='word_1_634' title='bbox 2409 2585 2590 2654; x_wconf 82' lang='lat' dir='ltr'>generum,</span> 
     </span>
    </p>

    <p class='ocr_par' dir='ltr' id='par_1_48' title="bbox 1626 2665 2765 3598">
     <span class='ocr_line' id='line_1_81' title="bbox 1629 2665 2675 2752; baseline 0.008 -20"><span class='ocrx_word' id='word_1_635' title='bbox 1629 2665 1685 2732; x_wconf 90' lang='lat' dir='ltr'>sed</span> <span class='ocrx_word' id='word_1_636' title='bbox 1706 2681 1765 2748; x_wconf 92' lang='lat' dir='ltr'>pro</span> <span class='ocrx_word' id='word_1_637' title='bbox 1795 2665 1971 2752; x_wconf 81' lang='lat' dir='ltr'>generibus</span> <span class='ocrx_word' id='word_1_638' title='bbox 2000 2667 2214 2752; x_wconf 84' lang='lat' dir='ltr'>singulorum.</span> <span class='ocrx_word' id='word_1_639' title='bbox 2230 2671 2256 2750; x_wconf 78' lang='grc'>9;</span> <span class='ocrx_word' id='word_1_640' title='bbox 2282 2677 2328 2740; x_wconf 85' lang='grc' dir='ltr'>θεῖ</span> <span class='ocrx_word' id='word_1_641' title='bbox 2359 2671 2442 2740; x_wconf 89' lang='lat' dir='ltr'>enirn</span> <span class='ocrx_word' id='word_1_642' title='bbox 2474 2673 2592 2742; x_wconf 87' lang='lat' dir='ltr'>veritas</span> <span class='ocrx_word' id='word_1_643' title='bbox 2674 2737 2675 2740; x_wconf 74' lang='grc'><strong>,</strong></span> 
     </span>
     <span class='ocr_line' id='line_1_82' title="bbox 1628 2761 2765 2880; baseline 0.011 -44"><span class='ocrx_word' id='word_1_644' title='bbox 1628 2761 1816 2848; x_wconf 84' lang='lat' dir='ltr'>doctrinae,</span> <span class='ocrx_word' id='word_1_645' title='bbox 1839 2771 1927 2856; x_wconf 88' lang='lat' dir='ltr'>citue</span> <span class='ocrx_word' id='word_1_646' title='bbox 1949 2778 1982 2839; x_wconf 92' lang='lat' dir='ltr'>et</span> <span class='ocrx_word' id='word_1_647' title='bbox 2003 2771 2169 2854; x_wconf 84' lang='lat' dir='ltr'>iustitiae,</span> <span class='ocrx_word' id='word_1_648' title='bbox 2192 2781 2224 2842; x_wconf 91' lang='lat' dir='ltr'>et</span> <span class='ocrx_word' id='word_1_649' title='bbox 2245 2775 2303 2842; x_wconf 91' lang='lat' dir='ltr'>has</span> <span class='ocrx_word' id='word_1_650' title='bbox 2326 2777 2442 2844; x_wconf 90' lang='lat' dir='ltr'>docuit.</span> <span class='ocrx_word' id='word_1_651' title='bbox 2468 2779 2512 2846; x_wconf 83' lang='lat' dir='ltr'>lle</span> <span class='ocrx_word' id='word_1_652' title='bbox 2537 2797 2590 2848; x_wconf 85' lang='lat' dir='ltr'>re·</span> <span class='ocrx_word' id='word_1_653' title='bbox 2607 2783 2738 2880; x_wconf 39' lang='lat' dir='ltr'>rrqqssve·</span> <span class='ocrx_word' id='word_1_654' title='bbox 2764 2825 2765 2828; x_wconf 56' lang='lat'><em>=</em></span> 
     </span>
     <span class='ocr_line' id='line_1_83' title="bbox 1629 2867 2703 2966; baseline 0.008 -24"><span class='ocrx_word' id='word_1_655' title='bbox 1629 2875 1723 2944; x_wconf 91' lang='lat' dir='ltr'>ritate</span> <span class='ocrx_word' id='word_1_656' title='bbox 1745 2875 1936 2956; x_wconf 76' lang='lat' dir='ltr'>doctrinae,</span> <span class='ocrx_word' id='word_1_657' title='bbox 1956 2879 2103 2946; x_wconf 89' lang='lat' dir='ltr'>hlatthaei</span> <span class='ocrx_word' id='word_1_658' title='bbox 2126 2879 2277 2966; x_wconf 87' lang='lat' dir='ltr'>vigesimo</span> <span class='ocrx_word' id='word_1_659' title='bbox 2299 2881 2436 2950; x_wconf 87' lang='lat' dir='ltr'>secundo</span> <span class='ocrx_word' id='word_1_660' title='bbox 2450 2883 2493 2950; x_wconf 85' lang='lat'>¹⁰:</span> <span class='ocrx_word' id='word_1_661' title='bbox 2518 2883 2591 2950; x_wconf 85' lang='lat' dir='ltr'>lliu-</span> <span class='ocrx_word' id='word_1_662' title='bbox 2696 2867 2703 2880; x_wconf 77' lang='grc'>’</span> 
     </span>
     <span class='ocr_line' id='line_1_84' title="bbox 1626 2983 2590 3070; baseline 0.009 -20"><span class='ocrx_word' id='word_1_663' title='bbox 1626 2983 1746 3070; x_wconf 80' lang='lat' dir='ltr'>pistor,</span> <span class='ocrx_word' id='word_1_664' title='bbox 1769 2983 1916 3064; x_wconf 86' lang='lat' dir='ltr'>scirnus,</span> <span class='ocrx_word' id='word_1_665' title='bbox 1939 2983 2022 3070; x_wconf 82' lang='lat' dir='ltr'>quio</span> <span class='ocrx_word' id='word_1_666' title='bbox 2045 3005 2150 3052; x_wconf 56' lang='lat' dir='ltr'>creruu</span> <span class='ocrx_word' id='word_1_667' title='bbox 2172 3007 2206 3052; x_wconf 88' lang='lat' dir='ltr'>es</span> <span class='ocrx_word' id='word_1_668' title='bbox 2229 2995 2257 3056; x_wconf 86' lang='lat' dir='ltr'>et</span> <span class='ocrx_word' id='word_1_669' title='bbox 2280 2989 2370 3056; x_wconf 86' lang='lat' dir='ltr'>uiurn</span> <span class='ocrx_word' id='word_1_670' title='bbox 2398 2989 2457 3056; x_wconf 89' lang='lat' dir='ltr'>Dei</span> <span class='ocrx_word' id='word_1_671' title='bbox 2477 2989 2514 3058; x_wconf 89' lang='lat' dir='ltr'>in</span> <span class='ocrx_word' id='word_1_672' title='bbox 2537 3011 2590 3058; x_wconf 89' lang='lat' dir='ltr'>ue-</span> 
     </span>
     <span class='ocr_line' id='line_1_85' title="bbox 1627 3089 2590 3184; baseline 0.012 -30"><span class='ocrx_word' id='word_1_673' title='bbox 1627 3089 1728 3156; x_wconf 88' lang='lat' dir='ltr'>ritute</span> <span class='ocrx_word' id='word_1_674' title='bbox 1750 3091 1854 3156; x_wconf 89' lang='lat' dir='ltr'>doces.</span> <span class='ocrx_word' id='word_1_675' title='bbox 1881 3127 1926 3138; x_wconf 87' lang='lat'><em>-</em></span> <span class='ocrx_word' id='word_1_676' title='bbox 1952 3091 1997 3158; x_wconf 90' lang='lat' dir='ltr'>De</span> <span class='ocrx_word' id='word_1_677' title='bbox 2022 3091 2398 3172; x_wconf 73' lang='lat' dir='ltr'>veritateuitue31saiae</span> <span class='ocrx_word' id='word_1_678' title='bbox 2428 3097 2590 3184; x_wconf 86' lang='lat' dir='ltr'>trigesimo</span> 
     </span>
     <span class='ocr_line' id='line_1_86' title="bbox 1628 3197 2589 3288; baseline 0.008 -26"><span class='ocrx_word' id='word_1_679' title='bbox 1628 3203 1755 3264; x_wconf 89' lang='lat' dir='ltr'>octavo:</span> <span class='ocrx_word' id='word_1_680' title='bbox 1781 3197 1957 3278; x_wconf 82' lang='lat' dir='ltr'>blemento,</span> <span class='ocrx_word' id='word_1_681' title='bbox 1985 3199 2136 3278; x_wconf 82' lang='lat' dir='ltr'>Domine,</span> <span class='ocrx_word' id='word_1_682' title='bbox 2161 3201 2322 3288; x_wconf 80' lang='lat' dir='ltr'>quomodo</span> <span class='ocrx_word' id='word_1_683' title='bbox 2346 3201 2589 3278; x_wconf 79' lang='lat' dir='ltr'>ambulaberint</span> 
     </span>
     <span class='ocr_line' id='line_1_87' title="bbox 1628 3303 2590 3388; baseline 0.007 -18"><span class='ocrx_word' id='word_1_684' title='bbox 1628 3321 1744 3370; x_wconf 84' lang='lat' dir='ltr'>curura</span> <span class='ocrx_word' id='word_1_685' title='bbox 1767 3309 1797 3370; x_wconf 88' lang='lat' dir='ltr'>u</span> <span class='ocrx_word' id='word_1_686' title='bbox 1819 3303 1857 3370; x_wconf 89' lang='lat' dir='ltr'>in</span> <span class='ocrx_word' id='word_1_687' title='bbox 1877 3303 2025 3370; x_wconf 89' lang='lat' dir='ltr'>ueritute.</span> <span class='ocrx_word' id='word_1_688' title='bbox 2042 3341 2083 3354; x_wconf 94' lang='lat'>—</span> <span class='ocrx_word' id='word_1_689' title='bbox 2104 3307 2150 3374; x_wconf 91' lang='lat' dir='ltr'>De</span> <span class='ocrx_word' id='word_1_690' title='bbox 2172 3307 2303 3376; x_wconf 82' lang='lat' dir='ltr'>veritate</span> <span class='ocrx_word' id='word_1_691' title='bbox 2326 3307 2493 3388; x_wconf 73' lang='lat' dir='ltr'>iustitiae:</span> <span class='ocrx_word' id='word_1_692' title='bbox 2514 3311 2590 3376; x_wconf 63' lang='lat' dir='ltr'>‘Pro-</span> 
     </span>
     <span class='ocr_line' id='line_1_88' title="bbox 1628 3409 2588 3500; baseline 0.005 -22"><span class='ocrx_word' id='word_1_693' title='bbox 1628 3409 1811 3478; x_wconf 86' lang='lat' dir='ltr'>verbiorum</span> <span class='ocrx_word' id='word_1_694' title='bbox 1827 3409 1948 3478; x_wconf 89' lang='lat' dir='ltr'>decimo</span> <span class='ocrx_word' id='word_1_695' title='bbox 1965 3417 2092 3478; x_wconf 82' lang='lat' dir='ltr'>octavo:</span> <span class='ocrx_word' id='word_1_696' title='bbox 2108 3413 2134 3478; x_wconf 88' lang='lat' dir='ltr'>A</span> <span class='ocrx_word' id='word_1_697' title='bbox 2141 3413 2266 3498; x_wconf 87' lang='lat' dir='ltr'>ccipere</span> <span class='ocrx_word' id='word_1_698' title='bbox 2277 3433 2458 3500; x_wconf 82' lang='lat' dir='ltr'>personent</span> <span class='ocrx_word' id='word_1_699' title='bbox 2480 3415 2518 3482; x_wconf 94' lang='lat' dir='ltr'>in</span> <span class='ocrx_word' id='word_1_700' title='bbox 2536 3415 2588 3482; x_wconf 89' lang='lat' dir='ltr'>iu-</span> 
     </span>
     <span class='ocr_line' id='line_1_89' title="bbox 1628 3517 2636 3598; baseline 0.008 -14"><span class='ocrx_word' id='word_1_701' title='bbox 1628 3517 1716 3586; x_wconf 86' lang='lat' dir='ltr'>dicio</span> <span class='ocrx_word' id='word_1_702' title='bbox 1731 3535 1798 3584; x_wconf 93' lang='lat' dir='ltr'>non</span> <span class='ocrx_word' id='word_1_703' title='bbox 1808 3525 1857 3584; x_wconf 87' lang='lat' dir='ltr'>est</span> <span class='ocrx_word' id='word_1_704' title='bbox 1868 3517 2000 3598; x_wconf 86' lang='lat' dir='ltr'>bonurn,</span> <span class='ocrx_word' id='word_1_705' title='bbox 2018 3527 2055 3584; x_wconf 91' lang='lat' dir='ltr'>ut</span> <span class='ocrx_word' id='word_1_706' title='bbox 2069 3519 2209 3586; x_wconf 85' lang='lat' dir='ltr'>declines</span> <span class='ocrx_word' id='word_1_707' title='bbox 2225 3539 2246 3586; x_wconf 89' lang='lat' dir='ltr'>u</span> <span class='ocrx_word' id='word_1_708' title='bbox 2261 3521 2399 3588; x_wconf 86' lang='lat' dir='ltr'>ueritate</span> <span class='ocrx_word' id='word_1_709' title='bbox 2414 3521 2535 3590; x_wconf 88' lang='lat' dir='ltr'>iudicii</span> <span class='ocrx_word' id='word_1_710' title='bbox 2549 3523 2586 3590; x_wconf 79' lang='lat'>¹¹.</span> <span class='ocrx_word' id='word_1_711' title='bbox 2631 3585 2636 3592; x_wconf 92' lang='lat'>.</span> 
     </span>
    </p>
   </div>
   <div class='ocr_carea' id='block_1_28' title="bbox 1706 3623 2586 3714">
    <p class='ocr_par' dir='ltr' id='par_1_49' title="bbox 1706 3623 2586 3714">
     <span class='ocr_line' id='line_1_90' title="bbox 1706 3623 2586 3714; baseline 0.009 -24"><span class='ocrx_word' id='word_1_712' title='bbox 1706 3625 1770 3690; x_wconf 77' lang='grc'><strong>76.</strong></span> <span class='ocrx_word' id='word_1_713' title='bbox 1802 3623 1929 3706; x_wconf 82' lang='lat' dir='ltr'>Quaest.</span> <span class='ocrx_word' id='word_1_714' title='bbox 1953 3625 2001 3692; x_wconf 92' lang='lat' dir='ltr'>IV.</span> <span class='ocrx_word' id='word_1_715' title='bbox 2034 3625 2204 3708; x_wconf 84' lang='lat' dir='ltr'>Quaeritur</span> <span class='ocrx_word' id='word_1_716' title='bbox 2231 3625 2270 3694; x_wconf 91' lang='lat' dir='ltr'>de</span> <span class='ocrx_word' id='word_1_717' title='bbox 2302 3627 2362 3696; x_wconf 93' lang='lat' dir='ltr'>hoc</span> <span class='ocrx_word' id='word_1_718' title='bbox 2387 3629 2470 3714; x_wconf 91' lang='lat' dir='ltr'>quod</span> <span class='ocrx_word' id='word_1_719' title='bbox 2492 3629 2586 3698; x_wconf 90' lang='lat' dir='ltr'>dicit:</span> 
     </span>
    </p>
   </div>
   <div class='ocr_carea' id='block_1_29' title="bbox 1601 3729 1939 3814">
    <p class='ocr_par' dir='ltr' id='par_1_50' title="bbox 1601 3729 1939 3814">
     <span class='ocr_line' id='line_1_91' title="bbox 1601 3729 1939 3814; baseline 0 -18"><span class='ocrx_word' id='word_1_720' title='bbox 1601 3771 1602 3774; x_wconf 59' lang='lat'><em>=</em></span> <span class='ocrx_word' id='word_1_721' title='bbox 1630 3731 1676 3796; x_wconf 88' lang='lat' dir='ltr'>De</span> <span class='ocrx_word' id='word_1_722' title='bbox 1697 3749 1768 3796; x_wconf 80' lang='lat' dir='ltr'>cneo</span> <span class='ocrx_word' id='word_1_723' title='bbox 1793 3729 1939 3814; x_wconf 83' lang='lat' dir='ltr'>accipiet.</span> 
     </span>
    </p>
   </div>
   <div class='ocr_carea' id='block_1_30' title="bbox 1627 3835 2637 4244">
    <p class='ocr_par' dir='ltr' id='par_1_51' title="bbox 1627 3835 2637 4244">
     <span class='ocr_line' id='line_1_92' title="bbox 1721 3835 2637 3926; baseline 0.01 -24"><span class='ocrx_word' id='word_1_724' title='bbox 1721 3839 1750 3902; x_wconf 88' lang='lat' dir='ltr'>l.</span> <span class='ocrx_word' id='word_1_725' title='bbox 1774 3835 1905 3904; x_wconf 91' lang='lat' dir='ltr'>Videtur</span> <span class='ocrx_word' id='word_1_726' title='bbox 1926 3837 2058 3920; x_wconf 86' lang='lat' dir='ltr'>falsum;</span> <span class='ocrx_word' id='word_1_727' title='bbox 2076 3839 2165 3926; x_wconf 88' lang='lat' dir='ltr'>quia,</span> <span class='ocrx_word' id='word_1_728' title='bbox 2188 3841 2214 3906; x_wconf 88' lang='lat' dir='ltr'>si</span> <span class='ocrx_word' id='word_1_729' title='bbox 2237 3839 2373 3926; x_wconf 89' lang='lat' dir='ltr'>Spiritus</span> <span class='ocrx_word' id='word_1_730' title='bbox 2397 3847 2525 3910; x_wconf 77' lang='lat' dir='ltr'>noctus</span> <span class='ocrx_word' id='word_1_731' title='bbox 2539 3847 2588 3910; x_wconf 90' lang='lat' dir='ltr'>est</span> <span class='ocrx_word' id='word_1_732' title='bbox 2635 3861 2637 3864; x_wconf 84' lang='lat'>·</span> 
     </span>
     <span class='ocr_line' id='line_1_93' title="bbox 1627 3943 2588 4034; baseline 0.006 -24"><span class='ocrx_word' id='word_1_733' title='bbox 1627 3943 1730 4024; x_wconf 90' lang='lat' dir='ltr'>Deus;</span> <span class='ocrx_word' id='word_1_734' title='bbox 1753 3949 1786 4012; x_wconf 92' lang='lat' dir='ltr'>et</span> <span class='ocrx_word' id='word_1_735' title='bbox 1807 3943 1893 4012; x_wconf 90' lang='lat' dir='ltr'>Deus</span> <span class='ocrx_word' id='word_1_736' title='bbox 1915 3945 1993 4012; x_wconf 92' lang='lat' dir='ltr'>nihil</span> <span class='ocrx_word' id='word_1_737' title='bbox 2016 3965 2133 4014; x_wconf 85' lang='lat' dir='ltr'>norum</span> <span class='ocrx_word' id='word_1_738' title='bbox 2158 3953 2259 4034; x_wconf 90' lang='lat' dir='ltr'>potest</span> <span class='ocrx_word' id='word_1_739' title='bbox 2282 3947 2417 4016; x_wconf 89' lang='lat' dir='ltr'>habere:</span> <span class='ocrx_word' id='word_1_740' title='bbox 2441 3967 2518 4034; x_wconf 91' lang='lat' dir='ltr'>ergo</span> <span class='ocrx_word' id='word_1_741' title='bbox 2539 3949 2588 4016; x_wconf 88' lang='lat' dir='ltr'>ni-</span> 
     </span>
     <span class='ocr_line' id='line_1_94' title="bbox 1627 4051 2586 4142; baseline 0.004 -24"><span class='ocrx_word' id='word_1_742' title='bbox 1627 4051 1674 4118; x_wconf 92' lang='lat' dir='ltr'>hil</span> <span class='ocrx_word' id='word_1_743' title='bbox 1696 4051 1833 4138; x_wconf 91' lang='lat' dir='ltr'>amplius</span> <span class='ocrx_word' id='word_1_744' title='bbox 1855 4051 1959 4138; x_wconf 88' lang='lat' dir='ltr'>potest</span> <span class='ocrx_word' id='word_1_745' title='bbox 1973 4053 2123 4138; x_wconf 90' lang='lat' dir='ltr'>accipere.</span> <span class='ocrx_word' id='word_1_746' title='bbox 2148 4055 2229 4140; x_wconf 86' lang='lat' dir='ltr'>Quid</span> <span class='ocrx_word' id='word_1_747' title='bbox 2252 4061 2299 4122; x_wconf 93' lang='lat' dir='ltr'>est</span> <span class='ocrx_word' id='word_1_748' title='bbox 2315 4073 2408 4142; x_wconf 89' lang='lat' dir='ltr'>ergo,</span> <span class='ocrx_word' id='word_1_749' title='bbox 2432 4056 2517 4142; x_wconf 90' lang='lat' dir='ltr'>quod</span> <span class='ocrx_word' id='word_1_750' title='bbox 2538 4057 2586 4124; x_wconf 91' lang='lat' dir='ltr'>di-</span> 
     </span>
     <span class='ocr_line' id='line_1_95' title="bbox 1628 4155 2037 4244; baseline 0.005 -22"><span class='ocrx_word' id='word_1_751' title='bbox 1628 4155 1687 4222; x_wconf 89' lang='lat' dir='ltr'>cit:</span> <span class='ocrx_word' id='word_1_752' title='bbox 1715 4157 1759 4222; x_wconf 85' lang='lat' dir='ltr'>lie</span> <span class='ocrx_word' id='word_1_753' title='bbox 1782 4177 1852 4224; x_wconf 81' lang='lat' dir='ltr'>ineo</span> <span class='ocrx_word' id='word_1_754' title='bbox 1875 4157 2037 4244; x_wconf 82' lang='lat' dir='ltr'>accipiet?</span> 
     </span>
    </p>
   </div>
   <div class='ocr_carea' id='block_1_31' title="bbox 1626 4585 2586 4924">
    <p class='ocr_par' dir='ltr' id='par_1_52' title="bbox 1626 4585 2586 4728">
     <span class='ocr_line' id='line_1_96' title="bbox 1626 4585 2586 4654; baseline 0.006 -18"><span class='ocrx_word' id='word_1_755' title='bbox 1626 4585 1725 4650; x_wconf 79' lang='lat' dir='ltr'>riuus,</span> <span class='ocrx_word' id='word_1_756' title='bbox 1741 4601 1811 4654; x_wconf 89' lang='lat' dir='ltr'>quae</span> <span class='ocrx_word' id='word_1_757' title='bbox 1836 4585 1981 4640; x_wconf 89' lang='lat' dir='ltr'>secundum</span> <span class='ocrx_word' id='word_1_758' title='bbox 2006 4585 2138 4652; x_wconf 86' lang='lat' dir='ltr'>pietatem</span> <span class='ocrx_word' id='word_1_759' title='bbox 2154 4591 2193 4640; x_wconf 89' lang='lat' dir='ltr'>est</span> <span class='ocrx_word' id='word_1_760' title='bbox 2206 4607 2230 4640; x_wconf 81' lang='lat' dir='ltr'>t.</span> <span class='ocrx_word' id='word_1_761' title='bbox 2249 4587 2318 4642; x_wconf 85' lang='lat' dir='ltr'>Vide</span> <span class='ocrx_word' id='word_1_762' title='bbox 2336 4587 2451 4652; x_wconf 75' lang='lat' dir='ltr'>Hieron,</span> <span class='ocrx_word' id='word_1_763' title='bbox 2469 4589 2496 4640; x_wconf 92' lang='lat' dir='ltr'>in</span> <span class='ocrx_word' id='word_1_764' title='bbox 2515 4591 2586 4642; x_wconf 87' lang='lat' dir='ltr'>hunc</span> 
     </span>
     <span class='ocr_line' id='line_1_97' title="bbox 1628 4675 1725 4728; baseline 0 -2"><span class='ocrx_word' id='word_1_765' title='bbox 1628 4675 1725 4728; x_wconf 88' lang='lat' dir='ltr'>locum.</span> 
     </span>
    </p>

    <p class='ocr_par' dir='ltr' id='par_1_53' title="bbox 1698 4759 2424 4840">
     <span class='ocr_line' id='line_1_98' title="bbox 1698 4759 2424 4840; baseline 0 -24"><span class='ocrx_word' id='word_1_766' title='bbox 1698 4759 1780 4816; x_wconf 78' lang='lat' dir='ltr'>⁹Clr.</span> <span class='ocrx_word' id='word_1_767' title='bbox 1797 4777 1877 4830; x_wconf 90' lang='lat' dir='ltr'>snpra</span> <span class='ocrx_word' id='word_1_768' title='bbox 1897 4777 1960 4828; x_wconf 87' lang='lat' dir='ltr'>pag.</span> <span class='ocrx_word' id='word_1_769' title='bbox 1978 4765 2044 4828; x_wconf 82' lang='grc'><strong>333,</strong></span> <span class='ocrx_word' id='word_1_770' title='bbox 2063 4769 2123 4818; x_wconf 85' lang='lat' dir='ltr'>note</span> <span class='ocrx_word' id='word_1_771' title='bbox 2144 4765 2168 4816; x_wconf 84' lang='lat'>3.</span> <span class='ocrx_word' id='word_1_772' title='bbox 2421 4835 2424 4840; x_wconf 21' lang='lat'><em>¹</em></span> 
     </span>
    </p>

    <p class='ocr_par' dir='ltr' id='par_1_54' title="bbox 1699 4849 2584 4924">
     <span class='ocr_line' id='line_1_99' title="bbox 1699 4849 2584 4924; baseline 0.005 -18"><span class='ocrx_word' id='word_1_773' title='bbox 1699 4849 1722 4884; x_wconf 87' lang='lat'>¹⁰</span> <span class='ocrx_word' id='word_1_774' title='bbox 1739 4855 1815 4906; x_wconf 81' lang='lat' dir='ltr'>Veus,</span> <span class='ocrx_word' id='word_1_775' title='bbox 1829 4855 1870 4906; x_wconf 89' lang='grc'>46.</span> <span class='ocrx_word' id='word_1_776' title='bbox 1880 4855 1982 4908; x_wconf 92' lang='lat' dir='ltr'>-Duo</span> <span class='ocrx_word' id='word_1_777' title='bbox 1993 4867 2067 4920; x_wconf 90' lang='lat' dir='ltr'>seqq.</span> <span class='ocrx_word' id='word_1_778' title='bbox 2077 4853 2126 4906; x_wconf 89' lang='lat' dir='ltr'>loci</span> <span class='ocrx_word' id='word_1_779' title='bbox 2139 4861 2201 4906; x_wconf 89' lang='lat' dir='ltr'>sunt</span> <span class='ocrx_word' id='word_1_780' title='bbox 2211 4855 2268 4908; x_wconf 88' lang='lat' dir='ltr'>lsai.</span> <span class='ocrx_word' id='word_1_781' title='bbox 2280 4855 2329 4920; x_wconf 85' lang='lat'>38,</span> <span class='ocrx_word' id='word_1_782' title='bbox 2342 4855 2367 4908; x_wconf 92' lang='grc'><strong>3.</strong></span> <span class='ocrx_word' id='word_1_783' title='bbox 2381 4861 2405 4908; x_wconf 89' lang='lat' dir='ltr'>et</span> <span class='ocrx_word' id='word_1_784' title='bbox 2414 4855 2493 4908; x_wconf 84' lang='lat' dir='ltr'>Prov.</span> <span class='ocrx_word' id='word_1_785' title='bbox 2504 4855 2547 4922; x_wconf 87' lang='lat' dir='ltr'>lS,</span> <span class='ocrx_word' id='word_1_786' title='bbox 2560 4859 2584 4924; x_wconf 83' lang='lat'>5,</span> 
     </span>
    </p>
   </div>
   <div class='ocr_carea' id='block_1_32' title="bbox 603 4941 2586 5624">
    <p class='ocr_par' dir='ltr' id='par_1_55' title="bbox 603 4941 2586 5624">
     <span class='ocr_line' id='line_1_100' title="bbox 1599 4941 2585 5014; baseline 0 -16"><span class='ocrx_word' id='word_1_787' title='bbox 1599 4983 1601 4998; x_wconf 74' lang='lat'>.</span> <span class='ocrx_word' id='word_1_788' title='bbox 1629 4943 1673 5012; x_wconf 92' lang='lat' dir='ltr'>ubi</span> <span class='ocrx_word' id='word_1_789' title='bbox 1687 4943 1813 5008; x_wconf 86' lang='lat' dir='ltr'>Vulgata,</span> <span class='ocrx_word' id='word_1_790' title='bbox 1828 4957 1908 5010; x_wconf 90' lang='lat' dir='ltr'>quam</span> <span class='ocrx_word' id='word_1_791' title='bbox 1921 4943 2039 5010; x_wconf 90' lang='lat' dir='ltr'>sequitur</span> <span class='ocrx_word' id='word_1_792' title='bbox 2057 4943 2109 5014; x_wconf 84' lang='lat' dir='ltr'>ed,</span> <span class='ocrx_word' id='word_1_793' title='bbox 2121 4941 2202 5012; x_wconf 86' lang='lat' dir='ltr'>irnpii</span> <span class='ocrx_word' id='word_1_794' title='bbox 2213 4945 2242 5010; x_wconf 89' lang='lat' dir='ltr'>(N</span> <span class='ocrx_word' id='word_1_795' title='bbox 2257 4941 2358 5010; x_wconf 86' lang='lat' dir='ltr'>iniusti)</span> <span class='ocrx_word' id='word_1_796' title='bbox 2375 4959 2422 5010; x_wconf 89' lang='lat' dir='ltr'>pro</span> <span class='ocrx_word' id='word_1_797' title='bbox 2437 4943 2464 4996; x_wconf 91' lang='lat' dir='ltr'>in</span> <span class='ocrx_word' id='word_1_798' title='bbox 2477 4941 2585 5000; x_wconf 86' lang='lat' dir='ltr'>iudicio.</span> 
     </span>
     <span class='ocr_line' id='line_1_101' title="bbox 1599 5031 2586 5104; baseline 0.002 -20"><span class='ocrx_word' id='word_1_799' title='bbox 1599 5033 1600 5092; x_wconf 74' lang='grc' dir='ltr'>ἶ</span> <span class='ocrx_word' id='word_1_800' title='bbox 1627 5059 1664 5072; x_wconf 90' lang='grc'><strong>-</strong></span> <span class='ocrx_word' id='word_1_801' title='bbox 1681 5033 1720 5086; x_wconf 90' lang='lat' dir='ltr'>De</span> <span class='ocrx_word' id='word_1_802' title='bbox 1737 5031 1833 5098; x_wconf 90' lang='lat' dir='ltr'>triplici</span> <span class='ocrx_word' id='word_1_803' title='bbox 1851 5035 1902 5084; x_wconf 89' lang='lat' dir='ltr'>hac</span> <span class='ocrx_word' id='word_1_804' title='bbox 1923 5033 2032 5104; x_wconf 78' lang='lat' dir='ltr'>vepitate</span> <span class='ocrx_word' id='word_1_805' title='bbox 2057 5035 2103 5086; x_wconf 86' lang='lat' dir='ltr'>cir.</span> <span class='ocrx_word' id='word_1_806' title='bbox 2126 5031 2273 5086; x_wconf 90' lang='lat' dir='ltr'>Comment.</span> <span class='ocrx_word' id='word_1_807' title='bbox 2294 5033 2322 5086; x_wconf 90' lang='lat' dir='ltr'>in</span> <span class='ocrx_word' id='word_1_808' title='bbox 2343 5035 2404 5086; x_wconf 89' lang='lat' dir='ltr'>Luc.</span> <span class='ocrx_word' id='word_1_809' title='bbox 2429 5033 2471 5098; x_wconf 87' lang='grc'>47,</span> <span class='ocrx_word' id='word_1_810' title='bbox 2495 5035 2519 5100; x_wconf 87' lang='grc'><strong>4,</strong></span> <span class='ocrx_word' id='word_1_811' title='bbox 2538 5035 2586 5088; x_wconf 92' lang='lat' dir='ltr'>ubi</span> 
     </span>
     <span class='ocr_line' id='line_1_102' title="bbox 1599 5119 2585 5188; baseline 0.004 -16"><span class='ocrx_word' id='word_1_812' title='bbox 1599 5149 1600 5152; x_wconf 61' lang='lat'><em>=</em></span> <span class='ocrx_word' id='word_1_813' title='bbox 1628 5123 1693 5172; x_wconf 88' lang='lat' dir='ltr'>haee</span> <span class='ocrx_word' id='word_1_814' title='bbox 1708 5119 1801 5174; x_wconf 86' lang='lat' dir='ltr'>divisio</span> <span class='ocrx_word' id='word_1_815' title='bbox 1821 5119 1943 5174; x_wconf 90' lang='lat' dir='ltr'>tribuitur</span> <span class='ocrx_word' id='word_1_816' title='bbox 1961 5119 2119 5186; x_wconf 80' lang='lat' dir='ltr'>Hieronymo</span> <span class='ocrx_word' id='word_1_817' title='bbox 2136 5121 2179 5188; x_wconf 86' lang='lat' dir='ltr'>(ita</span> <span class='ocrx_word' id='word_1_818' title='bbox 2194 5119 2272 5174; x_wconf 88' lang='lat' dir='ltr'>etiarn</span> <span class='ocrx_word' id='word_1_819' title='bbox 2289 5119 2359 5174; x_wconf 82' lang='lat' dir='ltr'>Alex.</span> <span class='ocrx_word' id='word_1_820' title='bbox 2379 5121 2448 5188; x_wconf 82' lang='lat' dir='ltr'>ual,</span> <span class='ocrx_word' id='word_1_821' title='bbox 2466 5123 2492 5174; x_wconf 89' lang='lat' dir='ltr'>S.</span> <span class='ocrx_word' id='word_1_822' title='bbox 2512 5137 2536 5188; x_wconf 92' lang='lat' dir='ltr'>p.</span> <span class='ocrx_word' id='word_1_823' title='bbox 2557 5125 2585 5176; x_wconf 92' lang='lat' dir='ltr'>ll.</span> 
     </span>
     <span class='ocr_line' id='line_1_103' title="bbox 1598 5195 2582 5280; baseline 0.002 -20"><span class='ocrx_word' id='word_1_824' title='bbox 1598 5217 1655 5280; x_wconf 48' lang='lat' dir='ltr'>{q</span> <span class='ocrx_word' id='word_1_825' title='bbox 1673 5195 1734 5260; x_wconf 86' lang='grc'><strong>474.</strong></span> <span class='ocrx_word' id='word_1_826' title='bbox 1753 5223 1790 5260; x_wconf 85' lang='lat' dir='ltr'>nr.</span> <span class='ocrx_word' id='word_1_827' title='bbox 1808 5209 1839 5274; x_wconf 89' lang='grc'>6;</span> <span class='ocrx_word' id='word_1_828' title='bbox 1859 5209 1884 5260; x_wconf 90' lang='lat' dir='ltr'>S.</span> <span class='ocrx_word' id='word_1_829' title='bbox 1905 5209 2014 5272; x_wconf 84' lang='lat' dir='ltr'>Thom,</span> <span class='ocrx_word' id='word_1_830' title='bbox 2033 5209 2059 5260; x_wconf 88' lang='lat' dir='ltr'>S.</span> <span class='ocrx_word' id='word_1_831' title='bbox 2079 5209 2106 5260; x_wconf 93' lang='lat' dir='ltr'>ll.</span> <span class='ocrx_word' id='word_1_832' title='bbox 2125 5209 2152 5260; x_wconf 93' lang='lat' dir='ltr'>ll.</span> <span class='ocrx_word' id='word_1_833' title='bbox 2164 5223 2192 5274; x_wconf 94' lang='lat' dir='ltr'>q.</span> <span class='ocrx_word' id='word_1_834' title='bbox 2206 5207 2248 5260; x_wconf 86' lang='grc'>43.</span> <span class='ocrx_word' id='word_1_835' title='bbox 2261 5223 2283 5260; x_wconf 87' lang='lat' dir='ltr'>a.</span> <span class='ocrx_word' id='word_1_836' title='bbox 2295 5207 2392 5274; x_wconf 59' lang='lat' dir='ltr'>berg.</span> <span class='ocrx_word' id='word_1_837' title='bbox 2405 5209 2430 5260; x_wconf 91' lang='grc'>4.</span> <span class='ocrx_word' id='word_1_838' title='bbox 2444 5213 2468 5262; x_wconf 87' lang='lat' dir='ltr'>et</span> <span class='ocrx_word' id='word_1_839' title='bbox 2480 5209 2582 5276; x_wconf 76' lang='lat' dir='ltr'>qtoe.</span> 
     </span>
     <span class='ocr_line' id='line_1_104' title="bbox 1598 5287 2585 5362; baseline 0.005 -18"><span class='ocrx_word' id='word_1_840' title='bbox 1598 5307 1599 5328; x_wconf 80' lang='lat'>³</span> <span class='ocrx_word' id='word_1_841' title='bbox 1627 5287 1683 5358; x_wconf 86' lang='lat' dir='ltr'>arg.</span> <span class='ocrx_word' id='word_1_842' title='bbox 1703 5293 1754 5360; x_wconf 84' lang='lat'>3.);</span> <span class='ocrx_word' id='word_1_843' title='bbox 1774 5295 1800 5346; x_wconf 87' lang='grc' dir='ltr'><strong>Β.</strong></span> <span class='ocrx_word' id='word_1_844' title='bbox 1821 5293 1932 5360; x_wconf 90' lang='lat' dir='ltr'>Albert.,</span> <span class='ocrx_word' id='word_1_845' title='bbox 1952 5293 1977 5346; x_wconf 92' lang='lat' dir='ltr'>in</span> <span class='ocrx_word' id='word_1_846' title='bbox 1996 5295 2033 5346; x_wconf 94' lang='lat' dir='ltr'>lll.</span> <span class='ocrx_word' id='word_1_847' title='bbox 2052 5295 2123 5346; x_wconf 90' lang='lat' dir='ltr'>Sent.</span> <span class='ocrx_word' id='word_1_848' title='bbox 2142 5295 2166 5348; x_wconf 93' lang='lat' dir='ltr'>d.</span> <span class='ocrx_word' id='word_1_849' title='bbox 2186 5293 2228 5346; x_wconf 88' lang='grc'><strong>37.</strong></span> <span class='ocrx_word' id='word_1_850' title='bbox 2248 5309 2273 5348; x_wconf 88' lang='lat' dir='ltr'>a.</span> <span class='ocrx_word' id='word_1_851' title='bbox 2292 5295 2334 5348; x_wconf 80' lang='lat' dir='ltr'>lb.</span> <span class='ocrx_word' id='word_1_852' title='bbox 2352 5309 2401 5360; x_wconf 79' lang='lat' dir='ltr'>pro</span> <span class='ocrx_word' id='word_1_853' title='bbox 2420 5295 2477 5362; x_wconf 83' lang='lat' dir='ltr'>ipse</span> <span class='ocrx_word' id='word_1_854' title='bbox 2490 5298 2585 5362; x_wconf 84' lang='lat' dir='ltr'>allegat</span> 
     </span>
     <span class='ocr_line' id='line_1_105' title="bbox 1598 5383 2584 5450; baseline 0 -14"><span class='ocrx_word' id='word_1_855' title='bbox 1598 5395 1599 5400; x_wconf 74' lang='grc'>’</span> <span class='ocrx_word' id='word_1_856' title='bbox 1627 5385 1744 5436; x_wconf 89' lang='lat' dir='ltr'>Glossum</span> <span class='ocrx_word' id='word_1_857' title='bbox 1770 5383 1795 5436; x_wconf 90' lang='lat' dir='ltr'>in</span> <span class='ocrx_word' id='word_1_858' title='bbox 1820 5385 1908 5436; x_wconf 88' lang='lat' dir='ltr'>blatth.</span> <span class='ocrx_word' id='word_1_859' title='bbox 1925 5383 1953 5436; x_wconf 92' lang='lat'>8.</span> <span class='ocrx_word' id='word_1_860' title='bbox 1970 5387 1995 5434; x_wconf 92' lang='lat' dir='ltr'>et</span> <span class='ocrx_word' id='word_1_861' title='bbox 2020 5383 2082 5434; x_wconf 93' lang='lat' dir='ltr'>Luc.</span> <span class='ocrx_word' id='word_1_862' title='bbox 2101 5383 2149 5446; x_wconf 81' lang='grc'>43,</span> <span class='ocrx_word' id='word_1_863' title='bbox 2168 5383 2214 5436; x_wconf 89' lang='lat' dir='ltr'>ubi</span> <span class='ocrx_word' id='word_1_864' title='bbox 2238 5389 2328 5436; x_wconf 89' lang='lat' dir='ltr'>tamen</span> <span class='ocrx_word' id='word_1_865' title='bbox 2351 5383 2424 5450; x_wconf 88' lang='lat' dir='ltr'>opud</span> <span class='ocrx_word' id='word_1_866' title='bbox 2450 5383 2534 5436; x_wconf 85' lang='lat' dir='ltr'>Strab.</span> <span class='ocrx_word' id='word_1_867' title='bbox 2560 5391 2584 5436; x_wconf 91' lang='lat' dir='ltr'>et</span> 
     </span>
     <span class='ocr_line' id='line_1_106' title="bbox 1598 5465 2584 5538; baseline 0 -14"><span class='ocrx_word' id='word_1_868' title='bbox 1598 5465 1599 5468; x_wconf 60' lang='grc'>’</span> <span class='ocrx_word' id='word_1_869' title='bbox 1626 5473 1759 5538; x_wconf 86' lang='lat' dir='ltr'>Lyranum</span> <span class='ocrx_word' id='word_1_870' title='bbox 1777 5473 1840 5524; x_wconf 90' lang='lat' dir='ltr'>nihil</span> <span class='ocrx_word' id='word_1_871' title='bbox 1858 5475 1908 5524; x_wconf 89' lang='lat' dir='ltr'>hac</span> <span class='ocrx_word' id='word_1_872' title='bbox 1925 5473 1960 5526; x_wconf 89' lang='lat' dir='ltr'>de</span> <span class='ocrx_word' id='word_1_873' title='bbox 1976 5485 2007 5524; x_wconf 93' lang='lat' dir='ltr'>re</span> <span class='ocrx_word' id='word_1_874' title='bbox 2025 5473 2151 5536; x_wconf 89' lang='lat' dir='ltr'>occurrit;</span> <span class='ocrx_word' id='word_1_875' title='bbox 2168 5475 2216 5524; x_wconf 83' lang='lat' dir='ltr'>cir.</span> <span class='ocrx_word' id='word_1_876' title='bbox 2228 5473 2317 5524; x_wconf 88' lang='lat' dir='ltr'>Matth.</span> <span class='ocrx_word' id='word_1_877' title='bbox 2330 5473 2362 5524; x_wconf 89' lang='grc'><strong>48</strong></span> <span class='ocrx_word' id='word_1_878' title='bbox 2372 5513 2379 5538; x_wconf 87' lang='lat'>,</span> <span class='ocrx_word' id='word_1_879' title='bbox 2391 5473 2421 5538; x_wconf 88' lang='lat' dir='ltr'>b,</span> <span class='ocrx_word' id='word_1_880' title='bbox 2436 5471 2481 5524; x_wconf 92' lang='lat' dir='ltr'>ubi</span> <span class='ocrx_word' id='word_1_881' title='bbox 2495 5473 2584 5524; x_wconf 90' lang='lat' dir='ltr'>Glossa</span> 
     </span>
     <span class='ocr_line' id='line_1_107' title="bbox 603 5543 1599 5624; baseline -0.004 -12"><span class='ocrx_word' id='word_1_882' title='bbox 603 5559 657 5622; x_wconf 87' lang='lat' dir='ltr'>rius</span> <span class='ocrx_word' id='word_1_883' title='bbox 683 5563 743 5624; x_wconf 85' lang='lat' dir='ltr'>post</span> <span class='ocrx_word' id='word_1_884' title='bbox 770 5557 902 5610; x_wconf 81' lang='lat' dir='ltr'>miserum</span> <span class='ocrx_word' id='word_1_885' title='bbox 925 5557 969 5610; x_wconf 89' lang='lat' dir='ltr'>ed.</span> <span class='ocrx_word' id='word_1_886' title='bbox 991 5543 1053 5614; x_wconf 78' lang='lat' dir='ltr'>curn</span> <span class='ocrx_word' id='word_1_887' title='bbox 1079 5557 1197 5614; x_wconf 85' lang='lat' dir='ltr'>Gerrono</span> <span class='ocrx_word' id='word_1_888' title='bbox 1223 5557 1393 5624; x_wconf 88' lang='lat' dir='ltr'>prosequitur</span> <span class='ocrx_word' id='word_1_889' title='bbox 1411 5555 1565 5622; x_wconf 80' lang='lat' dir='ltr'>cuiusmodi</span> <span class='ocrx_word' id='word_1_890' title='bbox 1598 5559 1599 5598; x_wconf 72' lang='grc' dir='ltr'><strong>ἓ</strong></span> 
     </span>
    </p>
   </div>
   <div class='ocr_carea' id='block_1_33' title="bbox 1627 5543 2583 5628">
    <p class='ocr_par' dir='ltr' id='par_1_56' title="bbox 1627 5543 2583 5628">
     <span class='ocr_line' id='line_1_108' title="bbox 1627 5543 2583 5628; baseline -0.002 -14"><span class='ocrx_word' id='word_1_891' title='bbox 1627 5559 1769 5614; x_wconf 84' lang='lat' dir='ltr'>ordinario</span> <span class='ocrx_word' id='word_1_892' title='bbox 1787 5559 1830 5628; x_wconf 82' lang='lat' dir='ltr'>(ex</span> <span class='ocrx_word' id='word_1_893' title='bbox 1847 5561 1969 5626; x_wconf 86' lang='lat' dir='ltr'>Gregor.,</span> <span class='ocrx_word' id='word_1_894' title='bbox 1988 5563 2007 5612; x_wconf 96' lang='lat' dir='ltr'>l.</span> <span class='ocrx_word' id='word_1_895' title='bbox 2025 5543 2118 5612; x_wconf 85' lang='lat' dir='ltr'>llomil.</span> <span class='ocrx_word' id='word_1_896' title='bbox 2138 5561 2162 5612; x_wconf 90' lang='lat' dir='ltr'>iu</span> <span class='ocrx_word' id='word_1_897' title='bbox 2183 5561 2272 5612; x_wconf 86' lang='lat' dir='ltr'>Ezecb.</span> <span class='ocrx_word' id='word_1_898' title='bbox 2292 5559 2382 5612; x_wconf 91' lang='lat' dir='ltr'>homil.</span> <span class='ocrx_word' id='word_1_899' title='bbox 2400 5559 2429 5612; x_wconf 83' lang='lat'>7.</span> <span class='ocrx_word' id='word_1_900' title='bbox 2440 5575 2464 5612; x_wconf 92' lang='lat' dir='ltr'>n.</span> <span class='ocrx_word' id='word_1_901' title='bbox 2477 5561 2510 5624; x_wconf 66' lang='grc' dir='ltr'>ὅ)</span> <span class='ocrx_word' id='word_1_902' title='bbox 2521 5559 2583 5614; x_wconf 85' lang='lat' dir='ltr'>vide</span> 
     </span>
    </p>
   </div>
   <div class='ocr_carea' id='block_1_34' title="bbox 1597 5645 2583 5720">
    <p class='ocr_par' dir='ltr' id='par_1_57' title="bbox 1597 5645 2583 5720">
     <span class='ocr_line' id='line_1_109' title="bbox 1597 5645 2583 5720; baseline 0 -20"><span class='ocrx_word' id='word_1_903' title='bbox 1597 5685 1599 5720; x_wconf 70' lang='lat'>,</span> <span class='ocrx_word' id='word_1_904' title='bbox 1625 5649 1705 5700; x_wconf 88' lang='lat' dir='ltr'>etiam</span> <span class='ocrx_word' id='word_1_905' title='bbox 1729 5663 1809 5714; x_wconf 89' lang='lat' dir='ltr'>supra</span> <span class='ocrx_word' id='word_1_906' title='bbox 1834 5663 1897 5714; x_wconf 87' lang='lat' dir='ltr'>pag.</span> <span class='ocrx_word' id='word_1_907' title='bbox 1915 5649 1980 5716; x_wconf 83' lang='lat' dir='ltr'>uel,</span> <span class='ocrx_word' id='word_1_908' title='bbox 2006 5653 2091 5700; x_wconf 89' lang='lat' dir='ltr'>notum</span> <span class='ocrx_word' id='word_1_909' title='bbox 2118 5647 2167 5714; x_wconf 87' lang='lat'>8.):</span> <span class='ocrx_word' id='word_1_910' title='bbox 2193 5647 2290 5710; x_wconf 73' lang='lat' dir='ltr'>«Nota,</span> <span class='ocrx_word' id='word_1_911' title='bbox 2309 5647 2382 5714; x_wconf 92' lang='lat' dir='ltr'>quod</span> <span class='ocrx_word' id='word_1_912' title='bbox 2405 5645 2431 5698; x_wconf 90' lang='lat' dir='ltr'>in</span> <span class='ocrx_word' id='word_1_913' title='bbox 2455 5651 2583 5714; x_wconf 87' lang='lat' dir='ltr'>quantum</span> 
     </span>
    </p>
   </div>
   <div class='ocr_carea' id='block_1_35' title="bbox 1623 5735 2583 6156">
    <p class='ocr_par' dir='ltr' id='par_1_58' title="bbox 1623 5735 2583 6156">
     <span class='ocr_line' id='line_1_110' title="bbox 1625 5735 2583 5804; baseline -0.002 -14"><span class='ocrx_word' id='word_1_914' title='bbox 1625 5741 1701 5802; x_wconf 91' lang='lat' dir='ltr'>potes</span> <span class='ocrx_word' id='word_1_915' title='bbox 1713 5737 1770 5790; x_wconf 89' lang='lat' dir='ltr'>sine</span> <span class='ocrx_word' id='word_1_916' title='bbox 1781 5743 1898 5802; x_wconf 87' lang='lat' dir='ltr'>peccato,</span> <span class='ocrx_word' id='word_1_917' title='bbox 1916 5737 2000 5790; x_wconf 86' lang='lat' dir='ltr'>vitare</span> <span class='ocrx_word' id='word_1_918' title='bbox 2018 5735 2169 5788; x_wconf 89' lang='lat' dir='ltr'>scandalum</span> <span class='ocrx_word' id='word_1_919' title='bbox 2184 5735 2294 5800; x_wconf 83' lang='lat' dir='ltr'>proximi</span> <span class='ocrx_word' id='word_1_920' title='bbox 2312 5735 2406 5800; x_wconf 87' lang='lat' dir='ltr'>debes;</span> <span class='ocrx_word' id='word_1_921' title='bbox 2419 5737 2491 5804; x_wconf 89' lang='lat' dir='ltr'>quia,</span> <span class='ocrx_word' id='word_1_922' title='bbox 2510 5737 2530 5790; x_wconf 91' lang='lat' dir='ltr'>si</span> <span class='ocrx_word' id='word_1_923' title='bbox 2549 5737 2583 5790; x_wconf 91' lang='lat' dir='ltr'>de</span> 
     </span>
     <span class='ocr_line' id='line_1_111' title="bbox 1623 5815 2582 5894; baseline 0 -16"><span class='ocrx_word' id='word_1_924' title='bbox 1623 5823 1735 5878; x_wconf 78' lang='lat' dir='ltr'>ueritate</span> <span class='ocrx_word' id='word_1_925' title='bbox 1754 5815 1806 5894; x_wconf 84' lang='lat' dir='ltr'>est,</span> <span class='ocrx_word' id='word_1_926' title='bbox 1825 5839 1874 5892; x_wconf 90' lang='lat' dir='ltr'>pro</span> <span class='ocrx_word' id='word_1_927' title='bbox 1893 5827 2016 5878; x_wconf 85' lang='lat' dir='ltr'>scandalo</span> <span class='ocrx_word' id='word_1_928' title='bbox 2033 5823 2130 5876; x_wconf 90' lang='lat' dir='ltr'>veritas</span> <span class='ocrx_word' id='word_1_929' title='bbox 2147 5823 2262 5894; x_wconf 87' lang='lat' dir='ltr'>relinqui</span> <span class='ocrx_word' id='word_1_930' title='bbox 2276 5839 2328 5876; x_wconf 92' lang='lat' dir='ltr'>non</span> <span class='ocrx_word' id='word_1_931' title='bbox 2346 5823 2426 5878; x_wconf 91' lang='lat' dir='ltr'>debet</span> <span class='ocrx_word' id='word_1_932' title='bbox 2439 5845 2464 5878; x_wconf 78' lang='lat' dir='ltr'>t.</span> <span class='ocrx_word' id='word_1_933' title='bbox 2477 5827 2582 5878; x_wconf 80' lang='lat' dir='ltr'>Eadem</span> 
     </span>
     <span class='ocr_line' id='line_1_112' title="bbox 1626 5909 2583 5980; baseline 0.002 -16"><span class='ocrx_word' id='word_1_934' title='bbox 1626 5913 1709 5966; x_wconf 89' lang='lat' dir='ltr'>verba</span> <span class='ocrx_word' id='word_1_935' title='bbox 1732 5917 1811 5969; x_wconf 82' lang='lat' dir='ltr'>refert</span> <span class='ocrx_word' id='word_1_936' title='bbox 1835 5917 1954 5980; x_wconf 84' lang='lat' dir='ltr'>lyranus</span> <span class='ocrx_word' id='word_1_937' title='bbox 1971 5913 1997 5964; x_wconf 89' lang='lat' dir='ltr'>in</span> <span class='ocrx_word' id='word_1_938' title='bbox 2016 5913 2104 5964; x_wconf 83' lang='lat' dir='ltr'>Glossa</span> <span class='ocrx_word' id='word_1_939' title='bbox 2125 5909 2265 5966; x_wconf 84' lang='lat' dir='ltr'>ordinario</span> <span class='ocrx_word' id='word_1_940' title='bbox 2283 5913 2345 5966; x_wconf 90' lang='lat' dir='ltr'>Luc.</span> <span class='ocrx_word' id='word_1_941' title='bbox 2366 5913 2412 5976; x_wconf 91' lang='grc'>47,</span> <span class='ocrx_word' id='word_1_942' title='bbox 2433 5915 2457 5966; x_wconf 88' lang='grc'>4.</span> <span class='ocrx_word' id='word_1_943' title='bbox 2475 5917 2503 5968; x_wconf 94' lang='lat' dir='ltr'>ln</span> <span class='ocrx_word' id='word_1_944' title='bbox 2521 5913 2583 5966; x_wconf 90' lang='lat' dir='ltr'>edd.</span> 
     </span>
     <span class='ocr_line' id='line_1_113' title="bbox 1626 5999 2581 6068; baseline -0.002 -14"><span class='ocrx_word' id='word_1_945' title='bbox 1626 6015 1734 6066; x_wconf 90' lang='lat' dir='ltr'>operum</span> <span class='ocrx_word' id='word_1_946' title='bbox 1756 6003 1827 6056; x_wconf 85' lang='lat' dir='ltr'>Alex.</span> <span class='ocrx_word' id='word_1_947' title='bbox 1843 6003 1898 6054; x_wconf 88' lang='lat' dir='ltr'>Hal.</span> <span class='ocrx_word' id='word_1_948' title='bbox 1916 6007 1944 6054; x_wconf 91' lang='lat' dir='ltr'>et</span> <span class='ocrx_word' id='word_1_949' title='bbox 1962 6001 1986 6052; x_wconf 89' lang='lat' dir='ltr'>S.</span> <span class='ocrx_word' id='word_1_950' title='bbox 2008 6001 2126 6052; x_wconf 86' lang='lat' dir='ltr'>Thornae</span> <span class='ocrx_word' id='word_1_951' title='bbox 2145 6001 2217 6064; x_wconf 87' lang='lat' dir='ltr'>(locis</span> <span class='ocrx_word' id='word_1_952' title='bbox 2236 6001 2315 6066; x_wconf 91' lang='lat' dir='ltr'>paulo</span> <span class='ocrx_word' id='word_1_953' title='bbox 2333 6001 2454 6068; x_wconf 86' lang='lat' dir='ltr'>superius</span> <span class='ocrx_word' id='word_1_954' title='bbox 2472 5999 2535 6066; x_wconf 88' lang='lat' dir='ltr'>citt.)</span> <span class='ocrx_word' id='word_1_955' title='bbox 2556 6001 2581 6052; x_wconf 91' lang='lat' dir='ltr'>in</span> 
     </span>
     <span class='ocr_line' id='line_1_114' title="bbox 1625 6085 2581 6156; baseline 0.002 -16"><span class='ocrx_word' id='word_1_956' title='bbox 1625 6091 1744 6154; x_wconf 87' lang='lat' dir='ltr'>nrargine</span> <span class='ocrx_word' id='word_1_957' title='bbox 1769 6091 1894 6156; x_wconf 82' lang='lat' dir='ltr'>elegatur</span> <span class='ocrx_word' id='word_1_958' title='bbox 1911 6089 2002 6140; x_wconf 86' lang='lat' dir='ltr'>Glossa</span> <span class='ocrx_word' id='word_1_959' title='bbox 2020 6087 2045 6140; x_wconf 92' lang='lat' dir='ltr'>in</span> <span class='ocrx_word' id='word_1_960' title='bbox 2066 6089 2151 6140; x_wconf 86' lang='lat' dir='ltr'>hlatth.</span> <span class='ocrx_word' id='word_1_961' title='bbox 2172 6087 2218 6150; x_wconf 83' lang='grc'>43,</span> <span class='ocrx_word' id='word_1_962' title='bbox 2239 6091 2280 6142; x_wconf 72' lang='lat' dir='ltr'>lt.</span> <span class='ocrx_word' id='word_1_963' title='bbox 2300 6103 2382 6154; x_wconf 90' lang='lat' dir='ltr'>super</span> <span class='ocrx_word' id='word_1_964' title='bbox 2398 6087 2463 6142; x_wconf 92' lang='lat' dir='ltr'>illud</span> <span class='ocrx_word' id='word_1_965' title='bbox 2482 6085 2581 6142; x_wconf 86' lang='lat' dir='ltr'>Audito</span> 
     </span>
    </p>
   </div>
   <div class='ocr_carea' id='block_1_36' title="bbox 1603 6173 2583 6242">
    <p class='ocr_par' dir='ltr' id='par_1_59' title="bbox 1603 6173 2583 6242">
     <span class='ocr_line' id='line_1_115' title="bbox 1603 6173 2583 6242; baseline -0.004 -12"><span class='ocrx_word' id='word_1_966' title='bbox 1603 6175 1704 6240; x_wconf 20' lang='lat' dir='ltr'>,certo</span> <span class='ocrx_word' id='word_1_967' title='bbox 1730 6177 1781 6232; x_wconf 85' lang='lat' dir='ltr'>boc</span> <span class='ocrx_word' id='word_1_968' title='bbox 1805 6173 1984 6232; x_wconf 81' lang='lat' dir='ltr'>scandalizati</span> <span class='ocrx_word' id='word_1_969' title='bbox 2010 6179 2090 6240; x_wconf 86' lang='lat' dir='ltr'>suni;</span> <span class='ocrx_word' id='word_1_970' title='bbox 2119 6175 2165 6228; x_wconf 90' lang='lat' dir='ltr'>sed</span> <span class='ocrx_word' id='word_1_971' title='bbox 2194 6175 2229 6228; x_wconf 89' lang='lat' dir='ltr'>ibi</span> <span class='ocrx_word' id='word_1_972' title='bbox 2255 6177 2338 6230; x_wconf 91' lang='lat' dir='ltr'>solum</span> <span class='ocrx_word' id='word_1_973' title='bbox 2358 6175 2460 6242; x_wconf 83' lang='lat' dir='ltr'>inipso</span> <span class='ocrx_word' id='word_1_974' title='bbox 2480 6175 2583 6240; x_wconf 80' lang='lat' dir='ltr'>expost-</span> 
     </span>
    </p>
   </div>
   <div class='ocr_carea' id='block_1_37' title="bbox 1625 6261 2582 6862">
    <p class='ocr_par' dir='ltr' id='par_1_60' title="bbox 1625 6261 2582 6598">
     <span class='ocr_line' id='line_1_116' title="bbox 1626 6261 2582 6334; baseline 0 -18"><span class='ocrx_word' id='word_1_975' title='bbox 1626 6261 1708 6332; x_wconf 87' lang='lat' dir='ltr'>tione,</span> <span class='ocrx_word' id='word_1_976' title='bbox 1725 6281 1807 6334; x_wconf 88' lang='lat' dir='ltr'>quam</span> <span class='ocrx_word' id='word_1_977' title='bbox 1827 6265 1888 6318; x_wconf 85' lang='lat' dir='ltr'>lacit</span> <span class='ocrx_word' id='word_1_978' title='bbox 1905 6265 2030 6334; x_wconf 83' lang='lat' dir='ltr'>Lprunus</span> <span class='ocrx_word' id='word_1_979' title='bbox 2050 6265 2076 6316; x_wconf 90' lang='lat' dir='ltr'>in</span> <span class='ocrx_word' id='word_1_980' title='bbox 2094 6267 2163 6318; x_wconf 89' lang='lat' dir='ltr'>hunc</span> <span class='ocrx_word' id='word_1_981' title='bbox 2183 6267 2283 6328; x_wconf 89' lang='lat' dir='ltr'>locum,</span> <span class='ocrx_word' id='word_1_982' title='bbox 2303 6265 2373 6318; x_wconf 90' lang='lat' dir='ltr'>dicta</span> <span class='ocrx_word' id='word_1_983' title='bbox 2390 6265 2521 6318; x_wconf 89' lang='lat' dir='ltr'>distinctio</span> <span class='ocrx_word' id='word_1_984' title='bbox 2541 6279 2582 6316; x_wconf 89' lang='lat' dir='ltr'>oc·</span> 
     </span>
     <span class='ocr_line' id='line_1_117' title="bbox 1626 6351 2580 6420; baseline 0.002 -16"><span class='ocrx_word' id='word_1_985' title='bbox 1626 6355 1707 6406; x_wconf 91' lang='lat' dir='ltr'>currit</span> <span class='ocrx_word' id='word_1_986' title='bbox 1724 6353 1788 6420; x_wconf 90' lang='lat' dir='ltr'>(non</span> <span class='ocrx_word' id='word_1_987' title='bbox 1806 6355 1833 6408; x_wconf 93' lang='lat' dir='ltr'>in</span> <span class='ocrx_word' id='word_1_988' title='bbox 1850 6355 1942 6406; x_wconf 85' lang='lat' dir='ltr'>Glossa</span> <span class='ocrx_word' id='word_1_989' title='bbox 1964 6351 2106 6406; x_wconf 87' lang='lat' dir='ltr'>ordinario</span> <span class='ocrx_word' id='word_1_990' title='bbox 2132 6367 2218 6420; x_wconf 89' lang='lat' dir='ltr'>neque</span> <span class='ocrx_word' id='word_1_991' title='bbox 2246 6351 2436 6420; x_wconf 76' lang='lat' dir='ltr'>interlineari).</span> <span class='ocrx_word' id='word_1_992' title='bbox 2460 6355 2580 6406; x_wconf 90' lang='lat' dir='ltr'>Gulielm.</span> 
     </span>
     <span class='ocr_line' id='line_1_118' title="bbox 1625 6439 2582 6508; baseline 0.002 -16"><span class='ocrx_word' id='word_1_993' title='bbox 1625 6441 1782 6506; x_wconf 76' lang='lat' dir='ltr'>Autissiod,</span> <span class='ocrx_word' id='word_1_994' title='bbox 1799 6445 1872 6496; x_wconf 85' lang='lat' dir='ltr'>Sunt.</span> <span class='ocrx_word' id='word_1_995' title='bbox 1886 6455 1986 6494; x_wconf 84' lang='lat' dir='ltr'>aureae</span> <span class='ocrx_word' id='word_1_996' title='bbox 2006 6439 2050 6496; x_wconf 91' lang='lat' dir='ltr'>lib.</span> <span class='ocrx_word' id='word_1_997' title='bbox 2070 6443 2109 6496; x_wconf 90' lang='lat' dir='ltr'>lll.</span> <span class='ocrx_word' id='word_1_998' title='bbox 2127 6447 2156 6494; x_wconf 89' lang='lat' dir='ltr'>tr.</span> <span class='ocrx_word' id='word_1_999' title='bbox 2177 6443 2218 6494; x_wconf 85' lang='grc'><strong>30.</strong></span> <span class='ocrx_word' id='word_1_1000' title='bbox 2238 6457 2264 6508; x_wconf 89' lang='lat' dir='ltr'>q.</span> <span class='ocrx_word' id='word_1_1001' title='bbox 2284 6439 2313 6494; x_wconf 87' lang='grc'>4.</span> <span class='ocrx_word' id='word_1_1002' title='bbox 2328 6457 2401 6508; x_wconf 83' lang='lat' dir='ltr'>seqq.</span> <span class='ocrx_word' id='word_1_1003' title='bbox 2414 6443 2482 6496; x_wconf 86' lang='lat' dir='ltr'>bunc</span> <span class='ocrx_word' id='word_1_1004' title='bbox 2495 6441 2582 6496; x_wconf 88' lang='lat' dir='ltr'>distin·</span> 
     </span>
     <span class='ocr_line' id='line_1_119' title="bbox 1625 6529 2244 6598; baseline 0.003 -18"><span class='ocrx_word' id='word_1_1005' title='bbox 1625 6529 1752 6598; x_wconf 88' lang='lat' dir='ltr'>ctionem,</span> <span class='ocrx_word' id='word_1_1006' title='bbox 1771 6533 1840 6584; x_wconf 81' lang='lat' dir='ltr'>utillo</span> <span class='ocrx_word' id='word_1_1007' title='bbox 1858 6535 1966 6584; x_wconf 87' lang='lat' dir='ltr'>auctore</span> <span class='ocrx_word' id='word_1_1008' title='bbox 1983 6529 2112 6596; x_wconf 86' lang='lat' dir='ltr'>adducto,</span> <span class='ocrx_word' id='word_1_1009' title='bbox 2131 6529 2244 6582; x_wconf 83' lang='lat' dir='ltr'>exhibet.</span> 
     </span>
    </p>

    <p class='ocr_par' dir='ltr' id='par_1_61' title="bbox 1625 6615 2581 6862">
     <span class='ocr_line' id='line_1_120' title="bbox 1696 6615 2581 6688; baseline -0.002 -16"><span class='ocrx_word' id='word_1_1010' title='bbox 1696 6615 1716 6648; x_wconf 87' lang='lat'>¹²</span> <span class='ocrx_word' id='word_1_1011' title='bbox 1736 6619 1807 6672; x_wconf 78' lang='lat' dir='ltr'>Alern</span> <span class='ocrx_word' id='word_1_1012' title='bbox 1826 6621 1899 6686; x_wconf 86' lang='lat' dir='ltr'>Hal,</span> <span class='ocrx_word' id='word_1_1013' title='bbox 1914 6621 1943 6672; x_wconf 89' lang='lat' dir='ltr'>S.</span> <span class='ocrx_word' id='word_1_1014' title='bbox 1959 6633 1986 6684; x_wconf 92' lang='lat' dir='ltr'>p.</span> <span class='ocrx_word' id='word_1_1015' title='bbox 2007 6621 2033 6672; x_wconf 92' lang='lat' dir='ltr'>ll.</span> <span class='ocrx_word' id='word_1_1016' title='bbox 2054 6635 2082 6688; x_wconf 91' lang='lat' dir='ltr'>q.</span> <span class='ocrx_word' id='word_1_1017' title='bbox 2099 6619 2159 6672; x_wconf 89' lang='grc'><strong>474.</strong></span> <span class='ocrx_word' id='word_1_1018' title='bbox 2174 6633 2208 6670; x_wconf 74' lang='lat' dir='ltr'>na</span> <span class='ocrx_word' id='word_1_1019' title='bbox 2222 6619 2253 6670; x_wconf 84' lang='lat'>6:</span> <span class='ocrx_word' id='word_1_1020' title='bbox 2271 6619 2402 6684; x_wconf 85' lang='lat' dir='ltr'>Distingui</span> <span class='ocrx_word' id='word_1_1021' title='bbox 2419 6623 2508 6672; x_wconf 87' lang='lat' dir='ltr'>autem</span> <span class='ocrx_word' id='word_1_1022' title='bbox 2519 6633 2581 6682; x_wconf 91' lang='lat' dir='ltr'>pos·</span> 
     </span>
     <span class='ocr_line' id='line_1_121' title="bbox 1625 6707 2580 6772; baseline 0.003 -15"><span class='ocrx_word' id='word_1_1023' title='bbox 1625 6711 1685 6758; x_wconf 88' lang='lat' dir='ltr'>sunt</span> <span class='ocrx_word' id='word_1_1024' title='bbox 1697 6707 1767 6760; x_wconf 80' lang='lat' dir='ltr'>istae</span> <span class='ocrx_word' id='word_1_1025' title='bbox 1784 6713 1837 6762; x_wconf 90' lang='lat' dir='ltr'>tres</span> <span class='ocrx_word' id='word_1_1026' title='bbox 1854 6709 1992 6772; x_wconf 80' lang='lat' dir='ltr'>veritates3</span> <span class='ocrx_word' id='word_1_1027' title='bbox 2010 6721 2071 6760; x_wconf 89' lang='lat' dir='ltr'>nam</span> <span class='ocrx_word' id='word_1_1028' title='bbox 2090 6709 2187 6760; x_wconf 84' lang='lat' dir='ltr'>veritas</span> <span class='ocrx_word' id='word_1_1029' title='bbox 2204 6707 2272 6762; x_wconf 83' lang='lat' dir='ltr'>uitae</span> <span class='ocrx_word' id='word_1_1030' title='bbox 2291 6709 2402 6772; x_wconf 90' lang='lat' dir='ltr'>pertinet</span> <span class='ocrx_word' id='word_1_1031' title='bbox 2420 6709 2454 6760; x_wconf 89' lang='lat' dir='ltr'>ad</span> <span class='ocrx_word' id='word_1_1032' title='bbox 2474 6721 2580 6770; x_wconf 89' lang='lat' dir='ltr'>omnes,</span> 
     </span>
     <span class='ocr_line' id='line_1_122' title="bbox 1625 6795 2580 6862; baseline 0 -16"><span class='ocrx_word' id='word_1_1033' title='bbox 1625 6797 1851 6860; x_wconf 87' lang='lat' dir='ltr'>comprehendens</span> <span class='ocrx_word' id='word_1_1034' title='bbox 1876 6799 1963 6850; x_wconf 89' lang='lat' dir='ltr'>omnia</span> <span class='ocrx_word' id='word_1_1035' title='bbox 1982 6801 2122 6862; x_wconf 87' lang='lat' dir='ltr'>praecepta</span> <span class='ocrx_word' id='word_1_1036' title='bbox 2141 6801 2167 6848; x_wconf 87' lang='lat' dir='ltr'>et</span> <span class='ocrx_word' id='word_1_1037' title='bbox 2185 6795 2315 6862; x_wconf 86' lang='lat' dir='ltr'>prohibita</span> <span class='ocrx_word' id='word_1_1038' title='bbox 2333 6800 2359 6851; x_wconf 92' lang='lat' dir='ltr'>et</span> <span class='ocrx_word' id='word_1_1039' title='bbox 2378 6795 2497 6862; x_wconf 79' lang='lat' dir='ltr'>coosdta3</span> <span class='ocrx_word' id='word_1_1040' title='bbox 2514 6795 2580 6848; x_wconf 82' lang='lat' dir='ltr'>reri-</span> 
     </span>
    </p>
   </div>
   <div class='ocr_carea' id='block_1_38' title="bbox 1598 6881 2579 6952">
    <p class='ocr_par' dir='ltr' id='par_1_62' title="bbox 1598 6881 2579 6952">
     <span class='ocr_line' id='line_1_123' title="bbox 1598 6881 2579 6952; baseline 0 -18"><span class='ocrx_word' id='word_1_1041' title='bbox 1598 6895 1599 6898; x_wconf 47' lang='lat'><em>*</em></span> <span class='ocrx_word' id='word_1_1042' title='bbox 1625 6885 1663 6934; x_wconf 85' lang='lat' dir='ltr'>tas</span> <span class='ocrx_word' id='word_1_1043' title='bbox 1681 6881 1798 6936; x_wconf 68' lang='lat' dir='ltr'>instituite</span> <span class='ocrx_word' id='word_1_1044' title='bbox 1817 6885 1850 6936; x_wconf 91' lang='lat' dir='ltr'>ad</span> <span class='ocrx_word' id='word_1_1045' title='bbox 1869 6887 2012 6952; x_wconf 86' lang='lat' dir='ltr'>praelatos,</span> <span class='ocrx_word' id='word_1_1046' title='bbox 2030 6883 2257 6950; x_wconf 87' lang='lat' dir='ltr'>comprehendens</span> <span class='ocrx_word' id='word_1_1047' title='bbox 2275 6883 2342 6938; x_wconf 89' lang='lat' dir='ltr'>duas</span> <span class='ocrx_word' id='word_1_1048' title='bbox 2355 6889 2442 6950; x_wconf 90' lang='lat' dir='ltr'>partes</span> <span class='ocrx_word' id='word_1_1049' title='bbox 2453 6881 2579 6950; x_wconf 85' lang='lat' dir='ltr'>iustitiae,</span> 
     </span>
    </p>
   </div>
   <div class='ocr_carea' id='block_1_39' title="bbox 0 0 2954 8265">
    <p class='ocr_par' dir='ltr' id='par_1_63' title="bbox 0 0 2954 8265">
     <span class='ocr_line' id='line_1_124' title="bbox 0 0 2954 8265; baseline 0 0"><span class='ocrx_word' id='word_1_1050' title='bbox 0 0 2954 8265; x_wconf 95' lang='lat' dir='ltr'> </span> 
     </span>
    </p>
   </div>
  </div>
 </body>
</html>
