5908 8266
937 539 938 542 ’
984 521 1238 588 tentationes
1263 521 1299 586 ln
1323 521 1488 588 loannem
1513 521 1589 586 cte.
1613 521 1650 584 X.
1673 517 1779 584 COLL.
1803 519 1861 584 nt.

524 699 553 762 o.
572 697 751 784 Cognosce,
770 697 890 782 inquit,
908 715 981 762 oues
995 713 1096 762 naeus.
1116 695 1209 776 Nota,
1232 695 1317 782 qood
1341 715 1392 764 co-

287 819 416 880 200000-
433 803 596 884 gnoscitur
617 803 684 868 oris
707 821 748 870 022
773 807 919 888 quatuor.
947 801 1151 886 Cognoscitur
1172 803 1256 866 enim
1280 803 1391 882 002222,

268 877 312 916 slot·
323 881 347 914 ln
361 881 417 914 20221·

267 923 417 1022 &ganeonem
435 905 568 986 bototu,
586 907 698 974 uellere
715 913 744 974 et
759 909 864 994 siquo.
882 905 1141 992 -Cognoscitur
1157 907 1267 984 cuttu,
1280 923 1392 974 secun·-

238 1071 246 1084 .
282 1027 333 1090 ovis
346 1013 510 1082 coeno-dum
536 1013 612 1080 illud
635 1013 875 1078 proverbiorum
902 1011 1049 1096 vigesimo
1077 1011 1209 1094 septimo
1222 1013 1254 1076 1:
1284 1013 1392 1076 «Dili-

239 1191 240 1194 ,
266 1083 420 1178 {querelem
432 1123 543 1202 genter
557 1133 689 1202 agnosce
705 1115 829 1182 vultum
842 1115 964 1200 pecoris
976 1115 1022 1180 tui
1035 1109 1065 1194 »ς
1079 1113 1188 1178 uultus
1200 1111 1392 1198 spiritualis

431 1229 480 1290 est
494 1223 696 1300 conscientia,
710 1221 747 1286 de
760 1239 823 1308 qua
836 1221 1035 1288 Canticorum
1049 1219 1206 1286 secundo:
1223 1243 1239 1276 «
1255 1217 1390 1284 Ostende

431 1327 508 1392 milri
526 1327 633 1394 taciem
648 1327 906 1394 tuam›>.laciem
917 1325 1009 1394 istam
1022 1343 1085 1392 000
1097 1325 1286 1390 habentibus
1296 1341 1391 1390 niun-

424 1431 519 1498 220020
535 1431 651 1498 dicitur
666 1429 811 1496 Matthaei
837 1431 984 1514 septimo:
1016 1457 1032 1490 ‹<
1046 1431 1112 1496 Non
1129 1427 1203 1496 nori
1224 1445 1279 1496 tos
1293 1453 1325 1494 ».
1346 1465 1391 1478 --

328 1553 412 1598 2000.
430 1533 634 1620 Cognoscitur
659 1533 792 1614 tutotu-
806 1553 863 1622 per
889 1535 1038 1602 20202002
1053 1534 1190 1620 intellige
1214 1529 1389 1618 confessio-

429 1639 484 1706 nis
513 1657 643 1716 uocem;
673 1639 758 1706 uede
789 1643 821 1708 in
853 1643 974 1708 Psalmo
989 1643 1020 1706 ²:
1053 1667 1070 1700 0
1092 1641 1228 1724 Populus
1259 1639 1329 1706 eius
1358 1643 1391 1706 et

430 1763 503 1814 ores
536 1763 669 1832 pascuae
703 1747 793 1828 eius;
818 1747 945 1814 introite
969 1755 1077 1832 portas
1110 1747 1179 1814 0200
1203 1747 1233 1814 20
1270 1745 1390 1814 000200-

429 1851 516 1920 02000
533 1879 561 1918 2.
596 1855 639 1922 De
662 1855 723 1922 hoc
748 1853 856 1922 balatu
883 1853 1083 1920 Canticorum
1109 1853 1266 1920 secundo:
1302 1879 1319 1912 <c
1335 1853 1390 1918 So·-

317 1965 484 2030 verterenet
513 1977 577 2026 vox
602 1967 657 2026 tua
678 1961 712 2024 in
733 1961 865 2028 auribus
889 1959 1013 2026 meis».
1037 1957 1302 2042 -Cognoscitur
1326 1957 1389 2024 002-

431 2059 623 2144 2020200210
647 2063 774 2150 quando
806 2065 874 2134 oris
906 2065 1077 2132 detoratur
1110 2081 1129 2130 a
1163 2063 1280 2144 bestia,
1310 2063 1390 2130 solet

428 2171 548 2238 ostendi
571 2171 663 2256 pellis
684 2171 717 2236 20
733 2173 873 2258 sigeum,
899 2171 1072 2238 secundum
1089 2171 1166 2238 illnd
1189 2169 1316 2236 Genesis
1334 2169 1390 2234 tri-

428 2275 546 2360 gesimo
562 2277 706 2360 02220032
734 2299 751 2332 o
769 2277 901 2360 Captum
916 2293 933 2340 a
951 2275 1048 2342 bestie
1073 2291 1133 2340 000
1151 2273 1272 2340 ostendi
1287 2273 1343 2340 tibi
1355 2297 1387 2354 »;

428 2381 533 2466 quasi:
549 2381 575 2446 si
593 2389 719 2466 ceptum
740 2381 868 2460 2020002,
894 2379 1097 2448 ostendissem
1121 2381 1188 2446 tibi.
1207 2381 1264 2446 Per
1286 2379 1389 2444 uetitas

428 2485 564 2572 intellige
590 2483 759 2552 ltortesturn
776 2487 1063 2554 000002002200002.
1089 2487 1186 2552 Debet
1214 2487 1296 2552 enim
1321 2485 1389 2552 oris

428 2591 601 2678 spiritualis
615 2593 733 2660 babere
743 2593 847 2660 uellus
857 2593 987 2678 agninae
1001 2593 1260 2672 conversatioem,
1277 2609 1388 2660 secun-

428 2699 503 2764 dum
524 2699 603 2764 illud
617 2699 858 2766 Proverbiorum
875 2699 1025 2784 vigesimo
1040 2699 1190 2784 septimo:
1213 2725 1228 2756 0
1241 2699 1308 2764 Sint
1332 2699 1387 2766 tibi

338 2831 410 2888 Signo.
428 2805 497 2890 agni
527 2805 565 2870 ad
593 2807 813 2874 vestimentem
842 2811 930 2872 tuum
951 2831 980 2870 0,
998 2843 1040 2852 -
1065 2805 1270 2890 Cognoscitur
1292 2805 1388 2888 etiam

427 2911 533 2996 siguo.
556 2911 614 2978 Per
640 2912 762 2996 signum
794 2911 931 2996 intellige
956 2909 1158 2978 (loruieieum
1184 2911 1386 2996 passionom.

426 3013 526 3080 Debet
548 3015 630 3080 enim
656 3015 773 3098 signari
794 3017 861 3082 oris
898 3013 1069 3098 spiritualis
1095 3015 1182 3098 signo
1211 3011 1387 3080 dominicae

426 3119 597 3204 passionis3
620 3119 820 3188 Canticorum
844 3121 996 3188 octam4:
1027 3119 1136 3186 «Pone
1160 3137 1210 3188 me
1225 3127 1262 3186 ut
1284 3119 1387 3206 signa-

427 3225 536 3290 culum
559 3243 657 3310 super
679 3243 732 3292 cor
758 3231 848 3294 tuum
863 3251 895 3292 e.

521 3333 569 3396 20.
596 3329 828 3416 sequemet
851 3337 1050 3418 cognoscunt
1076 3349 1125 3398 ute
1148 3349 1248 3398 02000.

519 3437 556 3502 Ut
581 3435 677 3516 scias,
694 3437 831 3522 qualiter
846 3437 913 3504 oris
929 3455 963 3506 se
976 3437 1069 3504 debet
1092 3437 1209 3504 babere
1224 3437 1263 3502 ad
1282 3443 1386 3520 pasto-

199 3531 200 3534 *
291 3569 409 3634 00000,
428 3559 515 3620 rem,
537 3551 624 3622 eota,
650 3541 733 3628 quod
766 3543 833 3610 oris
862 3543 956 3610 debet
985 3551 1145 3626 pastorem
1174 3561 1386 3628 cognoscere,

262 3637 411 3734 illttlttll
427 3647 467 3714 ad
488 3653 646 3734 pastorem
669 3651 839 3730 accedere,
859 3655 1017 3734 pastorem
1040 3647 1161 3714 audire
1184 3655 1215 3714 et
1238 3653 1308 3732 post
1332 3665 1386 3732 pa-

262 3735 543 3846 iiiiiitllustorem
568 3755 626 3820 ire.
651 3791 694 3802 —
718 3755 875 3822 Pastorem
899 3753 1065 3840 cogitosct't
1086 3753 1153 3818 oris
1183 3771 1239 3836 per
1268 3751 1385 3838 222002,

299 3839 388 3890 ⁸¹¹⁰³⁰¹²'
426 3877 483 3944 per
515 3857 687 3944 gratiarum
710 3861 880 3940 actionem;
905 3859 943 3926 de
974 3877 1037 3948 quo
1069 3857 1190 3926 loannis
1213 3857 1384 3924 decimor:

431 3991 448 4024 α
464 3965 619 4052 Cognosce
644 3983 718 4032 ores
731 3983 832 4046 20000,
854 3973 888 4034 02
903 3971 1095 4052 cognoscunt
1115 3983 1167 4030 me
1190 3981 1278 4030 meae
1292 3989 1324 4028 ».
1342 4001 1384 4010 —

262 4101 297 4144 22
310 4111 359 4162 eun
373 4113 410 4146 ae·
425 4073 471 4140 Ad
491 4079 651 4158 pastorem
665 4073 790 4140 cecedit
804 4091 861 4158 per
886 4073 1059 4138 ceritatem
1067 4095 1080 4150 ,·
1095 4071 1178 4136 unsle
1195 4069 1314 4156 primae
1331 4069 1385 4134 Pe-

308 4155 375 4198 Μή·
427 4181 470 4246 tri
485 4179 640 4246 secundo:
661 4203 676 4236 2
695 4179 793 4244 Eratis
809 4179 892 4244 sicut
906 4195 979 4244 oves
995 4183 1155 4256 02200200,
1172 4175 1225 4244 sed
1241 4175 1385 4242 00020202

426 4285 500 4352 00220
524 4301 607 4352 0000
631 4283 669 4350 ad
693 4291 849 4370 pastorem
873 4289 904 4352 et
926 4283 1106 4370 episcopum
1131 4281 1308 4366 animarem
1332 4299 1385 4348 re·-

426 4393 565 4454 strarum
581 4415 611 4454 ».
630 4427 670 4436 -
687 4385 844 4454 Oberrant
858 4387 942 4454 enim
965 4405 1038 4454 ores
1054 4385 1224 4472 peccando,
1241 4385 1295 4454 sed
1312 4403 1385 4454 con-

275 4525 329 4568 00
340 4523 407 4568 000.
425 4499 605 4574 vertuntur,
619 4493 744 4580 quando
756 4501 912 4580 pastorem
925 4493 1071 4560 0202220222
1083 4511 1139 4578 per
1151 4491 1363 4558 obedientium
1371 4517 1384 4570 ;

426 4601 546 4668 loannis
562 4601 681 4668 decium
695 4601 722 4666 6:
743 4625 760 4660 0
773 4601 852 4668 Ores
864 4617 1072 4668 meaerocem
1089 4617 1188 4666 meam
1206 4599 1338 4664 audiunt
1349 4625 1382 4664 0.

271 4737 408 4790 00000.
427 4705 643 4794 —Sequitur
665 4709 823 4790 pastorem
845 4723 903 4790 per
927 4703 1163 4782 2022020000,
1187 4703 1308 4772 loannis
1331 4705 1384 4772 de-

315 4793 358 4832 m·
425 4811 525 4878 cimo:
554 4837 572 4870 0
587 4811 663 4876 Cum
687 4811 833 4896 proprias
854 4829 927 4876 ores
944 4811 1097 4888 emiserit,
1121 4817 1194 4876 ante
1209 4829 1262 4876 eas
1283 4811 1383 4890 radit,

425 4925 458 4982 et
479 4935 553 4982 ores
578 4917 665 4982 illum
690 4915 977 5000 sequentemque.
1005 4915 1108 4982 sciunt
1131 4931 1239 4982 000020
1264 4915 1332 4982 0200
1346 4941 1383 4996 »;

425 5029 458 5090 02
479 5021 559 5088 20220
584 5021 710 5088 eodem:
739 5045 756 5080 0
772 5021 927 5106 Cognosce
945 5037 1018 5086 ores
1034 5037 1140 5100 20000,
1150 5025 1181 5086 02
1205 5027 1384 5106 sequuntur

424 5147 492 5208 me,
518 5133 548 5194 et
572 5145 628 5212 ego
652 5125 747 5192 ritam
771 5133 930 5192 aeternam
953 5125 991 5190 do
1016 5123 1060 5192 eis
1076 5151 1105 5190 ».

518 5235 567 5298 22.
592 5229 759 5314 Proprius
782 5249 853 5296 oues
876 5237 970 5296 00002
992 5229 1224 5296 0000002202.

514 5339 591 5404 Nota
612 5337 664 5402 bic
681 5335 740 5402 tria
756 5336 794 5402 de
806 5343 943 5420 pestere
959 5333 1048 5402 2000.
1068 5335 1185 5416 Primo,
1209 5335 1293 5422 quod
1310 5355 1384 5404 ores

303 5475 353 5518 00,
366 5475 408 5520 aa,
425 5453 522 5510 00002
542 5441 756 5520 nominatim,
773 5459 846 5508 cum
861 5441 991 5508 dicitur:
1012 5441 1178 5528 Proprius
1202 5461 1274 5510 oues
1289 5451 1385 5510 00002

261 5527 357 5624 {iiiiii
371 5543 408 5584 ¹³²*
426 5549 636 5616 0002200220.
668 5539 825 5628 Secunde,
857 5547 943 5634 quod
971 5549 1098 5626 ediscit,
1132 5565 1204 5616 cum
1225 5549 1383 5618 dicitur⁸z

426 5657 468 5720 Et
489 5655 606 5720 educit.
633 5653 754 5732 Tertio,
778 5651 862 5738 qued
887 5651 1033 5732 deducit,
1058 5669 1130 5720 cnm
1157 5651 1382 5740 subiungitur:

426 5761 468 5824 Et
482 5763 558 5824 0002
578 5759 740 5846 proprios
765 5777 837 5826 coes
859 5755 1020 5834 eruiserit,
1043 5763 1119 5822 0020
1135 5777 1192 5824 000
1206 5759 1309 5826 curiit.
1327 5759 1383 5826 Bc

426 5883 486 5932 nus
512 5865 593 5932 enim
615 5871 722 5950 pastor
745 5849 837 5934 debet
860 5883 936 5932 ores
958 5883 1077 5930 occure
1103 5865 1200 5930 verbo
1221 5857 1383 5952 praedica-

498 6191 602 6248 ¹Vers
628 6195 669 6248 23.
694 6221 728 6234 ·-
752 6197 810 6248 Duo
837 6209 910 6262 seqq.
939 6191 988 6248 loci
1016 6197 1077 6246 sont
1103 6191 1201 6248 Cantic.
1229 6197 1260 6260 2,
1289 6197 1332 6250 22.
1359 6203 1385 6252 02

426 6281 516 6332 blotan.
533 6281 560 6344 t,
580 6281 621 6334 23.

497 6365 621 6420 ²Psalm.
641 6369 687 6434 99,
707 6371 730 6422 3.
751 6377 776 6424 02
794 6371 821 6424 2.
838 6399 874 6410 -
893 6369 1015 6438 Sequitur
1032 6367 1129 6422 Cantic.
1149 6371 1179 6436 2,
1201 6371 1241 6422 tt.

497 6451 510 6484 ³
529 6455 603 6508 vers.
622 6455 665 6508 et.
683 6483 720 6496 ·-
737 6457 855 6512 Subinde
875 6461 1002 6524 allegatur
1020 6459 1096 6510 Pror.
1117 6457 1158 6524 27,
1178 6461 1222 6510 26.
1337 6521 1341 6528 ¹

497 6543 602 6598 ⁴‘Vers
621 6547 646 6596 e.
1010 6547 1012 6552 ’
1239 6547 1240 6550 ’

403 6681 404 6684 ,
497 6629 601 6686 ⁵Vers.
623 6633 663 6686 22,
683 6661 719 6674 -
737 6635 860 6704 Sequitur
879 6639 896 6690 l.
914 6637 973 6692 Petr

497 6717 510 6750 ⁶
529 6719 602 6774 Vere.
617 6721 664 6788 273
678 6721 743 6776 ibid.
756 6741 782 6778 r.
797 6725 822 6776 2.
834 6731 860 6778 02
873 6739 900 6778 r.
912 6725 956 6778 27.
969 6725 1013 6776 28.
1025 6723 1154 6778 habentur
1168 6725 1221 6778 dno
1235 6739 1311 6794 seqq.
1323 6729 1382 6782 loci.

497 6803 601 6862 'Vere
622 6809 647 6862 3.

2347 521 2411 588 2283

1457 695 1548 764 220020
1580 701 1609 762 02
1632 695 1767 762 educere
1793 695 1993 760 Sacramento
2024 693 2224 760 confessionis
2253 701 2282 762 et
2315 695 2413 760 dedu-

1455 821 1527 868 cere
1547 801 1693 886 exemplo
1717 805 1841 866 sanctae
1863 799 2116 866 eoerersatioeis

1546 909 1597 974 22.
1621 907 1699 972 Nota
1714 905 1803 970 iuxta
1828 905 1888 970 hoc
1903 903 2018 970 triade
2033 903 2118 968 bonu
2136 923 2201 968 000.
2216 903 2316 970 Debet
2330 905 2412 972 enim
2432 921 2491 972 200,
2503 923 2577 966 eaeo.

1455 1009 1523 1078 oris
1551 1029 1619 1076 esse
1651 1007 1804 1088 20202222,
1837 1015 1873 1076 02
1903 1009 2019 1094 pastori
2050 1007 2196 1088 obediat;
2225 1007 2319 1076 debet
2345 1025 2412 1076 esse
2451 985 2477 1016 ⁰³
2501 985 2547 1018 Μ’

1454 1109 1563 1192 uritis,
1595 1133 1635 1180 00
1663 1131 1791 1200 gregem
1815 1103 1971 1192 ostendat:
2003 1113 2094 1180 debet
2118 1129 2186 1178 esse
2208 1109 2351 1200 foetosa,
2378 1117 2412 1180 ut

1454 1215 1668 1302 patrifamilias
1691 1219 1833 1286 fructum
1853 1219 1972 1286 0220202.
1994 1255 2038 1268 -
2053 1217 2152 1284 Debet
2166 1235 2242 1302 ergo
2266 1235 2335 1286 esse
2351 1215 2412 1282 leu-

1454 1323 1542 1388 2222222
1558 1341 1623 1406 per.
1640 1323 1863 1404 obedientlam;
1892 1325 1975 1392 unde
2003 1325 2033 1390 in
2061 1325 2181 1390 Psalmo
2195 1323 2220 1388 ⁹:
2252 1323 2412 1390 «Deducis

1455 1427 1541 1494 relut
1563 1445 1654 1496 orem
1676 1429 1786 1514 loseph
1802 1455 1839 1510 »3
1863 1431 1951 1496 relnt
1973 1431 2040 1498 oris
2065 1429 2156 1496 debet
2180 1445 2249 1496 esse
2268 1429 2412 1496 docibilis

1454 1533 1563 1616 loseph
1578 1557 1585 1598 :
1601 1533 1769 1618 aliquando
1783 1535 1884 1622 virpu
1899 1535 2123 1622 correptione,
2139 1533 2306 1622 aliqnando
2323 1553 2411 1622 porte

1454 1637 1689 1718 aemulationis,
1719 1639 1888 1724 aliquando
1916 1661 1999 1706 cone
2030 1641 2217 1706 20020220020.
2248 1641 2411 1708 -Debet

1453 1737 1635 1812 assentiris
1656 1763 1713 1830 per
1739 1745 1965 1824 innocentiam,
1990 1745 2082 1812 iuxta
2101 1745 2181 1812 illud
2201 1747 2330 1814 secundi
2353 1749 2410 1814 lle-

1453 1867 1529 1934 gum
1544 1851 1713 1916 atlttm010:
1743 1877 1760 1910 «
1775 1849 1827 1916 lsti
1842 1851 1898 1934 qui
1912 1869 1987 1916 ores
2012 1859 2101 1932 sunt,
2127 1851 2203 1940 qnid
2217 1853 2409 1920 fecerunta?

1453 1955 1538 2022 Unde
1561 1955 1653 2022 illud:

1525 2129 1597 2196 Quae
1615 2129 1762 2194 meruistis,
1779 2143 1856 2196 eree,
1876 2129 1971 2184 0020202
1990 2131 2045 2184 02220
2066 2133 2156 2184 Prende
2175 2131 2322 2202 dolisque?

1453 2269 1549 2336 Debet
1582 2287 1649 2336 esse
1674 2267 1801 2354 soetosu
1825 2289 1881 2356 per
1907 2271 2066 2338 bonorum
2087 2289 2220 2356 operum
2249 2273 2409 2342 abundan-

1453 2375 1544 2454 tiam,
1571 2375 1660 2442 iuxta
1683 2375 1762 2442 illud
1784 2377 1955 2444 Psalmi¹1:
1983 2377 2096 2444 «Ores
2120 2395 2230 2444 eorem
2258 2379 2406 2458 foetosae,

1452 2481 1647 2548 abundantes
1685 2483 1716 2546 in
1757 2483 1935 2568 egressibus
1968 2483 2034 2550 suis
2062 2507 2099 2564 »3
2139 2489 2170 2550 et
2208 2483 2406 2552 Canticorum

1452 2591 1584 2672 quarto:
1612 2585 1768 2654 «Omnes
1798 2589 1940 2674 gemellis
1961 2587 2113 2670 foetibus,
2138 2595 2169 2656 et
2200 2591 2317 2660 sterilis
2345 2611 2408 2660 000

1452 2697 1499 2758 002
1522 2689 1613 2758 20202
1628 2711 1679 2760 000
1696 2719 1725 2758 e.

1805 2925 1965 2980 contario
1985 2927 2037 2980 XL.

1539 3119 1641 3200 (Vere.
1665 3121 1718 3186 27.
1744 3119 1821 3204 28.).
1848 3119 1929 3188 0002
1952 3139 2041 3188 tecue
2069 3131 2256 3210 sequuntur
2283 3143 2335 3190 200
2343 3149 2355 3202 ;
2379 3131 2407 3190 et

1451 3243 1508 3310 eqo
1530 3225 1636 3290 022000
1658 3237 1829 3292 ueteratorie
1851 3227 1893 3292 do
1915 3227 1971 3292 eis.
2063 3263 2064 3266 ¹

1541 3333 1570 3396 2.
1595 3330 1629 3396 20
1651 3333 1758 3400 verbis
1778 3333 1846 3398 istis
1871 3329 2041 3418 praemittit
2061 3335 2212 3402 Dominus
2233 3335 2299 3404 oris
2316 3337 2406 3422 spiri·
2433 3347 2522 3394 Divisio·

1451 3437 1562 3516 tualis,
1586 3437 1617 3503 id
1641 3443 1689 3506 est
1710 3437 1833 3506 animae
1855 3437 1972 3518 fidelis,
2005 3439 2178 3518 restitum,
2207 3459 2278 3506 cum
2312 3441 2405 3510 dicit:

1454 3545 1533 3612 Ooes
1548 3563 1640 3610 02000
1654 3551 1840 3632 sequuntur
1856 3563 1905 3610 nte
1917 3581 1959 3594 -
1976 3553 2009 3612 et
2030 3547 2186 3630 promittit
2198 3549 2404 3632 proemium,

1451 3669 1523 3716 cem
1545 3649 1704 3734 adiungit:
1730 3653 1769 3716 et
1790 3671 1848 3736 epo
1873 3651 1974 3718 eitum
1999 3661 2166 3718 ueternum
2192 3653 2232 3718 do
2257 3653 2312 3720 eis.

1538 3757 1743 3824 Praemittens
1759 3775 1833 3842 ergo
1844 3759 2017 3838 caeritum,
2033 3759 2124 3825 dicit:
2137 3761 2328 3848 Sequuntur
2343 3783 2402 3830 rue.
2425 3771 2558 3868 ι20210220

1450 3863 1539 3942 Note,
1565 3863 1649 3946 quod
1672 3869 1850 3946 sequentur
1880 3863 2007 3948 quidam
2033 3883 2089 3948 per
2114 3865 2286 3950 planitiem
2310 3887 2405 3934 0200-
2432 3835 2565 3952 illidit·

1449 3967 1625 4046 2202022020,
1642 3965 1768 4054 quidam
1783 3985 1840 4052 per
1851 3975 2014 4034 ruoutouo
2029 3971 2259 4050 coracinorum,
2276 3971 2405 4058 quidem
2465 3941 2518 3974 m

1449 4091 1506 4160 per
1528 4073 1653 4138 oueelso
1680 4073 2030 4160 saepesaepe-nouere
2059 4075 2142 4160 quod
2164 4075 2335 4160 figuratum
2359 4085 2405 4144 002
2425 4089 2513 4142 rieures
2534 4087 2559 4130 in

1450 4179 1480 4244 in
1510 4177 1673 4262 Evangelio
1700 4179 1731 4244 in
1756 4179 1857 4246 tribus
1884 4179 2052 4264 generibus
2078 4181 2277 4266 sequentinm
2303 4183 2405 4250 Domi·
2430 4141 2553 4196 Emfflm'

1430 4303 1535 4366 num.
1562 4285 1746 4370 Sequuntur
1770 4285 1938 4352 Dominum
1961 4285 2403 4372 turbae—'disciputi--et

1450 4389 1613 4474 Apostoli:
1651 4391 1757 4456 urtoe
1778 4409 1835 4476 per
1853 4391 1959 4476 pleno
1981 4391 2219 4460 incredulorum
2225 4415 2238 4470 ,·
2260 4395 2406 4462 llattbaei

1449 4499 1559 4562 octavo
1572 4495 1613 4558 ¹2:
1636 4493 1746 4562 «Cum
1763 4493 1970 4562 descendisset
1988 4497 2072 4562 lesus
2086 4495 2126 4562 de
2141 4503 2260 4578 monte,
2281 4505 2406 4566 secutae

1449 4605 1523 4666 sunt
1538 4617 1611 4666 cum
1633 4599 1745 4666 turbae
1761 4601 1920 4668 multae».
1936 4601 2139 4686 —Discipuli
2155 4619 2211 4686 per
2228 4611 2405 4682 2002220220·

1448 4709 1548 4772 Lucae
1566 4705 1713 4790 trigesimo
1730 4707 1884 4772 secundo:
1909 4707 2088 4790 «Egressus
2105 4709 2191 4774 lesus
2213 4707 2277 4774 ibat
2294 4727 2404 4778 secun·

1448 4811 1805 4878 duurcousnetndinem
1829 4829 1917 4878 suam
1942 4813 1973 4878 in
1991 4819 2129 4880 reontem
2152 4811 2332 4894 Olirarem3
2359 4835 2405 4882 00-

1448 4917 1512 4984 0022
1529 4923 1602 4982 02202
1619 4922 1724 4984 antem
1743 4935 1817 4984 eum
1838 4919 1982 5002 discipuli
2006 4919 2074 4984 eius
2085 4945 2117 4984 ».
2131 4955 2173 4968 -·
2190 4921 2323 5004 Apostoli
2349 4941 2405 5006 per

1448 5021 1574 5088 00200200
1594 5021 1944 5108 supererogationem,·
1966 5017 2110 5090 2202222002
2135 5023 2254 5092 decimo
2276 5045 2360 5092 0000
2375 5033 2406 5094 02

1401 5133 1403 5138 “
1448 5127 1539 5194 220202
1569 5127 1689 5194 decimo
1715 5135 1747 5194 et
1772 5129 1875 5196 Lucae
1899 5129 2019 5196 decimo
2046 5135 2169 5198 octavo:
2201 5131 2324 5214 «Ecce,
2348 5151 2406 5200 000

1448 5233 1637 5318 reliquimus
1658 5233 1763 5300 omnia
1792 5243 1824 5300 02
1846 5235 1944 5302 000022
1968 5253 2079 5302 semus
2104 5241 2134 5302 te
2154 5261 2186 5302 0.
2203 5237 2329 5318 Primi,
2355 5239 2405 5306 iu-

1448 5339 1620 5424 septenus:
1636 5339 1781 5418 secundi,
1795 5339 2019 5426 proficientes,-
2036 5341 2132 5422 tertii,
2144 5339 2292 5426 2002222022.
2311 5345 2404 5412 Primi

1448 5453 1628 5532 sequuntur
1643 5447 1731 5532 qnasi
1756 5465 1813 5532 per
1828 5447 1940 5526 cium:
1955 5447 2098 5526 secundi,
2124 5447 2213 5534 quasi
2231 5465 2286 5534 per
2309 5451 2405 5516 semi-

1449 5561 1537 5630 20220·
1563 5553 1660 5630 tertii,
1685 5551 1772 5638 quasi
1797 5571 1854 5638 per
1879 5551 2118 5636 compe-tutione.

1535 5661 1567 5724 2.
1590 5657 1672 5726 Dicit
1694 5675 1786 5744 ergo:
1820 5657 2012 5746 Sequuntur
2033 5679 2083 5726 uae
2108 5677 2180 5726 cum
2209 5659 2317 5726 turbis
2347 5681 2404 5748 per
2427 5673 2568 5738 ,Detumo

2426 5741 2447 5770 222
2460 5741 2496 5770 Via
2510 5739 2571 5770 mall·

1447 5763 1606 5848 planitiem
1629 5765 1863 5844 mandatorum,
1886 5771 1918 5832 et
1941 5765 2001 5832 boc
2023 5765 2205 5850 tripliciter:
2230 5783 2286 5852 per
2306 5765 2403 5854 222020
2425 5781 2571 5876 qqqqroi·

1447 5867 1478 5934 in
1496 5869 1668 5948 intellectu;
1684 5869 2028 5954 tertiiRegumdecimo
2045 5873 2200 5952 00202013,
2213 5873 2403 5942 2020022200
2423 5847 2502 5932 irruo·

1518 6195 1529 6228 ⁸
1548 6201 1623 6252 Vere.
1642 6201 1672 6264 33
1692 6199 1811 6266 sequitur
1827 6213 1854 6250 r.
1874 6197 1897 6252 2.

1518 6283 1530 6316 ⁹
1548 6287 1641 6340 Psalm.
1658 6287 1707 6350 to,
1728 6287 1753 6340 2.

1519 6371 1542 6404 ¹⁰
1562 6375 1636 6428 Vere.
1656 6373 1699 6426 tt.

1518 6459 1539 6490 ¹¹
1562 6461 1653 6514 Psalm.
1676 6461 1740 6524 223,
1760 6461 1804 6514 23.
1820 6489 1856 6502 -·
1876 6461 1999 6530 Sequitur
2016 6461 2115 6514 Cautio.
2135 6461 2166 6526 2,
2186 6463 2210 6514 2.

1518 6545 1540 6578 ¹²
1562 6549 1635 6602 Pers.
1649 6549 1674 6600 l.
1688 6577 1722 6588 -
1736 6551 1853 6614 Quattuor
1867 6563 1941 6616 seqq.
1952 6549 2002 6602 loci
2021 6555 2080 6602 suut
2100 6551 2163 6602 2220.
2182 6551 2231 6614 22,
2250 6551 2298 6620 393
2317 6553 2403 6608 22202222.

1448 6641 1495 6708 29,
1514 6639 1566 6702 at,
1584 6635 1662 6690 22020.
1686 6639 1731 6700 to,
1751 6639 1794 6690 28.
1814 6643 1838 6690 02
1857 6641 1920 6690 Luc.
1940 6637 1988 6700 l8‚
2006 6637 2050 6690 28.

1518 6721 1541 6754 ¹³
1561 6725 1635 6778 Pers.
1654 6725 1684 6776 22
1695 6741 1701 6792 ;
1721 6725 1784 6780 ibid.
1807 6725 1852 6788 22,
1874 6727 1897 6778 8.
1916 6729 1956 6778 est
1974 6739 2028 6792 seq.
2048 6725 2130 6780 200220.
