5916 8276
1160 571 1353 638 COMMENT.
1375 573 1415 638 IN
1437 571 1706 640 ECCLESIASTEN
1728 573 1759 638 C.
1785 573 1804 638 l.
2440 577 2468 640 e

495 767 542 830 bis
563 761 738 826 dumtaxat,
758 767 843 830 quae
861 763 919 810 oon
940 743 1128 808 multumab
1151 743 1308 808 Hebraicis
1337 745 1449 808 discre-

495 857 615 942 pabant.
645 847 798 910 interdurn
829 841 958 922 Aquilae
992 857 1116 920 utroque
1151 849 1180 902 cl
1210 841 1383 920 Symmaohr
1418 849 1447 902 et

438 1013 441 1016 .
494 945 707 1016 theodotionis
736 939 915 1004 recordatus
940 953 1024 1010 sum,
1047 943 1079 998 ut
1109 953 1165 998 uec
1192 937 1325 1012 novitate
1354 937 1446 1000 nimia

494 1045 617 1114 lectoris
635 1039 770 1108 studium
794 1033 995 1122 deterrerem:
1016 1049 1072 1096 uec
1095 1049 1216 1096 rursum
1244 1039 1352 1100 contra
1379 1053 1448 1098 eon-

494 1139 648 1208 scientiam
671 1131 786 1206 meam,
808 1133 888 1192 ionic
911 1131 1046 1192 veritatis
1066 1131 1194 1204 omisso,
1217 1131 1394 1212 opinionum
1407 1133 1446 1202 ,ri-

494 1241 579 1306 vulos
600 1229 822 1322 consectarer¹¹

744 1399 907 1464 Eurosuvo
929 1415 1024 1464 nurus
1049 1397 1188 1466 pnonoov.

580 1595 657 1662 Huic
680 1591 759 1658 libro
774 1587 944 1676 praemittit
969 1595 1096 1656 sanctus
1111 1589 1315 1676 Hieronymus
1336 1593 1446 1658 prooe-

494 1703 609 1778 mium,
632 1697 666 1764 in
688 1715 751 1780 quo
775 1693 876 1778 primo
890 1693 1066 1762 manifestat
1082 1697 1235 1762 motivum
1256 1697 1297 1762 ad
1317 1697 1446 1764 transie-

494 1805 636 1876 rendum.
662 1799 803 1868 Secundo
836 1799 1022 1866 determinat
1056 1801 1266 1868 translationis
1299 1803 1446 1882 modum,

494 1913 553 1982 ibi:
576 1907 646 1976 Hoc
671 1905 807 1972 breviter
830 1905 1017 1972 cdmomrm.
1044 1901 1045 1904 ’

581 2015 684 2082 Prima
705 2029 780 2096 pars
803 2011 896 2079 babet
914 2018 978 2080 tres
999 2017 1114 2096 partes
1135 2011 1239 2078 primo
1259 2011 1350 2094 dicit,
1370 2013 1447 2100 quid

364 2111 486 2200 iim..
494 2123 590 2192 movit
613 2135 685 2186 eum
705 2117 747 2184 ad
774 2117 1001 2198 inchoandum,
1026 2117 1142 2186 scilicet
1169 2117 1350 2186 intercessio
1376 2137 1446 2186 san-

338 2161 465 2216 translationi

1511 753 1580 814 ctae
1604 747 1750 816 Blesillae.
1770 749 1973 818 -Secundo
1992 751 2108 836 tangit,
2132 749 2210 836 quid
2239 749 2401 834 impedivit
2429 749 2469 816 ad

1511 851 1735 936 differendum,
1751 855 1869 924 scilicet
1892 873 1979 922 mors
1993 855 2152 936 eiusdem,
2168 855 2225 920 ibi:
2242 855 2373 942 ltaque,
2391 873 2470 940 quo·-

1509 957 1606 1022 rviom
1631 959 1669 1024 iu
1691 959 1867 1046 procincto
1891 967 1949 1028 etc.
1976 995 2017 1010 -
2042 961 2164 1040 Tertio,
2197 957 2284 1046 quid,
2302 959 2401 1026 movit
2429 959 2468 1032 ad

1511 1063 1807 1142 consummandum,
1832 1065 1950 1132 seilicet
1972 1073 2004 1132 et
2033 1067 2101 1134 eius
2132 1065 2342 1142 memoriast
2371 1063 2469 1130 inter·

1510 1167 1608 1234 cessio
1632 1169 1790 1246 Eustochii
1817 1175 1848 1236 et
1865 1169 1993 1248 Paulae,
2006 1195 2007 1204 .
2020 1171 2079 1240 ibi:
2102 1173 2200 1238 Navae
2226 1171 2264 1238 ire
2286 1165 2467 1238 Bethlehem

1392 1337 1393 1340 ,
1505 1273 1637 1358 positus
1656 1277 1727 1340 etc.-

1600 1379 1669 1444 Hoc
1703 1379 1843 1448 breuiter
1877 1379 2066 1448 admonens.
2103 1385 2157 1452 llic
2188 1385 2328 1470 tangitur
2344 1383 2467 1460 wmodus
2481 1395 2634 1494 Migipnffpss·

1510 1485 1732 1566 transferendi,
1755 1493 1788 1550 et
1809 1485 1914 1568 primo
1934 1485 2063 1568 ponitur
2085 1489 2222 1568 molius,
2246 1487 2362 1556 scilicet
2384 1489 2468 1574 quod

1510 1607 1568 1658 nec
1592 1589 1718 1658 omnino
1739 1589 1884 1658 convenit
1914 1607 1986 1658 crum
2010 1591 2079 1658 aliis
2108 1611 2166 1658 neo
2186 1595 2315 1658 omuino
2345 1593 2466 1674 differt,

1510 1697 1620 1774 immo,
1636 1695 1668 1760 in
1684 1695 1801 1780 quibus
1823 1697 1925 1780 potuit
1940 1695 2023 1772 bono
2044 1697 2154 1778 modo,
2177 1715 2231 1764 eos
2249 1703 2296 1780 est
2317 1699 2466 1766 imitatus

1510 1800 1653 1870 Secundo
1676 1801 1878 1886 subiungitur
1902 1801 2006 1880 ratio,
2031 1803 2148 1870 scilicet
2169 1805 2230 1868 ibi:
2261 1805 2299 1870 dr
2324 1823 2380 1870 uec
2409 1823 2468 1872 oo-

1394 1933 1395 1938 *
1508 1907 1609 1974 oilcte
1629 1907 1738 1974 nimio
1761 1913 1819 1974 cto.
1845 1907 1881 1974 lit
1904 1913 1952 1974 est
1975 1907 2073 1986 ratio,
2097 1909 2171 1994 quia
2203 1912 2331 1976 secutus
2357 1915 2405 1976 est
2434 1909 2466 1976 in

1509 2011 1685 2098 aliquibus
1709 2029 1748 2078 ne
1772 2011 1932 2080 videretur
1956 2013 2083 2078 nimiam
2110 2015 2254 2098 ingerere
2277 2013 2464 2094 novitalcm;

1509 2135 1567 2186 nec
1592 2117 1718 2186 omnino
1740 2125 1886 2200 secutae,
1911 2135 1950 2186 ne
1972 2117 2130 2186 desereret
2154 2121 2317 2186 veritatem
2331 2121 2352 2184 2.

1218 2587 1744 2722 commaneamus

884 2923 977 3058 vn
1030 2923 1370 3060 cronon
1421 2923 2072 3060 nonnusmsuus
2209 2927 2211 2930 ·
2293 2903 2294 2906 Ὗ

1366 3285 1548 3352 Carnorum
1572 3287 1593 3350 l.
1683 3341 1684 3344 ,

586 3693 687 3760 Verbo
713 3691 927 3758 Ecclesiootoe
956 3697 1014 3758 eto.
1045 3691 1104 3758 isle
1125 3691 1230 3758 totalis
1259 3691 1339 3758 liber
1364 3691 1443 3758 divi-

335 3803 481 3902 Dfflpsigigpr
490 3801 573 3868 ditur
597 3801 629 3866 in
660 3795 726 3866 tres
746 3803 868 3882 parles:
892 3797 925 3862 in
947 3797 1080 3864 titulum
1104 3795 1169 3864 sive
1190 3799 1385 3880 prooemium
1413 3803 1443 3864 et

492 3913 690 3986 tractaturo,
706 3903 760 3990 qui
776 3903 885 3988 incipit
900 3903 941 3970 ibi
954 3905 986 3970 ³:
1010 3903 1147 3970 Vomitus
1165 3903 1353 3970 vanitatum
1367 3909 1441 3984 eto:

492 4017 522 4080 et
545 4009 801 4098 epilepsimpui
821 4007 931 4094 incipit
957 4007 1014 4076 ibi:
1046 4007 1188 4096 Cumque
1212 4013 1293 4074 esset
1311 4009 1443 4094 supien-

491 4115 636 4184 tissimus
662 4115 878 4184 protestantes.
901 4149 944 4184 -,-
967 4115 999 4180 ln
1024 4115 1114 4180 tilulo
1136 4113 1354 4182 manifestatur
1376 4115 1442 4204 epi-

491 4221 594 4304 ciem,
611 4223 642 4288 in
660 4225 795 4290 tractatu
809 4217 954 4286 matario
971 4227 1001 4286 et
1015 4217 1145 4306 forino,
1170 4219 1202 4286 in
1218 4217 1338 4304 epilogo
1353 4217 1441 4308 riuis.

872 4433 920 4496 Du
941 4451 1059 4502 rvvuuo.

578 4643 1444 4732 (Vers.l.).lntituloigiturmaniiestaturauctorquan·

359 4745 472 4802 Epeir-
492 4757 557 4818 tum
572 4753 612 4820 ad
626 4751 837 4838 sapientium,
854 4757 1007 4836 quantum
1028 4751 1066 4818 ad
1082 4751 1272 4830 bonitatem,
1289 4757 1443 4836 quantum

334 4847 474 4950 pffiffip·
490 4857 528 4922 ad
549 4859 677 4946 replum
694 4863 893 4944 potestatem.
912 4893 954 4904 -
971 4857 1098 4924 ilatione
1118 4855 1300 4942 supientiae
1322 4857 1440 4924 diciti:

495 4961 599 5034 Verbo
629 4963 863 5042 Ecclesiastue,
890 4963 1023 5048 supple:
1050 4979 1130 5048 qrvae
1161 4969 1339 5048 sequuntur
1369 4967 1469 5030 suut¹
1514 5011 1516 5014 -

489 5069 584 5138 verba
599 5069 813 5150 ecclesiastae
830 5067 906 5154 quia
920 5067 1117 5136 Ecclesiastes
1135 5067 1250 5134 dicitur
1271 5069 1443 5136 concionu-

490 5179 551 5252 tor,
577 5183 609 5244 et
633 5177 833 5242 concionator
848 5191 915 5240 esse
937 5191 999 5240 non
1016 5178 1134 5258 potest,
1159 5171 1219 5240 nisi
1238 5171 1280 5240 sit
1301 5173 1441 5260 sapiens:

490 5279 562 5362 quia
578 5283 693 5350 dicitur
711 5279 952 5348 proverbiorum
968 5279 1117 5366 vigesimo
1132 5285 1237 5346 sexto:
1255 5279 1443 5362 «Quomodo

490 5383 514 5450 si
530 5393 675 5456 nascatur
698 5387 788 5473 spina
802 5387 835 5452 in
851 5403 947 5452 manu
971 5385 1150 5464 temulenti,
1171 5385 1216 5450 sic
1235 5383 1380 5452 indecens
1397 5389 1443 5450 est
1509 5453 1510 5456 ,

489 5487 518 5552 in
542 5509 597 5560 ore
619 5495 789 5560 stultorum
812 5489 960 5576 parabola
976 5515 1006 5570 v;
1025 5489 1108 5558 unde
1129 5489 1373 5556 proverbiorum
1389 5489 1442 5556 de-

488 5593 566 5662 cimo
598 5599 744 5684 septimo:
775 5625 792 5658 «
806 5597 871 5666 Non
894 5597 1005 5664 decent
1036 5595 1168 5662 stultum
1191 5593 1287 5660 verba
1316 5611 1440 5678 compo-

557 5973 565 6004 ¹
585 5981 660 6038 Hunc
672 5987 813 6052 prologum
828 5981 1041 6050 transcripsimus
1057 5997 1089 6036 ex
1106 5981 1221 6036 editione
1238 5981 1357 6036 Vallarsii
1376 5981 1442 6048 Ope·

487 6073 546 6116 rum
564 6069 591 6122 s.
608 6071 775 6138 Hieronymi,
794 6077 858 6126 om.
875 6057 915 6124 iu.
932 6074 982 6126 eor.
999 6071 1060 6124 asa.

557 6149 567 6182 ²
586 6157 646 6210 Post
665 6161 735 6212 bunc
752 6161 779 6212 in
798 6161 938 6224 prologum
957 6159 1108 6224 Hieronymi
1124 6157 1367 6212 commentariolum
1381 6159 1441 6212 cod.

488 6235 505 6286 E
524 6239 642 6308 adiungit
660 6247 740 6300 alium
757 6249 836 6314 longe
854 6247 994 6314 maiorem3
1013 6261 1094 6316 quem
1106 6259 1167 6300 curn
1179 6245 1366 6302 contulerimus
1379 6261 1440 6300 cum

487 6333 672 6386 commentario
689 6333 787 6400 scripto
805 6349 820 6386 a
838 6337 878 6388 Fr.
899 6335 1026 6388 Gulielmo
1043 6335 1149 6388 Britone
1161 6335 1224 6388 Ord.
1235 6335 1295 6386 lllin.
1308 6335 1364 6404 (qui
1377 6335 1440 6388 vixit

486 6413 577 6468 eadem
596 6425 692 6488 aetate,
711 6437 764 6490 qua
785 6425 808 6476 S.
827 6425 1024 6488 Bonaveutma,
1042 6429 1068 6476 et
1085 6437 1177 6476 omnes
1195 6423 1321 6486 prologos
1341 6427 1366 6476 S.
1384 6425 1440 6476 ilio

485 6505 588 6566 ronvmi
608 6507 633 6558 in
652 6507 732 6564 libros
750 6511 901 6578 Scripturas
920 6515 1109 6564 commentatus
1127 6509 1191 6578 est),
1215 6509 1377 6574 invenimuS,
1397 6525 1440 6564 co-

487 6583 570 6642 dicem
589 6593 662 6648 illum
680 6597 802 6652 exhibere
820 6605 904 6652 totum
923 6601 1049 6664 scripturn
1061 6599 1188 6664 praedicti
1200 6597 1333 6662 Gulielmi,
1352 6605 1440 6652 tamon

486 6683 591 6732 auctum
614 6683 746 6738 additione
764 6687 878 6752 plurium
898 6689 1015 6742 locorum
1035 6703 1055 6740 s.
1079 6685 1236 6752 scripturae.
1252 6713 1290 6726 -
1306 6687 1370 6740 ltcm
1393 6703 1441 6740 no·

486 6767 584 6834 mmsis,
603 6773 676 6836 quod
692 6773 771 6826 etiam
791 6775 850 6828 cod.
867 6775 888 6828 Α
907 6775 996 6830 verbis
1010 6777 1035 6830 S.
1048 6775 1245 6828 lionaventurae
1258 6773 1301 6826 bic
1313 6777 1441 6830 interserit

485 6851 668 6914 explicationes
679 6865 780 6914 sumtus
791 6875 821 6914 ex
834 6863 928 6914 eodem
941 6863 1077 6916 Gulielmo.
1091 6863 1161 6916 idern
1174 6863 1233 6916 cod.
1251 6863 1274 6916 A
1286 6865 1384 6928 passim
1397 6863 1440 6918 ad·

528 6975 529 6978 ¹
590 6961 691 7018 Bonae.
710 6965 787 7020 8.-
800 6967 877 7022 Tovn.
896 6969 939 7022 Vl.

1505 3693 1611 3758 sita».
1629 3695 1848 3778 -Quantum
1874 3693 1914 3760 ad
1937 3693 2109 3788 bonitatem
2138 3695 2364 3772 manifestatur,
2394 3713 2466 3760 cunr

1505 3797 1635 3864 dicitur:
1659 3799 1739 3866 Filii
1760 3799 1876 3866 Dooid.
1902 3797 1998 3866 David
2019 3799 2102 3866 enim
2117 3805 2244 3866 sanctus
2260 3799 2334 3880 luit,
2350 3807 2381 3866 et
2397 3799 2466 3866 irni-

1507 3903 1631 3968 tationis
1655 3903 1710 3968 lilii
1740 3905 1953 3986 sanctisunt:
1985 3903 2068 3972 unde
2095 3905 2128 3970 in
2159 3905 2322 3990 Scriptura
2351 3901 2465 3972 nomen

1505 4015 1554 4076 est
1589 4009 1787 4094 benignitatis
1808 4017 1840 4076 et
1874 4009 2137 4092 mansuetudInis;
2165 4011 2311 4078 llatthaei
2345 4011 2466 4078 decimo

1505 4115 1660 4202 quinto⁵z
1689 4143 1706 4176 a
1721 4117 1866 4184 lliserere
1898 4117 1974 4196 mei,
1997 4115 2041 4183 fili
2066 4117 2215 4184 David».
2239 4157 2283 4168 -
2306 4119 2463 4204 Quantum

1505 4221 1545 4288 ad
1568 4221 1697 4308 repiom
1717 4229 1921 4308 potestatem,
1946 4241 2019 4290 cum
2041 4223 2173 4290 dicitur:
2204 4223 2300 4310 liepis
2332 4223 2465 4290 lerevsc-
2542 4209 2544 4214 ¹

1506 4327 1587 4406 tem,
1610 4325 1685 4412 quio
1701 4327 1868 4396 Ierusalem
1885 4327 2166 4396 nobilissimascrat
2181 4327 2290 4396 civitas
2314 4335 2345 4394 el
2369 4329 2465 4396 totius

1506 4431 1596 4516 regni
1617 4431 1824 4518 principium,
1849 4433 1971 4526 initui:
1991 4433 2064 4518 'Epo
2093 4433 2300 4516 Ecclesiastes
2324 4431 2380 4520 sui
2405 4451 2465 4498 ror

1508 4535 1614 4604 lsroci
1636 4537 1671 4604 iu
1695 4539 1892 4618 ierusalem,
1915 4537 1989 4622 quia
2012 4537 2054 4604 ibi
2079 4539 2217 4606 maxime
2243 4537 2436 4604 morabatur.

1868 4751 2097 4834 anusrvouas
2174 4743 2175 4746 ’

1596 4961 1615 5028 l.
1643 4961 1749 5030 incidit
1773 4961 1824 5028 bic
1844 4961 1999 5048 quaestio:
2024 4979 2096 5028 cum
2120 4961 2264 5028 Salomon
2287 4967 2351 5028 tres
2367 4961 2463 5028 libros

1505 5067 1632 5144 iecerit,
1657 5067 1816 5150 quidest,
1841 5065 1924 5150 quod
1953 5065 2033 5132 libro
2063 5067 2304 5134 proverbiorum
2328 5071 2358 5132 et
2389 5067 2463 5134 buir-

1505 5173 1678 5260 praemittit
1703 5175 1847 5252 titulum,
1869 5173 1981 5258 inquo
2004 5161 2195 5256 exprimitur
2216 5189 2330 5240 nomeu
2352 5189 2462 5252 suum,

1506 5279 1560 5346 sed
1584 5297 1647 5344 non
1668 5277 1842 5360 praemittit
1863 5277 1897 5344 in
1915 5277 2048 5344 Canticis
2070 5279 2285 5346 canticorum?

1595 5383 1791 5468 despondeo:
1815 5381 1996 5462 dicendum,
2021 5383 2104 5470 quod
2128 5385 2159 5450 iu
2174 5383 2256 5450 libro
2279 5383 2463 5450 proverbio·
2480 5405 2544 5462 nesp.

1506 5507 1579 5554 rum
1595 5487 1803 5554 introducitur
1828 5487 1894 5572 ipse
1910 5487 2052 5554 Salomon
2064 5479 2066 5482 ’
2077 5489 2208 5572 loquens
2226 5495 2263 5554 ut
2286 5489 2408 5572 sapiens
2423 5491 2462 5556 ari

1503 5591 1711 5676 discipulum:
1735 5591 1818 5660 unde
1843 5597 1931 5660 vocal
1959 5591 2134 5660 auditorem
2160 5591 2288 5678 filium:
2319 5593 2460 5662 similiter

1504 5981 1543 6032 dit
1554 5979 1650 6032 multas
1667 5977 1894 6044 interpolationes,
1906 5977 1985 6030 etiarn
1998 5975 2129 6042 longiores
2137 5983 2149 6040 ,·
2162 5977 2333 6044 depromptas
2345 5979 2460 6044 plerum·

1504 6083 1557 6136 que
1570 6083 1601 6122 ex
1613 6065 1805 6122 Commentario
1819 6065 1938 6130 Hugonis
1958 6077 1972 6116 a
1991 6065 2018 6116 S.
2030 6063 2114 6118 Charo
2133 6067 2159 6118 in
2177 6065 2355 6132 Ecclesiasten,
2367 6067 2409 6118 vel
2428 6081 2459 6120 es

1503 6159 1596 6212 Glossa
1607 6155 1746 6210 ordinaria.
1760 6153 1836 6206 plura
1847 6155 1882 6208 de
1900 6153 1941 6206 bis
1959 6153 1985 6206 in
2004 6155 2200 6220 prolegomenis
2216 6153 2312 6206 nostris
2329 6153 2460 6208 dicuntur.

1574 6241 1668 6308 ³Cap.
1687 6245 1718 6310 1,
1736 6245 1762 6296 2.
1781 6243 1905 6308 Epilogus
1923 6239 2042 6310 Cumque
2060 6247 2127 6298 esset
2145 6249 2195 6296 etc.
2213 6247 2252 6294 est
2270 6255 2293 6292 c.
2314 6241 2361 6304 li,
2381 6241 2406 6294 9.

1510 6363 1512 6366 -
1574 6329 1587 6362 ⁴
1604 6331 1667 6398 Cep.
1682 6331 1690 6382 l
1704 6369 1712 6396 ,
1726 6333 1735 6384 l
1748 6347 1755 6384 :
1770 6329 1856 6382 Verba
1868 6329 2050 6394 Ecclesiastae,
2064 6331 2109 6384 lilii
2121 6329 2214 6392 David,
2226 6329 2298 6394 regis
2309 6329 2457 6382 ierusalem.

1502 6449 1539 6470 ..-
1555 6423 1613 6474 Duo
1633 6433 1709 6486 seqq.
1725 6419 1776 6472 loci
1792 6423 1853 6472 sunt
1870 6419 1950 6472 prov.
1967 6419 2016 6486 26,
2034 6419 2058 6470 9.
2080 6419 2202 6488 (Vulgata
2214 6415 2315 6476 ,omittit
2336 6413 2458 6472 dedecens

1503 6509 1551 6576 ost)
1572 6515 1598 6560 et
1616 6507 1650 6560 li
1658 6547 1664 6572 ,
1682 6505 1710 6560 7.
1727 6505 1919 6572 Observamus‚
1938 6505 2012 6572 quod
2030 6505 2056 6556 iu
2075 6505 2235 6572 expositione
2253 6509 2337 6558 textus
2348 6519 2400 6558 non
2413 6519 2458 6572 po·

1502 6599 1602 6652 ruimus
1619 6593 1731 6648 retinere
1749 6593 1855 6648 solitum
1873 6607 1989 6656 morem,
2009 6591 2092 6648 verba
2104 6593 2253 6658 Scripturas
2264 6591 2353 6648 litteris
2366 6593 2457 6648 italicis

1503 6683 1683 6752 exprimendi;
1703 6681 1816 6750 alioquin
1835 6681 1961 6748 expositio
1978 6695 2031 6736 non
2048 6677 2115 6734 bene
2134 6681 2337 6746 distingueretur
2349 6697 2364 6734 a
2378 6687 2457 6736 textu.

1574 6769 1679 6824 ⁵llers.
1699 6773 1746 6824 22:
1768 6769 1971 6836 misereremei,
1990 6769 2114 6836 Domine,
2134 6769 2168 6824 lili
2187 6771 2280 6826 David.

1575 6857 1669 6926 ⁰Cap.
1688 6859 1718 6924 l,
1737 6859 1781 6914 12.

2334 6965 2349 7016 b
