5926 8276
345 961 347 966 ·
432 949 537 994 ducendo.

584 601 648 666 bili

416 793 441 838 ευ
451 791 565 856 cosumm-
581 775 660 862 lepis
683 775 817 844 divinae
830 775 943 842 liberat
957 791 1084 840 causam
1100 771 1133 836 in
1146 769 1263 856 foram
1273 781 1275 786 ’
1286 749 1538 836 misericordiae

432 843 565 942 {XXXX
581 879 776 948 deducendo.
802 881 933 946 Accusat
962 879 1047 944 enlin
1071 877 1125 942 len
1154 875 1260 942 divina
1291 871 1463 940 secundum
1488 867 1538 956 fo-

583 1003 660 1050 rnm
686 983 851 1062 institiae,
878 985 931 1050 secl
954 991 1056 1050 cessat
1077 981 1162 1066 rigor
1187 979 1340 1056 iustitiae,
1367 975 1538 1042 pumileas

581 1091 713 1158 absolvit
737 1091 768 1156 in
790 1087 868 1174 soro
890 1087 1146 1156 misericordiae.
1175 1085 1221 1150 Sic
1247 1081 1389 1152 liberavit
1418 1081 1538 1148 adulte-

583 1195 779 1272 camisam,
806 1213 900 1280 quam
925 1193 1025 1260 ludaei
1061 1191 1249 1258 accusabant
1276 1187 1449 1258 secundum
1484 1189 1538 1252 Le-

581 1319 651 1386 gem
683 1301 858 1368 dicentesl:
888 1301 1041 1384 «Moyses
1065 1297 1223 1382 praecepit
1248 1293 1430 1362 huiusmodi
1461 1291 1538 1378 lapi-

581 1407 655 1480 dare
671 1433 702 1472 a.
725 1405 872 1474 Christus
893 1413 1016 1484 aulem,
1042 1403 1191 1472 convictis
1205 1399 1460 1478 accusatoriam,
1485 1397 1538 1464 de*

581 1511 675 1578 duxit
698 1529 822 1578 causam
846 1511 880 1576 in
901 1509 1017 1596 foram
1042 1509 1292 1576 misericordiae
1320 1507 1443 1574 dicens:
1472 1503 1539 1570 Nec

440 1633 554 1680 ‘oratorum
581 1637 639 1704 epo
670 1627 699 1684 te
726 1615 956 1684 condemnabo.
989 1653 1028 1666 -
1058 1615 1100 1680 lb
1125 1615 1321 1682 accusatione
1357 1609 1539 1678 diabolicae

432 1693 729 1790 pros‹iif'ffiu'naaiitiae
764 1723 876 1790 liberat
905 1723 1075 1788 diabotnm
1106 1723 1350 1816 prosternendo.
1390 1717 1539 1784 Diabolus

575 1831 663 1894 ‘enim
688 1847 726 1896 ex
753 1827 943 1912 malignitate
964 1831 1110 1906 accusat,
1133 1832 1164 1893 et
1187 1825 1256 1892 ideo
1279 1831 1325 1892 est
1350 1823 1449 1906 magis
1464 1839 1538 1906 pro-

581 1935 768 2002 sternendus
791 1933 1101 2026 quemammodum
1127 1933 1209 2000 unde
1234 1929 1433 2016 apocalypsis
1457 1927 1537 1994 duo-

580 2041 723 2108 εῖθῖῖεεεθ2
748 2033 894 2106 laudatur
919 2041 1084 2118 Dominus,
1116 2041 1217 2124 «qula
1234 2039 1392 2124 proiectus
1417 2041 1463 2102 est
1487 2051 1538 2100 ac-

581 2155 706 2214 cusator
738 2149 872 2214 fratrum
902 2153 1103 2224 nostrornm,
1127 2147 1181 2230 qui
1208 2143 1375 2212 accusabat
1394 2159 1446 2206 ens
1466 2149 1539 2206 ante

581 2259 780 2340 conspectum
806 2253 861 2320 Dei
884 2253 935 2320 die
956 2273 993 2320 ac
1014 2259 1107 2320 nocte
1124 2279 1152 2316 ».

953 2485 1100 2536 aurorane
1121 2481 1160 2534 33.

673 2677 771 2758 (Mers.
802 2673 876 2756 tt).
903 2675 968 2758 Epo
993 2649 1068 2738 sanc
1092 2671 1151 2736 iar
1177 2671 1304 2736 scandi.

670 2779 805 2866 Reperire
827 2797 924 2864 supra
947 2777 1083 2862 capitulo
1105 2777 1206 2860 primo
1220 2777 1233 2816 ³
1249 2777 1286 2842 cle
1304 2779 1386 2854 luce,
1403 2777 1537 2844 Christo.

908 2985 1209 3060 COLLATlllXxxll'.

671 3205 769 3292 (Mers.
800 3205 876 3284 ⁹26).
902 3203 969 3286 Qui
992 3201 1081 3268 ntisit
1105 3221 1154 3266 me
1178 3221 1281 3268 aaran
1306 3211 1360 3268 est.

674 3315 700 3376 l.
724 3309 907 3376 Veneranda
932 3315 978 3374 θεῖ
1001 3307 1107 3374 εεεῖεεῖθ
1131 3307 1302 3374 salvatoris
1319 3313 1449 3392 propter
1466 3309 1536 3374 tria.
1588 3363 1589 3366 ,

432 3439 505 3502 lassa
522 3419 664 3484 sal-Solet
688 3417 768 3484 enim
793 3415 935 3480 vallerari
950 3413 1069 3480 donum
1093 3415 1142 3478 rel
1165 3419 1295 3496 propter
1316 3411 1539 3478 accedentiam

416 3499 706 3610 lillibitanae,
720 3521 769 3588 vet
782 3527 910 3604 prolator
927 3517 1146 3586 accedentiam
1164 3519 1328 3598 latnneris,
1347 3517 1395 3584 vel
1409 3527 1539 3604 propter

417 3607 519 3646 ‘mm'
581 3629 798 3714 indipentiom
829 3625 1025 3710 recipientis.
1054 3625 1248 3708 -Propter
1279 3625 1361 3692 hanc
1383 3619 1539 3710 triplicem

464 3757 527 3802 nata
543 3757 564 3802 r.
582 3733 736 3800 rationem
760 3729 937 3796 reraeranda
959 3738 1006 3796 est
1022 3727 1129 3796 missio
1153 3729 1330 3796 Salvatoris.
1349 3731 1479 3814 Magnus
1493 3735 1541 3796 est

551 3839 641 3926 ¹aad
671 3837 789 3914 restittit,
821 3837 902 3902 Deus
935 3835 1043 3914 Patec;
1067 3835 1189 3900 loannis
1220 3841 1328 3902 octavo
1342 3835 1373 3900 4:
1412 3861 1426 3894 «
1447 3835 1539 3902 Solus

465 3967 528 4012 nata
543 3969 564 4012 a.
581 3963 645 4012 non
670 3963 753 4022 suna,
770 3943 822 4008 sed
840 3961 896 4028 ego
922 3943 1020 4026 etqui
1046 3939 1128 4006 nisit
1144 3957 1209 4018 me,
1236 3943 1323 4008 Pater
1341 3969 1371 4004 a.
1388 3979 1431 3988 -
1448 3942 1539 4018 ltem,

581 4069 714 4136 magnus
739 4055 784 4116 est
808 4049 867 4136 pici
887 4047 1049 4126 mittitur,
1073 4047 1191 4114 scilicet
1214 4047 1266 4114 Dei
1285 4047 1393 4126 Filium
1420 4045 1457 4112 θεῖ
1482 4047 1540 4112 Ga-

582 4159 660 4222 latas
683 4159 813 4240 quarto:
843 4183 860 4212 «
875 4153 954 4222 Misit
980 4157 1063 4220 Deus
1089 4153 1199 4218 Filium
1226 4171 1318 4220 suum
1352 4153 1466 4218 lactum
1497 4171 1539 4218 ex

464 4285 528 4330 ailla
543 4285 564 4330 θ.
583 4261 735 4340 muliere,
758 4257 875 4324 factum
896 4259 956 4324 sco
973 4261 1053 4342 lege
1068 4283 1098 4322 r.
1121 4295 1163 4306 --
1185 4259 1277 4336 ltem,
1302 4259 1481 4342 indigebant
1502 4275 1541 4324 eo

582 4367 702 4456 poitiers
717 4365 882 4440 ratleicum
900 4363 983 4430 unde
1005 4363 1132 4430 Genesis
1151 4363 1341 4448 penultimo:
1372 4389 1386 4420 «
1403 4365 1467 4428 Non
1484 4383 1541 4428 au-

582 4473 702 4540 leretur
727 4477 885 4556 sceptrum
909 4471 947 4536 εῖθ
972 4471 1059 4548 ῖεεεῖθ,
1083 4487 1140 4534 nec
1165 4469 1233 4534 dlix
1255 4471 1295 4534 εῖθ
1311 4469 1430 4536 ῖθεθοεθ
1453 4471 1541 4550 eius,

583 4563 681 4646 clonec
698 4577 803 4654 veniat
823 4579 877 4662 qcri
895 4577 1066 4642 inittendus
1082 4583 1146 4654 est,
1172 4583 1200 4642 el
1222 4577 1287 4660 ipse
1303 4577 1363 4642 crit
1378 4583 1542 4660 exspecta-

584 4685 627 4750 tio
649 4685 788 4768 gentium
806 4711 834 4746 a.

674 4795 701 4858 M.
728 4791 763 4856 Et
789 4807 898 4856 revera
920 4789 986 4874 ipse
1001 4787 1060 4854 luit
1074 4789 1272 4870 caspectatio
1287 4789 1449 4876 ponticella,
1468 4789 1542 4874 quia

447 4899 567 4984 aa'rcms-
583 4897 650 4982 ipsc
675 4897 733 4962 luit
749 4895 865 4962 missus
887 4895 1042 4962 omnibns
1057 4893 1088 4960 in
1115 4895 1305 4962 remedinm.
1329 4893 1441 4960 Missus
1457 4893 1539 4960 enirn

442 4975 566 5028 dmm
584 5003 644 5068 init
665 4999 918 5088 poenitentibus,
941 5009 979 5068 ut
1008 5002 1227 5068 relevarentur
1249 5019 1267 5068 a
1292 5003 1383 5086 culpa
1413 5037 1453 5048 —
1478 5021 1542 5086 pa-

442 5027 540 5082 druplex.

586 5107 756 5186 cientibus,
773 5115 810 5172 ut
826 5109 1044 5174 relevarentur
1065 5125 1083 5170 a
1108 5125 1206 5190 poena
1220 5143 1258 5154 -
1274 5107 1542 5192 proficientibus,

585 5221 623 5278 ut
644 5221 906 5298 promoverentur
931 5213 960 5278 in
987 5211 1105 5278 institia
1118 5249 1163 5260 --
1179 5211 1490 5296 contemplantibm,
1507 5222 1544 5279 ut
1567 5283 1569 5286 ,

586 5317 832 5386 siiblimarentur
858 5319 888 5384 in
914 5319 1030 5404 gratiae
1055 5317 1258 5402 experientia.

677 5425 704 5490 3.
731 5421 840 5488 Missus
865 5429 1001 5510 estergo
1021 5421 1335 5510 poenitentemne
1359 5425 1542 5490 relevaren-

439 5555 569 5616 raenainn-
586 5539 642 5598 tm·
668 5551 689 5596 cc
711 5531 820 5614 calpa.
856 5531 885 5596 ln
911 5531 1009 5616 cntpa
1038 5537 1142 5596 autem
1167 5537 1214 5596 est
1241 5517 1438 5596 considerare
1465 5531 1542 5596 tria:

432 5609 570 5656 mm*
585 5637 774 5716 nauculam,
811 5643 942 5702 reatum
978 5621 1017 5704 et
1040 5633 1217 5722 ostensam:
1250 5643 1283 5702 et
1310 5635 1379 5704 ideo
1408 5635 1543 5702 mittitur

587 5743 732 5812 Christus
753 5743 794 5808 ad
810 5743 1080 5828 iustificandnm,
1106 5741 1143 5808 acl
1162 5741 1410 5818 redimendam,
1433 5743 1472 5806 ad
1493 5761 1544 5806 re-

422 5871 527 5938 vinctas
542 5871 573 5916 su·
587 5849 841 5916 conciliandam.
861 5885 902 5896 -
920 5849 1051 5914 Mittitur
1067 5847 1107 5912 θεῖ
1125 5847 1378 5932 l'ccstidcandnm
1403 5847 1542 5930 arulpa;

433 5925 573 5978 ”mmmm
587 5955 627 6022 θεῖ
649 5955 803 6022 Romanos
824 5953 979 6020 ocmvo⁵z
1007 5953 1121 6018 «Misit
1143 5953 1229 6020 Dens
1251 5953 1361 6018 Filium
1394 5971 1487 6018 suum
1510 5951 1541 6018 in

1080 593 1335 664 collatrones
1361 591 1395 656 ΙΝ
1421 589 1585 658 loannem
1610 589 1687 684 GXP.
1709 587 1783 652 Vlll.
1809 587 1914 652 GOLL.
1938 585 2064 652 XXXIV.

1602 745 1833 832 similitudinem
1860 763 1961 830 carnis
1982 761 2116 844 peccati,
2140 766 2172 826 et
2192 759 2233 826 εῖθ
2248 763 2374 842 peccato
2398 757 2555 824 damnavit

1602 871 1764 954 peccatum
1781 869 1812 934 in
1836 885 1947 946 carne,
1964 871 2001 932 ut
2022 865 2199 932 luctificatio
2217 865 2306 948 Legis
2319 865 2505 948 impleretur
2521 865 2553 930 in

1602 971 1691 1038 nobis
1706 997 1738 1036 a.
1765 1009 1808 1018 -
1835 971 1968 1036 Mittitur
1991 969 2029 1036 acl
2053 971 2282 1036 redimendam
2306 987 2326 1062 a
2351 987 2464 1054 paena3
2489 969 2553 1054 ipse
2567 985 2721 1030 arrestata.

1602 1083 1647 1144 est
1673 1075 1772 1154 enim,
1804 1103 1818 1134 a
1833 1075 1888 1162 qni
1915 1073 2047 1142 redemit
2060 1075 2100 1142 εῖθ
2115 1075 2244 1142 interitu
2258 1075 2355 1142 citam
2369 1075 2380 1114 ⁶
2395 1101 2426 1154 »3
2441 1073 2482 1140 ad
2496 1073 2553 1140 Ga-

2612 1039 2671 1084 dum.

1602 1184 1680 1250 latas
1700 1188 1830 1266 quarto:
1863 1183 1929 1248 «nt
1950 1181 2003 1248 ubi
2030 1183 2114 1248 venit
2128 1181 2290 1266 plenitudo
2312 1181 2481 1266 temporis,
2496 1183 2553 1246 mi-

1603 1291 1641 1354 sit
1666 1289 1749 1354 Deus
1779 1287 1888 1356 Filium
1922 1307 2014 1354 suarm
2040 1287 2155 1354 lactum
2186 1307 2229 1354 ex
2255 1287 2406 1366 muliere,
2436 1287 2553 1354 factum

1603 1397 1781 1480 sublege,
1805 1401 1917 1466 utens
1940 1393 1994 1480 qul
2018 1393 2077 1460 sub
2102 1395 2308 1480 legemem,
2335 1393 2502 1462 redimeret
2514 1419 2552 1474 »;
2605 1459 2606 1462 ,

1604 1501 1758 1568 Psalmns:
1801 1499 2096 1586 «Redemptionem
2131 1501 2215 1566 misit
2249 1501 2401 1566 Dominus
2438 1501 2554 1586 populo

1604 1627 1660 1674 suo
1677 1633 1705 1672 a.
1732 1643 1773 1654 —
1799 1607 1931 1673 Mittitur
1952 1607 1992 1672 ad
2015 1607 2298 1674 reconciliandam
2327 1615 2435 1672 contra
2459 1609 2553 1674 olien—
2573 1621 2608 1716 Ap,
2624 1621 2720 1664 reconci-

1603 1729 1685 1792 sam3
1709 1711 1828 1796 primae
1863 1711 1983 1778 loannis
2008 1719 2138 1796 quarto:
2170 1737 2183 1770 ε
2210 1713 2240 1776 ln
2273 1711 2333 1778 hoc
2357 1719 2403 1780 est
2426 1713 2553 1792 tacitae,
2603 1675 2697 1718 ΜΝ

1602 1837 1664 1884 non
1687 1817 1775 1902 quasi
1801 1837 1857 1884 nas
1886 1817 2094 1884 dilexerimus
2116 1835 2202 1898 eum,
2234 1799 2458 1902 sedquoniam
2489 1819 2553 1906 ipsc

1602 1925 1689 2010 prior
1711 1923 1822 1990 dilexit
1837 1941 1893 1990 nos
1919 1929 1947 1990 et
1966 1923 2048 1990 irrisit
2063 1923 2174 1990 Filium
2189 1943 2284 1992 sulam
2303 1925 2552 2008 propitiationem

1602 2051 1659 2118 pro
1683 2031 1816 2116 peccatis
1840 2031 1955 2098 nostris
1974 2057 2001 2096 r.
2432 2019 2433 2022 ’
2502 2113 2503 2116 ¹

1691 2137 1722 2202 lc.
1747 2137 1859 2204 Missus
1879 2144 1927 2204 est
1948 2137 1988 2202 θεῖ
2015 2137 2189 2220 patientes,
2216 2145 2250 2204 ut
2285 2155 2337 2204 eos
2360 2139 2514 2206 relevaret
2531 2121 2555 2204 ¹a
2573 2147 2721 2244 Tgiignffiga·

1598 2263 1723 2332 poemia·
1746 2245 1888 2332 quodllt
1922 2243 2023 2312 tribus
2054 2243 2167 2310 modis:
2190 2243 2375 2330 eripiendo,
2402 2247 2553 2312 sonando
2696 2231 2703 2242 ’

1603 2355 1632 2416 et
1656 2349 1879 2416 custodiendo:
1905 2349 2070 2434 eripiendo
2094 2371 2112 2416 a
2135 2351 2330 2436 captivitate,
2347 2353 2498 2418 sanando
2515 2353 2553 2420 ab

1602 2455 1797 2534 infirmitate,
1820 2455 2032 2522 cristodiendo
2055 2455 2096 2522 ab
2111 2465 2254 2542 utroque.
2276 2495 2314 2506 -
2333 2457 2466 2526 Mittitur
2480 2477 2554 2544 ergo
2573 2465 2651 2520 Ertrit·

1602 2559 1639 2626 ad
1664 2557 1887 2644 eripiendmm
1925 2555 2115 2626 Psalmus⁷i
2135 2563 2280 2628 «Emitte
2309 2583 2437 2630 inanum
2470 2572 2552 2632 tuam

1603 2665 1639 2730 εῖθ
1664 2665 1743 2742 θῖῖο;
1766 2665 1854 2746 eripe
1875 2683 1927 2732 nie
1949 2671 1982 2728 et
2015 2665 2114 2730 libera
2149 2685 2196 2732 me
2222 2669 2258 2734 de
2288 2669 2376 2752 aquis
2400 2671 2507 2736 multis
2523 2697 2553 2736 a.

1602 2809 1646 2818 -
1669 2769 1801 2836 Mittitur
1823 2771 1863 2836 θεῖ
1884 2769 2098 2848 enecandum
2115 2773 2270 2840 Psalmns:
2300 2799 2314 2830 ε
2332 2773 2412 2840 Misit
2427 2795 2552 2842 manum
2573 2783 2647 2826 Sent-

1603 2893 1690 2942 snam
1715 2881 1746 2942 et
1768 2877 1887 2942 sanavit
1912 2893 1964 2944 eos
1982 2903 2008 2940 r.
2027 2915 2069 2924 -ψ
2087 2877 2220 2944 Mittitur
2234 2879 2273 2944 θεῖ
2289 2881 2554 2958 custodiendum
2573 2887 2678 2932 cltell-

1603 2981 1724 3046 loannis
1746 2989 1854 3046 sexto:
1883 2983 1993 3048 «llaec
2027 2987 2071 3048 θεῖ
2107 2983 2249 3052 ῖοῖεεθῖθε
2285 2985 2352 3052 eius
2382 2989 2435 3070 qui
2473 2989 2555 3056 misit

1603 3107 1653 3154 ine
1677 3087 1791 3166 Patris,
1815 3095 1852 3154 nt
1880 3107 1990 3168 oraine,
2014 3091 2099 3174 quod
2121 3091 2206 3158 dedit
2229 3091 2314 3172 mibi,
2341 3111 2403 3160 non
2426 3093 2553 3178 perdam

1603 3211 1643 3260 ex
1668 3211 1703 3260 to
1723 3221 1749 3258 a.
2270 3247 2274 3256 .

1691 3301 1722 3364 b.
1746 3301 1878 3394 Mittitur
1895 3301 2013 3368 artinis
2030 3301 2067 3368 θεῖ
2082 3305 2342 3388 promerendum
2364 3305 2395 3370 in
2420 3307 2553 3386 iustitia,
2575 3313 2688 3410 {MXXX-

1604 3405 1686 3490 quod
1710 3405 1782 3472 iacit
1806 3407 1987 3492 tripliciter:
2011 3409 2169 3490 docendo,
2198 3409 2370 3478 excitando
2396 3419 2425 3478 et
2457 3413 2519 3478 ded
2542 3451 2555 3460 -
2658 3397 2663 3410 ’

1604 3511 1722 3578 cende:
1745 3511 1886 3578 docmdo
1919 3511 2130 3594 intellectam,
2164 3523 2198 3582 ul
2230 3517 2346 3596 sciant;
2379 3517 2552 3586 excitando

1601 3617 1775 3706 'affectam
1800 3625 1836 3684 ut
1859 3619 1972 3696 relint;
1988 3619 2174 3688 deducendo
2189 3621 2353 3710 effectura,
2370 3631 2406 3688 ut
2420 3625 2552 3692 valeant.

1605 3763 1644 3772 -
1670 3723 1801 3790 Mittitur
1824 3743 1899 3810 ergo
1930 3727 1970 3790 θεῖ
1999 3727 2197 3804 docendam,-
2232 3729 2406 3814 Sapientiae
2427 3731 2552 3796 nono⁸z
2575 3737 2648 3780 Dorl-

1610 3857 1623 3888 ε
1640 3829 1725 3896 ῖεῖῖῖῖθ
1747 3829 1833 3896 ῖῖῖθεεε
1849 3859 1879 3910 a,
1897 3831 2013 3898 scilicet
2030 3833 2228 3916 sapientiam,
2250 3861 2266 3892 κ
2279 3835 2315 3900 εῖθ
2334 3837 2425 3904 caelis
2441 3837 2555 3904 sanctis

1606 3937 1683 4016 tuis,
1710 3943 1744 4002 ut
1767 3955 1888 4004 mecum
1909 3939 1947 4004 sit
1964 3943 1993 4004 et
2009 3955 2132 4006 mecum
2152 3941 2555 4028 laboret‚ntscia1n‚qnid

1605 4047 1765 4126 acceptum
1791 4043 1830 4108 sit
1857 4043 1940 4126 apud
1957 4051 2030 4108 te».
2046 4083 2091 4090 -
2110 4045 2241 4114 Mittitur
2265 4045 2302 4112 ad
2327 4047 2555 4128 academiam,-
2575 4057 2664 4100 ateias.

1605 4147 1704 4212 Lucae
1736 4147 1856 4214 decimo
1885 4153 2012 4234 quarta:
2054 4149 2165 4216 «Misit
2188 4171 2314 4218 serrum
2349 4171 2441 4220 strum
2478 4155 2556 4222 bora

1606 4271 1719 4318 coenae
1735 4253 1838 4320 dicere
1851 4255 1996 4332 invitatis,
2015 4265 2049 4320 ut
2066 4257 2208 4324 venirent
2221 4285 2249 4336 »3
2269 4265 2298 4324 et
2315 4261 2553 4326 proverbiorum

1605 4357 1722 4440 primo:
1755 4357 1941 4440 «Sapientia
1966 4359 2040 4426 ioris
2063 4363 2236 4444 praedicat,
2255 4363 2285 4428 in
2303 4365 2413 4446 plateis
2435 4365 2487 4432 dat
2505 4385 2556 4432 ro-

1607 4477 1673 4526 cem
1696 4479 1786 4528 suam
1802 4489 1833 4528 r.
1853 4501 1895 4510 --
1911 4465 2043 4530 Mittitur
2065 4467 2106 4532 θεῖ
2127 4469 2370 4546 delluardum,-
2393 4471 2558 4538 Malachiae
2579 4479 2675 4524 Deduct-

1607 4567 1713 4632 tertio:
1742 4593 1757 4624 ε
1776 4569 1869 4648 Ecce,
1886 4589 1942 4656 epo
1961 4571 2078 4636 mittam
2104 4573 2246 4658 angelum
2276 4591 2390 4656 caecam,
2414 4581 2445 4642 et
2468 4597 2557 4662 prae-

1607 4673 1729 4756 parabit
1751 4675 1832 4740 viam
1858 4683 1929 4744 ante
1952 4675 2061 4742 faciem
2087 4683 2171 4744 tuam
2188 4707 2218 4744 a.

1696 4781 1726 4846 6.
1749 4783 1881 4848 Mittitur
1914 4783 2205 4870 contentpiantibns
2234 4785 2275 4852 ad
2307 4787 2556 4856 srubtimandnm
2573 4797 2722 4860 artacaeon-

1606 4887 1637 4952 in
1672 4889 1866 4972 experientia
1901 4889 2039 4976 gratiam
2075 4893 2159 4978 quod
2191 4893 2265 4960 facil
2295 4895 2398 4960 tribus
2435 4897 2556 4964 enodis:
2577 4853 2713 4906 mam

1607 4991 1795 5074 revelando,
1819 4997 1984 5062 nisdando
2009 5005 2040 5064 el
2062 4999 2292 5084 certificando:
2318 5003 2490 5070 recedendo
2513 5023 2559 5072 se-

1607 5108 1692 5196 creta
1716 5103 1956 5184 mysteriorum;
1980 5105 2146 5172 visitando
2176 5107 2325 5174 fruitione
2349 5109 2556 5194 spiritualium

1608 5207 1807 5294 gaudiorum
1833 5211 2044 5296 certificando
2080 5213 2115 5278 de
2153 5213 2313 5300 adeptione
2339 5217 2558 5300 praemiorum.

1609 5351 1650 5362 -
1685 5315 1817 5382 Mittitur
1853 5335 1927 5404 ergo
1964 5317 2000 5384 ad
2037 5319 2274 5398 revelandam·
2308 5323 2475 5390 Ezechielis
2513 5343 2558 5392 se·
2580 5327 2671 5378 brell-

1608 5419 1752 5488 cuntot:
1784 5423 1902 5504 «Vidi,
1935 5431 1968 5490 et
1990 5443 2076 5504 ecce,
2101 5443 2214 5494 manns
2242 5427 2339 5494 missa
2368 5429 2407 5494 θεῖ
2438 5447 2503 5508 εθθ,
2528 5431 2558 5494 in

1607 5547 1671 5614 qua
1692 5535 1761 5594 erat
1784 5529 1944 5622 involutus
1971 5529 2063 5608 liber,
2100 5537 2130 5598 et
2162 5533 2311 5618 expandit
2343 5535 2429 5600 illum
2455 5555 2559 5604 coram

1607 5651 1657 5700 me
1673 5659 1704 5698 a.
1730 5669 1771 5680 -
1795 5635 1927 5702 Mittitur
1950 5635 1989 5702 θεῖ
2013 5631 2238 5716 visitandam
2255 5639 2382 5706 Genesis
2399 5641 2559 5726 trigesimo
2579 5641 2664 5688 vesal.

1608 5737 1756 5824 septimo:
1787 5741 2058 5820 «Veni‚1nitlam
2095 5751 2122 5808 te
2155 5743 2192 5808 ad
2226 5743 2341 5812 tratres
2371 5751 2452 5812 tuos
2476 5747 2559 5812 Valle

1607 5851 1638 5908 et
1661 5843 1746 5922 εῖεῖθ,
1772 5845 1795 5912 εῖ
1820 5855 1933 5914 cuncta
1959 5863 2107 5932 prospera
2123 5849 2184 5914 sint
2209 5867 2282 5934 erga
2305 5839 2418 5918 tratres
2443 5859 2514 5920 tuns
2529 5881 2558 5920 a.

1607 5989 1646 5998 -—
1673 5945 1803 6018 Mittitur
1828 5953 1865 6016 ad
1891 5951 2161 6034 certificandum
2177 5955 2271 6022 Isaiae
2286 5959 2480 6040 sexagesimo
2497 5959 2562 6045 pri-⁶
2580 5959 2696 6006 cellel-

1292 6205 1378 6214 ........,-...-
1385 6205 1748 6214 -u-——o--ss—-fflm—
1753 6205 1871 6210 ------.-

662 6369 670 6400 ¹
689 6373 756 6424 loen.
779 6373 808 6434 8,
827 6371 859 6438 33
877 6369 992 6424 subinde
1010 6373 1136 6434 allegator
1159 6387 1182 6422 ε.
1207 6373 1246 6424 ll.

661 6457 765 6512 2ῖῖθεέ.
788 6459 828 6512 tlt.

660 6543 778 6598 3Οοῖῖθῖ.
802 6549 816 6598 l.

661 6633 672 6664 ⁴
690 6637 764 6688 Vers.
782 6637 823 6688 26.
836 6663 871 6676 —
884 6635 941 6688 Duo
955 6651 1030 6704 seqq.
1043 6637 1091 6694 loci
1106 6643 1165 6688 scint
1177 6637 1232 6688 Gal.
1245 6637 1277 6702 t,
1291 6637 1314 6688 l.
1328 6637 1426 6688 etGen.
1440 6635 1487 6700 te,
1502 6635 1545 6686 t0.

661 6721 763 6776 5ῖθεε.
782 6721 808 6774 3.
827 6731 855 6776 et
873 6723 897 6776 l.
1005 6781 1007 6784 ,

622 6799 623 6802 ’
662 6805 786 6862 ῖΡεθῖεεε.
808 6811 870 6874 loa,
895 6811 927 6862 l:
947 6811 996 6878 Qui
1022 6811 1127 6866 redimit
1154 6811 1196 6880 (lla
1224 6813 1301 6866 etium
1326 6813 1356 6882 C)
1382 6813 1416 6866 de
1439 6811 1544 6864 interitu

1609 6373 1689 6426 sitam
1719 6379 1797 6424 trram.
1826 6403 1858 6412 -
1889 6375 2038 6442 Seqcruntur
2066 6375 2120 6426 Gal.
2150 6377 2178 6438 l,
2211 6377 2241 6442 l3
2270 6379 2309 6430 Ps.
2342 6379 2404 6440 llll,
2432 6379 2459 6430 9.
2487 6385 2515 6432 θῖ
2540 6381 2558 6430 Ι.

1510 6537 1512 6542 ι
1609 6463 1678 6512 ῖθθθ.
1699 6461 1730 6524 l,
1754 6463 1797 6514 lc:

1677 6545 1687 6576 ⁷
1709 6551 1801 6604 Psalm.
1825 6551 1890 6614 lla,
1910 6553 1934 6602 i.
1953 6577 1988 6590 —
2008 6553 2064 6602 Duo
2084 6565 2156 6618 seqq.
2174 6553 2223 6606 loci
2242 6557 2301 6604 sum
2318 6555 2356 6604 Ps.
2372 6555 2437 6616 lot,
2453 6555 2499 6606 20:
2513 6553 2562 6610 Mi-

1607 6635 1644 6690 sit
1662 6637 1772 6692 oerbnm
1789 6651 1869 6692 snccm
1890 6647 1956 6706 eta,
1976 6645 2000 6690 et
2019 6643 2088 6694 loan.
2108 6641 2138 6706 6,
2157 6643 2202 6694 39.

1637 6731 1638 6734 ’
1677 6721 1688 6752 ⁸
1709 6727 1782 6780 Mers.
1802 6727 1845 6780 ln
1862 6757 1899 6768 -
1918 6727 2036 6782 Subinde
2054 6733 2199 6794 allegantur
2217 6733 2279 6784 luc.
2301 6733 2348 6796 ll,
2373 6733 2402 6784 17
2409 6751 2415 6794 ;
2438 6733 2514 6786 Pron.
2531 6733 2560 6798 l,

1608 6813 1653 6866 20.
1671 6817 1695 6864 el
1715 6817 1820 6868 Mellacll.
1842 6817 1870 6880 3,
1894 6819 1917 6868 t.
2243 6821 2244 6824 ’

1679 6895 1689 6926 ⁰
1711 6901 1784 6954 Vera.
1798 6903 1824 6956 9.
1840 6931 1872 6942 -
1888 6905 2038 6970 Separantur
2050 6907 2114 6958 Gen.
2124 6907 2172 6970 37,
2184 6907 2224 6958 l3.
2235 6919 2291 6972 seq.
2304 6907 2394 6960 etlsai.
2406 6907 2433 6958 tl
2449 6949 2454 6972 ,
2469 6909 2491 6958 l.
2507 6921 2562 6972 seq.
