5908 8266
545 627 612 694 XVl

546 801 654 868 postillis
673 801 816 868 explicasse
842 799 883 868 (ut
909 799 990 866 aliqui
1007 799 1189 870 tradiderunt).
1208 801 1247 854 De
1265 799 1374 864 singulis
1391 799 1503 864 postillis

546 911 654 976 loquens
679 913 762 974 40444,
780 911 870 974 plures
895 919 988 958 earnm
1007 907 1083 958 etiam
1103 907 1158 958 aliis
1178 907 1269 970 ribai,
1292 913 1315 958 et
1333 919 1431 970 anceps
1448 911 1501 972 est,

546 1015 587 1068 cui
607 1013 788 1066 attribuendae
807 1013 857 1066 sint
875 1011 993 1064 Postillae
1010 1009 1036 1062 in
1057 1011 1183 1076 Epistolas
1200 1013 1228 1064 S.
1247 1009 1332 1062 Pauli:
1346 1007 1452 1064 Dedile
1472 1005 1501 1060 ia

547 1119 633 1174 lacent
650 1117 786 1186 4044444444,
806 1131 875 1186 4440
886 1117 985 1184 pluries
1002 1117 1147 1182 impressae
1167 1123 1227 1172 sunt
1245 1115 1296 1170 sub
1313 1115 1423 1168 nornine
1439 1115 1501 1168 Gor·

545 1225 618 1290 rani,
642 1231 732 1278 atrum
759 1225 815 1278 scil.
839 1225 903 1292 ipsi,
933 1237 965 1276 an
991 1225 1029 1276 Fr.
1050 1225 1125 1276 Petro
1149 1239 1164 1276 4
1193 1221 1345 1276 Ferantasia
1370 1221 1502 1288 (innocen-

546 1333 582 1386 tie
601 1331 651 1400 V.),
672 1331 712 1384 cni
742 1345 756 1384 a
779 1335 1002 1396 contemporaneo
1025 1331 1103 1382 Petro
1121 1345 1134 1380 a
1154 1331 1252 1384 Paluda
1274 1327 1447 1382 ascribuntur.
1466 1355 1504 1366 —

546 1437 597 1490 Sed
626 1437 657 1492 de
686 1439 736 1490 hoc
762 1435 844 1510 dubio
870 1437 895 1488 P.
924 1435 1016 1486 Fidelis
1046 1447 1061 1486 4
1086 1435 1176 1486 Fanoa
1203 1433 1290 1502 (Ratio
1316 1447 1401 1486 novae
1430 1435 1503 1486 colle·

546 1543 637 1600 ctionis
654 1549 704 1596 etc.
723 1557 784 1610 pag.
807 1543 857 1594 t30
878 1543 903 1594 44
926 1541 996 1610 4044)
1018 1541 1099 1594 dicit:
1124 1541 1210 1606 «Ego
1233 1555 1297 1594 rero
1320 1539 1501 1606 quaestionem

548 1653 615 1704 hanc
632 1649 775 1702 certissime
799 1647 900 1702 solvere
928 1659 1053 1712 possum,
1068 1645 1131 1712 quia
1149 1647 1246 1700 multos
1263 1645 1369 1700 codices
1385 1645 1502 1710 optimae

546 1759 623 1808 notae
647 1753 735 1820 reperi
761 1729 864 1806 eadem
884 1751 1070 1806 commentaria
1103 1751 1179 1804 Petro
1205 1765 1221 1802 a
1248 1749 1398 1804 Tarantasia
1430 1749 1502 1804 adse·

546 1867 671 1914 rentes».
688 1861 717 1912 Et
737 1873 828 1924 reapse
853 1859 889 1912 sic
918 1863 963 1912 est.
983 1883 1017 1898 -
1036 1859 1118 1910 Porro
1142 1857 1177 1912 de
1201 1857 1317 1924 quadam
1346 1857 1446 1922 postilla
1477 1857 1501 1914 iu

546 1965 626 2018 Actus
643 1963 828 2028 Apostolorum
846 1967 919 2016 40444
944 1961 1069 2024 Echard.,
1100 1945 1157 2012 eam
1186 1961 1320 2026 incipere:
1351 1957 1441 2014 Scribe
1467 1957 1501 2018 ei·

547 2083 609 2124 sana
627 2071 650 2124 ei
670 2067 788 2136 caplaaa
806 2083 879 2134 enne,
897 2072 925 2121 et
942 2055 1041 2132 pluries
1059 2065 1156 2118 editam
1176 2081 1234 2120 esse
1251 2065 1302 2118 sub
1314 2065 1423 2118 nomine
1439 2065 1502 2118 Gor·

546 2177 616 2242 rani,
634 2177 682 2230 sed
707 2175 764 2240 ipse
792 2173 888 2228 indicat
913 2173 985 2242 (pag.
1013 2173 1060 2226 444
1085 2173 1125 2240 al:
1148 2193 1162 2222 α
1180 2173 1299 2226 Gorrano
1325 2171 1500 2226 abiudicanda

471 2299 474 2314 .
545 2281 657 2348 videtur,
677 2295 722 2334 sen
743 2293 810 2348 quae
827 2279 958 2344 ipsissima
979 2279 1010 2332 sit
1029 2277 1137 2332 totidem
1154 2277 1243 2332 verbis
1261 2293 1276 2330 a
1297 2277 1380 2344 capita
1400 2279 1500 2356 adlcal·

546 2359 618 2452 cem,
636 2395 665 2442 nt
683 2389 768 2452 aiant,
788 2385 906 2458 lingonis
926 2401 939 2440 a
959 2387 986 2440 S.
1003 2385 1124 2468 Charop.
1137 2413 1174 2426 -
1187 2389 1266 2440 Porro
1287 2385 1318 2438 de
1338 2385 1385 2440 alia
1399 2385 1500 2450 postilla

546 2491 635 2548 habet:
658 2515 672 2542 a
685 2493 736 2546 Etsi
753 2491 856 2546 Postilla
875 2493 977 2558 primae
995 2491 1028 2544 ad
1048 2491 1194 2546 Corinthios
1223 2491 1316 2546 eodem
1336 2505 1416 2544 versu
1435 2491 1500 2542 Scri-

546 2603 650 2664 pturae:
672 2597 764 2654 Enoelt
778 2597 883 2668 placarit
902 2597 972 2662 Deo,
992 2597 1110 2664 incipiat,
1128 2613 1182 2666 qno
1211 2611 1305 2652 excusa
1324 2599 1374 2650 sub
1391 2599 1499 2650 nomine

546 2703 668 2770 Gorvani,
687 2703 713 2756 id
733 2705 816 2758 solum
836 2701 963 2770 probare,
983 2709 1116 2758 auctorem
1137 2683 1283 2770 impressae
1301 2719 1377 2758 usum
1398 2706 1500 2758 Postilla

546 2809 660 2862 Guerrici
682 2809 747 2878 (scil.
764 2811 807 2862 Fr.
824 2809 941 2862 Goerrici
958 2809 994 2862 de
1010 2815 1103 2862 sancto
1115 2809 1237 2878 Quintino
1249 2811 1313 2864 Ord.
1325 2811 1418 2864 Praed.
1430 2809 1500 2866 circa

547 2927 588 2964 an.
609 2913 696 2982 4444),
716 2913 757 2968 044
779 2917 866 2966 tamen
883 2915 958 2980 plura
972 2913 1122 2978 addiderit;
1141 2915 1179 2968 sic
1197 2915 1267 2968 idem
1289 2915 1312 2966 in
1331 2915 1446 2980 Epistola
1466 2915 1499 2968 ad

546 3019 672 3086 Ephesios
690 3035 753 3074 :rsus
770 3025 811 3074 est
827 3019 1020 3074 Commentario
1042 3023 1065 3072 S.
1085 3021 1210 3076 4404440Ι
1229 3021 1260 3076 de
1281 3023 1398 3090 Aquino,
1418 3025 1500 3088 prole·

547 3141 612 3190 gum
629 3127 737 3180 totidem
749 3125 837 3178 verbis
857 3127 992 3192 exscripsit
1010 3133 1037 3178 et
1055 3133 1138 3180 cetera
1161 3131 1214 3182 iere
1232 3129 1335 3192 omnia,
1349 3127 1382 3181 ita
1397 3133 1500 3192 tamen,

479 3245 482 3250 ·
546 3237 573 3286 ut
590 3233 736 3286 identidem
753 3233 827 3298 plura
847 3231 949 3286 adiiciat
962 3253 989 3286 a.
1005 3233 1075 3286 Haec
1095 3235 1238 3288 Echardus.

617 3341 735 3404 ignotam
753 3339 802 3392 luit
816 3339 948 3404 Echardo,
969 3339 1043 3406 qaod
1060 3339 1137 3390 etiam
1153 3341 1262 3394 aliorum
1277 3345 1414 3394 astutorum
1427 3339 1500 3394 Com·

546 3445 666 3498 maniarii
685 3443 760 3496 simili
780 3445 860 3498 :nodo
878 3445 905 3496 in
923 3445 1059 3498 codicibus
1077 3445 1246 3500 inveniuntur
1265 3445 1314 3500 snb
1334 3447 1441 3498 nomine
1461 3445 1500 3500 Ni·

546 3551 610 3602 colai
628 3551 662 3604 de
681 3551 796 3616 Germa,
814 3551 841 3604 44
860 3553 945 3617 specie
965 3551 1175 3606 Commentarius
1192 3553 1221 3606 S.
1246 3553 1446 3606 bonaventurae
1476 3553 1500 3604 44

546 3659 682 3726 loannem,
699 3657 735 3710 de
752 3673 807 3724 quo
824 3657 888 3710 44444
908 3659 992 3724 plura.
1009 3659 1066 3710 Non
1085 3657 1167 3724 igitur
1184 3659 1240 3712 sinc
1251 3659 1422 3712 irindamento
1440 3659 1501 3712 scri·

545 3763 596 3830 psit
614 3767 639 3816 P.
659 3763 753 3818 Fidelis
771 3779 787 3816 a
805 3765 889 3818 Panna
917 3763 977 3832 (loc.
1000 3765 1044 3818 cit.
1067 3779 1128 3830 pag.
1151 3763 1227 3832 iiiii:
1249 3767 1411 3818 «Familiare
1428 3767 1497 3820 enim

546 3871 594 3922 ihit
620 3871 738 3922 Gorraao
759 3871 870 3924 aliorum
890 3871 994 3934 scriptis
1012 3871 1050 3924 sic
1068 3871 1118 3936 uti,
1138 3877 1167 3926 ut
1183 3873 1259 3936 plura
1279 3873 1377 3926 eisdem
1400 3873 1431 3926 de
1451 3889 1499 3926 sua

545 3977 687 4030 identidem
707 3977 820 4042 addens,
841 3977 896 4030 aliis
916 3983 1005 4042 postea
1024 3991 1093 4046 quae
1111 3979 1221 4032 aliorum
1234 3985 1295 4034 sunt
1312 3981 1368 4034 eius
1387 3995 1445 4034 esse
1465 3981 1499 4034 vi·

546 4081 702 4134 darentur».
722 4109 758 4142 -ε
776 4083 846 4134 Haec
863 4081 979 4136 breviter
995 4083 1108 4136 dicenda
1121 4087 1209 4150 erant,
1223 4089 1248 4138 44
1262 4091 1401 4150 constaret,
1418 4099 1498 4154 quam

545 4189 726 4240 alletoritatem
744 4187 858 4240 habeant
874 4189 1011 4242 codicesa
1031 4189 1107 4242 nobis
1124 4191 1236 4256 citandi,
1253 4191 1300 4258 qni
1312 4191 1419 4258 aliquod
1431 4205 1500 4258 opus

546 4293 663 4346 Gorrano
680 4291 805 4346 tribuunt.
1001 4289 1002 4294 '
1308 4303 1309 4306 ’

616 4399 631 4466 S
650 4401 675 4452 3.
692 4397 729 4452 De
746 4397 930 4456 commentario
948 4397 978 4454 in
995 4397 1177 4456 Ecclesiasien.

616 4505 744 4570 Prologus
769 4503 872 4570 incipit:
891 4507 990 4562 Baetes
1014 4507 1070 4574 air,
1095 4507 1171 4564 cuias
1189 4513 1230 4564 cst
1245 4521 1346 4564 nonen
1361 4507 1499 4564 Domini...

547 4609 627 4676 Cara,
647 4609 717 4666 44044
734 4609 793 4666 4444
810 4609 1075 4684 beatasDioapsias.

616 4717 669 4768 Soli
686 4717 801 4770 editores
818 4719 910 4770 Veneti
929 4717 1070 4784 (Diatribae
1089 4733 1152 4786 pag.
1172 4721 1181 4774 4
1189 4723 1224 4774 06
1250 4721 1317 4790 seq.)
1338 4725 1408 4774 lrunc
1425 4721 1500 4776 Com·

545 4823 701 4876 meritorium
723 4825 747 4876 S.
772 4825 971 4878 Bonavcnturae
996 4825 1163 4894 abiudicani;
1180 4829 1228 4882 sed
1255 4829 1384 4894 coaonae,
1403 4827 1500 4896 quibus

546 4929 695 4996 opinionem
716 4945 791 4986 stram
808 4933 901 4990 fulcire
918 4933 1048 5000 nituntur,
1067 4939 1128 4986 sunt
1153 4935 1288 4988 manifeste
1306 4937 1386 4988 salsae
1405 4941 1428 4988 04
1448 4935 1499 4988 iarn

546 5035 701 5090 aSbaralea
722 5037 868 5106 (Suppicm.
886 5053 948 5104 pag.
978 5039 1040 5106 442)
1067 5045 1095 5092 04
1120 5041 1218 5094 Βο40414
1242 5041 1347 5110 (Prodr.
1364 5043 1413 5094 col.
1436 5041 1499 5110 631)

545 5143 607 5196 satis
624 5143 758 5200 discussae
770 5147 964 5198 etcontutatac.
983 5145 1019 5198 Ne
1037 5151 1095 5198 acta
1112 5161 1236 5216 agamuS,
1256 5149 1367 5200 sufficiat
1386 5137 1428 5202 hic
1440 5149 1497 5202 bre·

545 5247 611 5302 viter
627 5253 734 5314 notare,
752 5251 846 5302 laisum
869 5263 927 5302 esse
954 5251 1028 5320 qnod
1054 5251 1149 5308 Veneti
1172 5255 1277 5318 dicunt,
1294 5257 1500 5308 nomenclatores

440 5397 441 5402 ,
545 5353 582 5412 de,
597 5357 647 5406 hoc
665 5327 858 5410 Commentario
875 5357 1074 5410 bonaventurae
1103 5359 1185 5412 silere.
1214 5361 1278 5412 Nam
1296 5365 1403 5426 praeter
1419 5361 1500 5414 Ptolo·

544 5473 648 5514 maeum
677 5463 820 5516 Lucensem
842 5445 987 5516 memorant
1007 5477 1069 5518 eum
1096 5467 1207 5530 catalogi
1232 5481 1312 5532 supra
1333 5467 1348 5532 S
1367 5467 1393 5520 4.
1411 5481 1437 5518 n.
1460 5467 1499 5520 le.

544 5571 569 5620 et
588 5569 630 5620 aa.
650 5567 730 5621 relati.
747 5569 856 5624 Accedit
872 5569 1050 5624 testimonium
1070 5571 1186 5634 pluriam
1213 5573 1335 5626 codicum
1352 5571 1439 5626 bonae
1458 5587 1500 5626 no·

544 5677 585 5724 tae
608 5671 672 5726 inira
688 5675 841 5728 relatorum.
858 5677 920 5728 ltem
938 5675 1037 5730 nullius
1054 5649 1095 5728 est
1112 5679 1252 5742 momenti,
1281 5679 1324 5732 vel
1343 5679 1431 5744 potius
1456 5679 1499 5730 lal-

544 5791 618 5842 snm,
633 5779 708 5846 quod
728 5779 806 5832 iidem
825 5779 925 5848 dictant,
945 5781 1019 5848 qued
1046 5783 1177 5848 expositor
1196 5785 1229 5836 sit
1250 5787 1338 5850 «plus
1359 5785 1429 5838 iusto
1460 5797 1501 5836 cu·

543 5885 628 5938 riosus
654 5897 684 5938 ac
703 5883 729 5938 44
745 5887 965 5958 philosophorum
991 5887 1176 5954 systematibus
1195 5891 1353 5956 indagandis
1371 5891 1500 5956 explican-

503 6069 505 6072 .
545 5989 638 6058 disque
667 5989 746 6044 nimio
775 5993 834 6058 plus
860 6001 988 6048 versatus.
1017 5995 1039 6048 A
1064 6009 1117 6064 qua
1144 6013 1172 6050 re
1200 6011 1305 6064 semper
1334 5997 1432 6052 alienas
1452 5997 1501 6050 tuit

544 6097 764 6150 bonaventurae.
785 6099 841 6164 lpse
857 6099 926 6152 enim
952 6099 1019 6152 liber
1042 6103 1212 6156 Ecclesiastae
1229 6103 1368 6168 expositori
1389 6105 1500 6158 occasio·

545 6217 606 6256 nem
629 6205 702 6258 dedit
734 6203 863 6270 quasdam
893 6205 1058 6274 quaestiones
1086 6207 1281 6274 philosophicas
1305 6211 1349 6262 vel
1378 6211 1501 6276 physicas

545 6313 681 6380 tangendi,
701 6317 728 6364 et
744 6313 795 6364 hoc
812 6313 872 6364 lecit
884 6319 977 6366 auctor
988 6313 1135 6368 admodum
1148 6315 1233 6370 sobrie
1247 6321 1274 6372 et
1285 6315 1415 6380 breviter,
1433 6319 1502 6370 sicut

500 6401 501 6404 '
546 6415 623 6470 etiam
643 6419 671 6472 in
687 6417 744 6474 aliis
762 6417 888 6484 operibus
908 6419 991 6472 lacere
1010 6419 1084 6472 solet.

615 6523 737 6578 Ceterum
755 6529 783 6578 et
798 6523 917 6580 doctriua
935 6529 963 6580 et
979 6523 1052 6578 stilus
1071 6523 1190 6580 redolent
1217 6527 1352 6592 ingenium
1370 6525 1502 6592 seraphici

545 6627 664 6682 Doctoris
683 6627 739 6696 (cir.
757 6629 848 6682 Prodr.
866 6629 999 6698 400044),
1029 6631 1180 6696 praesertim
1206 6631 1346 6698 prologus,
1364 6631 1413 6700 qui
1430 6631 1500 6684 inve

545 6733 615 6792 nitur
631 6735 711 6788 etiam
724 6735 750 6788 in
764 6735 914 6790 collectione
932 6735 1090 6790 Sermonum
1102 6737 1314 6804 bonaventurae,
1328 6751 1408 6806 quem
1421 6735 1502 6792 habet

446 6909 447 6914 ἵ
545 6841 606 6896 cod.
625 6841 748 6910 antiquus
769 6841 927 6896 Tudertinae
944 6841 1126 6898 bibliothecae.

615 6949 703 7006 Prima
723 6949 800 7002 huius
818 6949 1006 7006 Commentarii
1025 6949 1112 7004 editio·
1123 6953 1191 7006 tacta
1209 6955 1247 7006 est
1266 6951 1382 7006 Venetiis
1401 6953 1479 7006 4559.

1343 621 1617 690 Paotaaottahl
1633 559 1673 688 43.
1695 621 1731 686 ll.

1690 933 1794 990 Codices
1810 949 1827 988 a
1845 935 1919 990 nobis
1937 951 1994 990 eun
2012 933 2122 990 ediiiona
2139 933 2271 990 Vaticana
2289 931 2388 990 0041444.

1639 1115 1663 1166 l.
1682 1111 1779 1166 assela·
1796 1113 1821 1164 in
1841 1113 1961 1178 Umbria,
1987 1111 2144 1166 bibliotheca
2166 1111 2324 1174 Conventus
2342 1115 2422 1168 044044
2446 1117 2524 1168 Fran·

1565 1219 1641 1282 cisci,
1662 1217 1721 1270 cod.
1739 1215 1852 1270 membr.
1869 1217 1897 1270 44
1916 1219 1960 1270 404.
1979 1231 2046 1270 saec.
2070 1219 2130 1270 xlv
2151 1201 2248 1272 ineunt.¹
2269 1225 2402 1296 exaratas.
2419 1221 2524 1286 Exposi-

1565 1325 1602 1376 440
1620 1323 1710 1390 incipit
1728 1323 1770 1374 iol.
1785 1325 1809 1376 4.
1826 1337 1868 1386 v.,
1880 1325 1924 1378 cui
1935 1325 2022 1390 prima
2036 1337 2127 1376 ritanus
2147 1323 2295 1390 praemisit:
2309 1323 2424 1378 Postilla
2440 1339 2523 1394 saper

1565 1429 1739 1486 Ecclesiaste:
1763 1433 1790 1484 et
1809 1427 1944 1498 Epistulas
1971 1427 2058 1484 Paali.
2085 1429 2183 1484 Deinde
2209 1431 2256 1492 col.
2278 1431 2301 1484 4.
2327 1429 2425 1486 Beatus
2444 1429 2520 1486 air...

1564 1537 1662 1606 falsas.
1675 1535 1742 1592 Cam
1753 1533 1825 1590 sicat
1836 1533 1929 1592 beatas
1946 1533 2091 1606 Dbnpsias
2107 1541 2156 1588 etc.
2168 1537 2267 1590 Desinit
2281 1537 2323 1588 tol.
2338 1537 2378 1590 49.
2399 1553 2419 1588 r.
2432 1539 2482 1588 col.
2496 1537 2522 1590 4.

1565 1657 1614 1708 per
1631 1641 1730 1696 verba:
1747 1639 1776 1694 in
1795 1645 1936 1708 0044440044
1955 1641 2050 1696 iudicis
2069 1645 2167 1696 cancta
2183 1641 2327 1698 seruantis.
2346 1641 2473 1712 deplicit.
2486 1671 2523 1684 -

1565 1751 1698 1802 innostra
1718 1747 1830 1800 editione
1849 1747 1968 1812 signatur
1984 1747 2066 1802 littera
2087 1749 2117 1802 Α.

1637 1853 1675 1906 De
1693 1855 1743 1906 hoc
1761 1829 1853 1906 codice
1874 1852 1978 1905 locutas
1995 1859 2036 1906 est
2053 1853 2081 1906 P.
2105 1851 2197 1906 Fidelis
2217 1867 2232 1904 a
2249 1853 2337 1906 Fanna
2361 1853 2446 1920 (Ratio
2471 1859 2521 1908 etc.

1565 1971 1626 2022 pag.
1647 1957 1776 2024 atil-206)
1803 1971 1918 2024 eumque
1935 1957 2018 2010 littera
2038 1961 2054 2012 S
2078 1959 2199 2024 signavit.
2219 1957 2285 2012 Cam
2302 1945 2476 2026 observasset,
2494 1959 2524 2014 in

1565 2065 1622 2128 ipso
1641 2077 1699 2116 esse
1718 2063 1798 2116 marita
1816 2061 2046 2118 additamentead
2058 2065 2200 2116 editionem
2221 2065 2387 2132 vaticanam,
2407 2067 2523 2132 putavit,

1563 2169 1671 2222 lacunas
1683 2167 1804 2222 editionis
1814 2169 1959 2232 explendas
1971 2183 2029 2222 esse
2041 2185 2070 2222 ex
2085 2173 2134 2224 hoc
2148 2169 2247 2224 codice.
2273 2171 2426 2236 speciminis
2440 2173 2523 2236 gratie

1563 2281 1706 2344 utramque
1725 2281 1821 2328 textum
1848 2287 1877 2326 ex
1897 2277 2008 2330 adverso
2033 2275 2151 2344 imprimi
2173 2277 2289 2342 curarit,
2313 2281 2342 2330 ut
2363 2279 2444 2332 lector
2468 2293 2522 2332 nno

1562 2387 1706 2446 conspectu
1725 2381 1825 2434 rideret
1844 2383 2015 2436 differentiam
2036 2383 2100 2436 inter
2112 2389 2262 2450 utrumque.
2283 2383 2335 2436 Nos
2351 2389 2454 2446 autem,
2470 2383 2523 2438 edi·

1562 2489 1662 2542 tionem
1687 2501 1786 2542 novam
1811 2495 1932 2554 parantes
1952 2497 1977 2542 04
2003 2491 2125 2544 attentius
2153 2491 2256 2544 codices
2284 2491 2388 2542 collatos
2407 2491 2523 2544 conside·

1562 2601 1663 2660 rantes,
1680 2595 1809 2658 vidimus,
1830 2595 1855 2646 in
1872 2595 2063 2662 antiquioribus
2089 2595 2225 2650 codicibus
2249 2597 2341 2650 deesse
2364 2595 2406 2649 illa
2423 2595 2522 2648 addita·

1563 2707 1665 2764 menta,
1682 2707 1709 2752 et
1727 2701 1799 2770 quod
1817 2701 1923 2760 maioris
1941 2701 2067 2754 momenti
2087 2707 2139 2768 est,
2157 2703 2249 2754 eadem
2270 2717 2327 2756 esse
2345 2703 2471 2768 exscripta
2489 2715 2522 2756 cx

1562 2809 1620 2860 aliis
1637 2807 1789 2860 auctoribus
1805 2821 1834 2858 r.
1853 2821 1878 2872 g.
1899 2807 2012 2876 quaein
2033 2807 2193 2872 expositione
2216 2809 2319 2874 prologi
2339 2809 2424 2862 addita
2445 2815 2522 2874 sunt,

1562 2929 1595 2968 ex
1607 2915 1725 2978 licitene,
1735 2913 1785 2966 alia
1796 2913 1875 2966 multa
1889 2929 1919 2968 er
1931 2913 2124 2968 Commentario
2138 2913 2215 2968 Card.
2227 2915 2346 2980 Hugonis
2358 2929 2373 2968 a
2390 2917 2414 2968 S.
2426 2915 2523 2982 Charo,

1563 3021 1606 3074 vel
1624 3033 1657 3072 ex
1674 3019 1781 3072 Glossis
1798 3019 1871 3072 Unde
1891 3025 1944 3074 toto
1964 3019 2119 3076 concludere
2136 3021 2285 3088 potuimus,
2303 3019 2384 3074 istum
2403 3021 2522 3074 codicem

1563 3143 1617 3180 404
1634 3141 1692 3180 esse
1711 3133 1802 3192 aptum
1820 3127 1855 3178 ad
1872 3127 1980 3180 lacunas
1996 3127 2152 3194 explendas,
2169 3139 2220 3180 nec
2241 3127 2418 3180 additamenta
2441 3127 2523 3194 ipsius
2573 3123 2574 3126 ’

1563 3235 1591 3286 in
1610 3239 1707 3286 textum
1726 3231 1885 3298 recipienda.
1904 3237 2016 3298 Excepta
2034 3235 2260 3302 meditamentis,
2280 3235 2305 3286 44
2326 3235 2381 3286 eliis
2400 3235 2523 3286 00440444

1563 3355 1625 3394 044
1645 3337 1797 3400 melioribus
1825 3339 1968 3394 codicibus.
1986 3367 2024 3380 -
2041 3343 2085 3394 Est
2102 3355 2263 3408 anonymus,
2289 3341 2362 3408 quod
2392 3343 2465 3394 tacite
2490 3355 2522 3394 ex

1563 3429 1706 3512 praedictis
1724 3445 1874 3510 explicator.

1636 3555 1662 3608 2.
1683 3521 1846 3620 Caucasiae,
1869 3551 2028 3608 bibliotheca
2051 3553 2229 3608 Universitatis
2255 3553 2434 3620 lagellonicae,
2460 3555 2520 3608 cod.

1563 3663 1596 3716 A.
1616 3663 1648 3714 Α.
1667 3661 1721 3714 lili.
1739 3657 1765 3714 2.
1778 3663 1858 3712 chart.
1878 3661 1905 3714 44
1922 3661 1946 3712 4.
1961 3675 2030 3716 saec.
2049 3661 2107 3716 XV.
2127 3663 2154 3714 ln
2171 3661 2252 3714 asseri
2267 3661 2395 3716 exteriore
2412 3661 2521 3726 legitur:

1565 3767 1676 3824 Postilla
1694 3769 1883 3822 Beneuenta-re
1904 3781 1983 3838 saper
2003 3765 2188 3824 Ecclesiastes.
2202 3767 2292 3832 incipit
2312 3769 2355 3820 sol.
2376 3769 2400 3820 4.
2417 3781 2455 3834 4.;
2473 3769 2521 3820 404

1562 3875 1674 3940 prologo
1694 3875 1776 3928 sancti
1794 3873 1992 3928 bonaventurae
2012 3871 2184 3940 praemittitur
2204 3871 2270 3926 alius
2292 3873 2372 3938 ignoti
2393 3873 2519 3938 44040440,

1563 3979 1609 4046 qui
1628 3979 1666 4032 sie
1683 3979 1829 4032 exorditur:
1853 3979 1886 4032 la
1903 3977 2011 4032 nomiae
2034 3977 2146 4032 Domini
2161 3983 2211 4030 etc.
2229 3979 2267 4032 Ec
2288 3977 2353 4046 4444
2372 3991 2519 4048 oppressas

1562 4099 1626 4138 sam
1640 4083 1740 4138 librata
1752 4081 1934 4148 Ecclesiastis,
1949 4081 1995 4152 qai
2003 4085 2101 4154 plenas
2120 4087 2159 4138 est
2176 4081 2268 4138 diuina
2285 4081 2424 4154 sapientia.
2445 4083 2519 4138 Circa

1562 4193 1644 4246 tinem
1666 4191 1816 4246 continuat:
1835 4203 1945 4246 oscitano
1966 4189 2077 4246 0044444
2096 4189 2239 4260 Propheta,
2261 4189 2307 4260 qai
2324 4189 2402 4246 dicit:
2420 4191 2520 4246 Beatus

1562 4297 1606 4354 eir
1619 4297 1697 4354 cuias
1716 4301 1755 4352 est
1772 4303 1822 4352 etc.
1840 4297 1938 4350 Desinit
1957 4299 1998 4350 444.
2015 4299 2073 4352 tii.
2087 4313 2112 4350 v.
2124 4315 2131 4350 ε
2145 4297 2172 4352 ia
2186 4299 2328 4366 conspecta
2346 4295 2443 4352 iudicis
2456 4309 2519 4354 044-

1564 4411 1608 4462 ata
1625 4399 1767 4462 0044044440.
1784 4435 1821 4444 -
1839 4405 1961 4470 signatur
1978 4405 2060 4458 littera
2079 4407 2106 4458 F.

1634 4515 1662 4564 ln
1679 4515 1730 4566 hoc
1748 4511 1841 4566 codice
1852 4513 1930 4565 textui
1950 4511 2070 4576 originali
2084 4511 2169 4564 adhuc
2187 4511 2271 4564 multo
2283 4511 2358 4576 plura
2378 4511 2520 4578 adduntur,

1564 4633 1646 4690 qnam
1657 4621 1681 4672 in
1694 4619 1877 4684 praecedente.
1887 4619 1967 4672 -Ex
1979 4619 2091 4684 prologo
2102 4619 2181 4672 valde
2194 4617 2288 4670 ditl'nso
2301 4623 2328 4670 et
2339 4617 2401 4672 satis
2412 4619 2521 4672 contuso

1563 4727 1686 4782 nonnulla
1706 4723 1884 4778 exscribimus.
1898 4727 1958 4778 Post
1974 4723 2107 4790 quandam
2120 4723 2326 4776 exhortationem
2338 4723 2373 4774 ad
2389 4723 2521 4776 auditores

1564 4833 1711 4888 continuat:
1727 4849 1740 4878 4
1753 4833 1865 4884 Assumo
1878 4831 1941 4882 mihi
1961 4831 2073 4884 verbnm
2093 4843 2142 4894 pro
2159 4829 2328 4882 fundamento
2342 4827 2521 4894 acquisitionis

1564 4939 1691 5006 sapientie
1704 4943 1728 4990 et
1739 4935 1963 4990 recommissionis
1975 4949 2048 4990 sacre
2061 4935 2190 5000 theologie
2203 4933 2329 4998 scriptum
2344 4933 2409 5002 (Act.
2421 4935 2466 5002 2.),
2485 4935 2522 4988 vi·

1564 5047 1659 5100 delicet
1676 5047 1740 5098 boc:
1761 5041 1858 5098 accida
1868 5055 1929 5098 sors
1942 5055 2025 5110 seper·
2042 5039 2187 5106 Malliana,
2202 5041 2274 5108 qnod
2287 5041 2425 5106 repetitam
2442 5041 2474 5108 (i)
2494 5041 2521 5092 in

1564 5157 1678 5220 quatuor
1688 5149 1762 5202 libris
1774 5147 1960 5202 sententiarum
1972 5161 2021 5212 per
2033 5161 2077 5202 me
2088 5147 2174 5212 primo
2187 5151 2332 5200 assumtam
2351 5147 2380 5200 44
2393 5145 2521 5212 principio

1563 5271 1658 5312 cursus
1676 5253 1765 5320 mei».
1784 5255 1820 5306 Ex
1832 5267 1885 5320 quo
1903 5257 1987 5320 patet,
2007 5257 2076 5306 hunc
2088 5253 2228 5316 prologum
2248 5263 2305 5304 esse
2323 5251 2349 5302 id
2369 5251 2443 5320 qnod
2459 5255 2520 5304 tnnc

1563 5359 1748 5414 nominabatur
1756 5355 1922 5428 principiam
1935 5371 2031 5412 sacrae
2043 5353 2214 5424 Sarapiacae,
2231 5357 2265 5410 de
2277 5369 2331 5422 quo
2344 5371 2367 5408 c.
2384 5357 2406 5410 4.
2419 5355 2436 5422 g
2449 5359 2472 5408 8.
2486 5357 2520 5410 lo·

1563 5469 1615 5524 cati
1629 5483 1731 5530 sumus,
1752 5481 1798 5520 seu
1812 5481 1842 5518 ea
1854 5467 1939 5530 prime
1953 5467 2040 5530 lectio,
2053 5479 2103 5532 qna
2118 5463 2304 5518 baccalaureus
2317 5463 2425 5530 quidam
2444 5477 2520 5516 saum

1563 5589 1689 5642 cursem,
1709 5573 1734 5626 id
1754 5579 1792 5626 est
1811 5573 1998 5638 expositionem
2017 5571 2094 5624 huius
2112 5569 2171 5622 libri
2192 5569 2294 5636 incepit.
2308 5567 2427 5620 -Circa
2441 5569 2520 5620 tinem

1563 5683 1597 5736 lta
1616 5681 1708 5734 transit
1725 5681 1760 5734 ad
1778 5685 1875 5732 textrm
1896 5679 2146 5732 &beneventanam
2168 5695 2182 5722 4
2195 5675 2251 5728 Dixi
2270 5677 2343 5728 tertio
2362 5677 2397 5728 de
2415 5673 2520 5740 speciali

1563 5787 1779 5842 recommissione
1795 5785 1920 5850 sapientie
1940 5791 1965 5838 04
1982 5785 2090 5836 scientie
2107 5783 2186 5836 huius
2204 5779 2265 5834 libri
2281 5781 2458 5834 Ecclesiastes.
2477 5779 2521 5834 As·

1564 5907 1641 5948 sumo
1653 5893 1913 5960 verlrnmProphete,
1925 5891 1971 5958 qni
1983 5891 2166 5944 cicindellas
2180 5887 2231 5952 eir,
2246 5885 2454 5944 cairrsnornea:
2471 5891 2520 5938 ete.
2543 5877 2546 5882 '

1563 5999 1635 6054 Dicit
1646 5999 1737 6054 beatas
1752 5995 1903 6068 Dionysias,
1919 6003 1950 6052 ut
1961 5997 1986 6050 44
2000 5995 2090 6060 editis,
2102 5995 2150 6048 sed
2162 6007 2223 6046 cum
2237 5993 2325 6046 multis
2343 5989 2519 6056 variantibus,

1564 6111 1590 6160 et
1607 6103 1706 6170 passim
1724 6103 1902 6158 additamenta
1919 6105 2076 6164 occurrunt,
2093 6113 2161 6166 quae
2179 6103 2233 6152 non
2252 6111 2311 6150 raro
2330 6097 2458 6164 integram
2477 6111 2521 6162 pa·

1565 6215 1653 6280 ginam
1672 6211 1784 6276 explent.
1801 6209 1925 6274 Explicite
1939 6209 1999 6262 citat
2016 6209 2103 6272 ipsum
2117 6207 2342 6272 bonaventuram,
2361 6205 2426 6258 darm
2445 6217 2521 6270 expo

1564 6329 1629 6368 nens
1639 6315 1738 6368 initium
1755 6313 1832 6368 huius
1844 6313 1916 6376 libri,
1930 6313 1982 6366 scil.
2001 6311 2088 6366 Verba
2099 6309 2271 6368 Ecclesiaste:
2284 6317 2346 6378 etc.,
2360 6311 2437 6376 plura
2449 6309 2521 6366 addit

1564 6427 1590 6474 et
1601 6421 1707 6476 scribit:
1719 6441 1731 6468 a
1747 6421 1879 6484 Tempore
1892 6419 1962 6472 enim
1974 6419 2133 6484 Salomonis,
2146 6421 2178 6472 at
2189 6417 2253 6472 dicit
2264 6415 2460 6480 bonaventura,
2480 6429 2520 6468 sa·

1564 6529 1794 6592 pientiestadinm
1814 6527 1899 6590 riguit
1916 6527 1942 6578 in
1955 6499 2112 6590 ierusalem,
2132 6525 2220 6594 quiea
2237 6533 2285 6580 etc.
2303 6525 2380 6586 item,
2399 6523 2426 6574 in
2445 6535 2521 6588 expo·

1565 6631 1656 6686 sitione
1674 6647 1769 6688 versus
1787 6633 1797 6684 4
1811 6633 1860 6700 ,δε
1877 6633 1972 6686 «llaec
1990 6633 2074 6687 littera
2090 6631 2239 6688 secandam
2259 6629 2471 6684 ioacaentarara
2484 6629 2521 6680 sic

1564 6739 1740 6802 exponitur».
1759 6767 1793 6778 -
1812 6739 1974 6792 Manifestum
1994 6739 2075 6804 igitur
2094 6745 2148 6802 est,
2164 6737 2284 6802 ignotum
2304 6735 2437 6802 quendam
2461 6733 2520 6790 bac

1564 6845 1713 6898 calaureum
1740 6859 1790 6910 pro
1816 6859 1863 6898 soa
1890 6845 1975 6912 prima
2006 6845 2115 6898 lectione
2141 6843 2192 6898 sibi
2216 6841 2431 6896 accommodasse
2453 6855 2520 6906 opas

1568 6953 1593 7006 S..
1613 6953 1824 7006 Bonaventurae.
1852 6985 1856 6996 ι
