5916 8276
1173 515 1366 584 COMMENT.
1389 517 1429 584 IN
1450 515 1618 586 lunanum
1638 515 1673 582 C.
1695 517 1745 586 vl.
2382 517 2442 586 sal

560 699 609 766 46.
628 697 727 782 (Vers.
749 697 823 784 lt).
841 695 975 782 Accepit
993 713 1070 780 erpo
1085 693 1179 760 lesus
1194 699 1253 760 etc.
1273 691 1427 780 Tangitur

320 817 450 866 stannum·
467 805 520 874 hio
547 805 739 884 secundum,
763 805 881 872 scilicet
908 799 1141 886 multiplicatio
1172 817 1319 884 panum,
1343 817 1427 886 qnae

467 909 635 998 impetrata
649 909 744 978 estin
758 907 954 996 pretiorum
969 905 1097 972 ccciccc
1113 909 1143 972 et
1159 903 1426 972 consummatam

382 1069 390 1084 .
464 1039 595 1104 panum
619 1013 857 1084 distributione.
883 1013 952 1080 ldeo
974 1011 1067 1080 dicit:
1090 1009 1224 1096 Accepit
1239 1029 1316 1096 erpo
1332 1009 1428 1076 lesus

464 1143 585 1210 pones,
609 1123 648 1188 ad
671 1119 960 1204 multiplicandum
985 1135 1098 1184 manns
1132 1117 1215 1184 enim
1241 1117 1427 1202 potestativa

467 1235 531 1310 est;
568 1225 651 1294 unde
685 1225 894 1294 Numerorum
927 1219 1118 1290 undecimo1
1160 1219 1243 1288 dixit
1272 1221 1428 1288 Dominus

467 1335 582 1420 Moysi:
611 1357 629 1390 α
642 1331 791 1416 Nunquid
815 1329 949 1396 invalida
979 1333 1026 1396 θεῖ
1054 1345 1167 1394 manus
1190 1327 1336 1394 Domini?
1364 1327 1427 1394 lam

467 1459 554 1508 nunc
569 1437 713 1516 ridebis,
737 1443 848 1504 utrum
872 1453 975 1504 sermo
999 1453 1089 1504 meus
1119 1433 1361 1518 compleatur».
1386 1435 1429 1498 Et

467 1563 544 1612 cum
566 1543 699 1630 prucios
722 1543 855 1628 spissat,
880 1541 919 1608 ad
943 1539 1218 1618 sanctificandum
1244 1539 1365 1624 primae
1386 1537 1427 1604 ad

467 1651 667 1718 Timotheum
692 1653 806 1732 quarto
819 1647 844 1714 ²:
876 1647 990 1714 «Nihil
1004 1645 1232 1726 abiiciendum,
1249 1645 1332 1732 quod
1349 1663 1425 1714 oum

400 1833 403 1838 ¹
467 1755 642 1844 gratiarum
668 1751 789 1822 actione
825 1753 970 1822 sumitur.
1005 1753 1222 1820 sanctificatur
1251 1753 1333 1820 enim
1370 1769 1427 1836 per

467 1861 600 1930 verbum
627 1861 681 1926 Dei
704 1861 932 1928 cierationem
947 1885 978 1924 θ.
1004 1857 1183 1926 Distribuit
1196 1855 1428 1924 discumbenti-

467 1969 547 2048 bus,
572 1967 690 2036 scilicet
710 1969 751 2034 ad
773 1967 1016 2046 comedendum,
1032 1981 1089 2050 per
1105 1963 1283 2050 Apostolos,
1308 1969 1343 2030 ut
1367 1963 1428 2032 soi-

467 2075 539 2144 lioet
570 2073 702 2142 dirersis
734 2073 846 2140 darent
881 2071 1055 2140 secundum
1088 2087 1180 2136 suam
1210 2067 1425 2148 voluntatem;

468 2183 580 2250 Esther
602 2179 746 2266 primoss:
773 2205 790 2238 e
808 2181 875 2244 Rex
896 2181 1068 2256 statuerat,
1090 2191 1287 2260 praeponens
1309 2175 1428 2242 mensis

467 2287 606 2372 singulos
630 2285 668 2352 de
692 2269 887 2370 principibus
909 2281 993 2362 suis,
1022 2287 1060 2348 ut
1089 2285 1230 2348 sumeret
1254 2281 1428 2368 unusquis-

468 2411 530 2478 que
556 2391 640 2478 quod
662 2389 757 2458 vellet
771 2417 803 2456 u.
828 2389 988 2458 Similiter
1010 2407 1050 2456 eac
1070 2387 1239 2474 piscihus,
1262 2395 1427 2476 quantum

466 2497 633 2578 comdant,
659 2497 693 2564 id
722 2505 769 2564 est
800 2515 900 2584 usque
936 2497 974 2562 ad
1010 2495 1223 2574 saturitatem;
1250 2493 1347 2560 Exodi
1372 2493 1426 2562 de-

467 2605 548 2670 cimo
572 2609 676 2670 sexto:
705 2627 721 2662 <t
738 2603 875 2688 Vespere
896 2599 1065 2668 comedetis
1080 2617 1205 2680 carnes,
1222 2605 1254 2668 et
1268 2617 1362 2668 mane
1377 2617 1427 2666 sa-

467 2709 650 2778 turabimini
674 2709 855 2794 panibus».

560 2821 608 2886 lt.
634 2817 735 2904 (Vens,
762 2821 837 2902 lu).
869 2817 897 2884 ll
941 2825 1052 2884 cutem
1084 2813 1209 2902 impleti
1230 2821 1320 2882 sunt.
1345 2815 1428 2882 Tan-

466 2925 553 3012 gitur
575 2925 628 2992 hie
649 2923 797 3006 tertiuM,
821 2923 939 2992 scilicet
968 2923 1107 2990 collectio
1135 2919 1425 3010 piapmcntorum,

466 3049 507 3100 ne
529 3031 647 3098 scilicet
669 3031 811 3116 perirent
819 3055 827 3112 ;
851 3037 981 3118 propter
1012 3029 1095 3116 quod
1127 3029 1218 3096 dicit:
1251 3031 1291 3098 llt
1313 3037 1428 3096 cutem

466 3137 591 3224 impleti
612 3145 708 3216 suut,
733 3137 765 3204 id
788 3144 834 3204 est
859 3135 1305 3222 succlamationesque
1331 3137 1425 3202 scis.-

470 3243 616 3330 Collipitc
638 3263 722 3332 quac
737 3251 983 3330 aotpcrcucruut
996 3241 1208 3330 fracmenta,
1223 3263 1263 3310 ne
1275 3249 1425 3330 peccaut.

467 3347 547 3436 Quia
570 3349 652 3416 enim
676 3349 765 3434 panis
787 3349 820 3414 in
843 3367 939 3416 usum
961 3349 1125 3416 hominum
1148 3349 1252 3418 iactus
1267 3357 1331 3430 ost,
1349 3355 1427 3418 tuno

465 3455 642 3540 fragmenta
662 3461 816 3538 pereunt,
839 3455 965 3540 quando
989 3455 1020 3520 in
1044 3473 1139 3522 usum
1166 3455 1329 3524 hominum
1362 3475 1425 3522 non

465 3565 692 3640 assumentum
715 3559 897 3629 Psalmns4:
929 3561 1051 3628 «Panis
1073 3579 1127 3628 cor
1149 3561 1287 3628 hominis
1310 3563 1425 3628 contir-

464 3673 530 3736 met
545 3667 638 3734 ›xEt
667 3665 812 3754 discipuli
842 3667 965 3734 Domini
990 3667 1158 3754 imperium
1183 3673 1424 3754 exsequuntur;

464 3773 549 3842 unde
573 3773 664 3840 dicit:
916 3763 919 3766 ¹
946 3789 948 3794 ’

559 3883 607 3946 48.
633 3881 734 3964 (Vens.
762 3871 840 3966 ta).
872 3879 1074 3966 Collcperuut
1103 3899 1182 3964 erpo
1211 3885 1242 3944 ct
1273 3879 1425 3966 impleue-

464 3995 547 4054 rant
578 3987 751 4054 duodecim
779 3985 937 4076 cophinos
944 4011 956 4066 ,·
979 4003 1068 4068 ecce,
1090 4003 1242 4054 mensura
1270 3994 1303 4054 et
1331 3989 1425 4072 plena

464 4111 624 4162 mensura.
647 4091 933 4176 chrysostomum:
954 4117 970 4150 «
987 4093 1048 4178 Ege
1064 4091 1353 4176 multiplicationem
1370 4109 1425 4176 pa-

464 4217 541 4268 num
559 4217 622 4264 non
638 4199 740 4264 solum
756 4199 908 4280 admiror,
934 4199 987 4266 sed
1010 4197 1231 4266 certitudinem
1254 4199 1322 4266 cius
1337 4199 1425 4284 quod

465 4305 651 4390 superfluit,
677 4311 706 4372 et
722 4305 807 4390 quod
823 4323 915 4390 pares
939 4311 1028 4372 crant
1045 4303 1170 4390 cophini
1194 4323 1328 4372 numero
1343 4305 1433 4390 hpo-¹

464 4411 636 4490 stolorum,
659 4409 692 4474 in
715 4429 779 4496 quo
808 4409 949 4478 doctrina
975 4411 1195 4496 Apostolorum
1229 4427 1285 4494 per
1320 4415 1423 4476 totum

463 4517 574 4584 orbem
596 4519 665 4582 erat
686 4515 901 4582 distribuenda
925 4535 965 4582 ex
990 4515 1132 4604 reliquiis
1154 4515 1315 4584 doctrinae
1330 4515 1422 4582 Chri-

464 4623 504 4690 sti
520 4649 552 4690 ».
578 4621 800 4708 Collcperunt,
824 4621 972 4708 inquam,
997 4627 1023 4688 cl
1047 4621 1262 4708 impleverunt
1298 4623 1420 4690 duode-

427 4751 429 4758 ·
463 4729 528 4796 cim
553 4727 708 4816 cophinos
741 4727 1011 4816 frcpntcutoram
1034 4747 1074 4794 coc
1097 4727 1241 4816 quinque
1270 4727 1422 4816 pauidus

463 4831 668 4930 hordeaceis,
686 4855 769 4922 quac
783 4831 1026 4920 superfuerunt
1042 4831 1093 4900 lais
1117 4833 1177 4922 qui
1197 4837 1422 4902 manducave-

464 4949 554 5008 rant.
578 4943 638 5008 Has
659 4939 810 5026 reliquias
831 4941 903 5008 iecit
929 4941 1048 5026 colligi,
1072 4947 1108 5008 ut
1131 4949 1299 5026 appareret
1320 4943 1422 5008 ahan-

536 5413 642 5468 1Mers.
668 5415 708 5466 23.
728 5443 763 5454 ·-
782 5413 909 5480 Superius
936 5419 996 5480 post
1022 5425 1122 5466 monus
1150 5411 1221 5466 enirn
1249 5413 1291 5468 ed.
1319 5415 1424 5482 supplet

461 5503 577 5560 Domini.

531 5591 543 5622 ²
565 5595 639 5648 Vera.
650 5593 675 5646 4.
687 5607 774 5662 seqq:
795 5591 872 5650 Nihil
880 5589 1080 5646 reiiciemlum...
1096 5589 1199 5646 actione
1205 5591 1357 5664 pampica·
1369 5599 1418 5648 cto.

533 5679 544 5710 ³
565 5683 637 5736 Vers.
657 5683 682 5734 8.
701 5683 738 5722 '-
756 5683 879 5750 Sequitur
896 5681 977 5734 Exod.
999 5681 1047 5746 ta,
1067 5683 1077 5734 4
1085 5683 1110 5734 8.

531 5767 544 5800 ⁴
563 5773 654 5824 Psalm.
677 5773 743 5836 443,
763 5773 806 5826 45.

532 5857 543 5890 ⁶
563 5863 589 5914 ln
608 5863 678 5914 loen.
697 5863 786 5914 hornil.
807 5863 848 5914 la.
870 5863 942 5932 (alias
962 5861 1014 5932 44.)
1034 5875 1062 5914 n.
1079 5861 1114 5914 3:
1133 5857 1185 5914 Cur
1202 5873 1254 5914 non
1272 5861 1358 5916 turhis
1376 5879 1419 5928 ge·

461 5949 554 6026 standa
572 5951 702 6004 dedititia
722 5951 903 6016 [fragmentah
923 5953 971 6004 sed
990 5949 1145 6016 discipulis?
1166 5947 1232 6016 Quia
1245 5951 1293 6004 hos
1306 5953 1419 6008 maxime

461 6033 600 6092 instituere
615 6037 734 6102 volebat,
753 6041 798 6106 qui
818 6041 895 6094 laturi
915 6045 989 6092 erant
1007 6039 1128 6092 doctores
1144 6035 1242 6088 orbis...
1265 6041 1418 6108 Eademque

461 6127 591 6180 detensa
613 6129 780 6192 factumest,
804 6133 831 6182 ut
855 6127 961 6194 cophini
986 6127 1122 6194 discipulis
1139 6137 1250 6178 numero
1274 6141 1352 6192 pares
1377 6143 1419 6182 es-

448 6207 544 6268 sent...
566 6215 621 6280 Ego
639 6229 704 6268 vero
722 6229 773 6268 non
793 6217 874 6268 modo
892 6217 975 6270 miror
993 6229 1090 6282 panum
1111 6215 1229 6280 copiam,
1242 6217 1288 6268 sed
1301 6231 1362 6270 cnm
1374 6233 1419 6272 oo-

460 6305 505 6370 pia
523 6307 731 6368 fragmentorum
750 6307 853 6358 numeri
878 6319 985 6372 qaoque
1009 6305 1215 6368 accurationem,
1235 6305 1308 6370 quod
1330 6319 1418 6374 neque

460 6395 519 6460 plns
537 6409 624 6460 neque
641 6393 730 6446 minus
748 6395 897 6448 redundare
915 6393 1059 6462 curaverit,
1072 6395 1119 6448 sed
1131 6397 1258 6459 quantum
1271 6396 1356 6448 voluit
1367 6401 1418 6450 etc.

458 6509 496 6522 --
515 6481 681 6536 Retinnimus
698 6495 760 6534 cum
781 6485 824 6538 ed.
851 6481 1011 6536 vocabulum
1036 6481 1237 6546 cchtttdincnc,
1259 6483 1416 6550 quodcum

459 6571 537 6624 codd.
559 6569 635 6622 etiarn
655 6571 735 6624 hahet
753 6573 777 6624 S.
799 6575 914 6624 Thomas
933 6569 1032 6640 (Galen.
1053 6569 1153 6638 aurea).

529 6655 653 6710 6Ρεθῖιθ.
672 6659 720 6724 20,
741 6661 783 6712 43.

529 6745 540 6776 ⁷
561 6747 636 6800 Vers.
654 6749 681 6800 2.
698 6745 753 6802 Cir.
769 6751 846 6802 Num.
862 6751 908 6814 44,
921 6751 948 6802 7.
965 6779 1001 6792 -
1021 6751 1088 6804 Vide
1107 6751 1225 6802 Glossom
1245 6749 1417 6808 ordiamricut

459 6835 486 6888 in
506 6837 573 6890 toan.
593 6835 624 6904 6,
643 6835 669 6888 9.

566 6941 595 6996 S.
614 6943 716 6996 Danao.
728 6971 764 6984 -
777 6943 856 6998 Tom.
874 6945 918 7000 Vl.

1490 693 1613 778 dantia;
1635 693 1720 762 unde
1752 695 1785 764 in
1819 695 1984 764 Psalmoss:
2012 721 2028 754 o.
2045 695 2076 762 ln
2102 691 2244 780 reliquiis
2265 693 2330 760 tuis
2360 711 2446 780 prae-

1490 803 1617 888 parabis
1637 803 1763 872 rultum
1788 821 1897 872 eorum
1915 829 1945 870 ε.
2457 817 2462 826 ·

1580 909 1631 974 49.
1656 907 1847 994 Alleporicc.
1871 909 1952 976 Puer
1977 925 2061 976 nnus
2084 905 2220 974 habehat
2236 905 2376 992 quinque
2391 921 2446 990 pa·
2465 915 2613 1026 Ἥξει·

1489 1027 1545 1078 nes
1567 1011 1758 1078 hordeaceos
1781 1013 1915 1082 atdans
1937 1015 2056 1100 pisces,
2079 1013 2134 1102 qui
2159 1013 2190 1080 in
2206 1011 2372 1080 duodecim
2396 1029 2447 1080 eo-

1490 1117 1603 1204 phinos
1625 1117 1832 1202 reliquiarum
1865 1127 1938 1186 sunt
1967 1121 2176 1204 multiplicati.
2198 1121 2292 1186 Puer
2314 1119 2373 1186 iste
2401 1125 2447 1188 θεῖ

1489 1225 1626 1308 nloysos,
1648 1221 1731 1288 lator
1752 1223 1859 1310 Legis,
1875 1225 1930 1310 qui
1952 1243 2038 1312 puer
2052 1225 2183 1306 dicitur,
2198 1225 2274 1312 quia
2290 1225 2444 1306 tantulum

1490 1329 1527 1396 ad
1550 1329 1705 1396 Hebraeos
1729 1329 1867 1398 tortior:
1889 1331 2016 1420 Moyses
2039 1331 2075 1398 in
2099 1333 2190 1398 omui
2214 1333 2310 1402 domo
2324 1333 2445 1420 fidelia

1489 1433 1615 1514 umus,
1648 1439 1800 1520 tanquan
1829 1431 1981 1504 famulus.
2012 1473 2057 1486 -
2085 1437 2196 1504 Panis
2231 1443 2279 1506 est
2311 1437 2446 1508 eruditio

1490 1537 1592 1618 rerhi;
1617 1539 1852 1608 Deuteronomii
1874 1539 2024 1608 octaro⁸z
2049 1539 2124 1606 Nou
2146 1541 2183 1608 ia
2204 1543 2272 1610 solo
2294 1563 2382 1630 pane
2397 1543 2445 1612 oi-

1489 1645 1536 1714 oit
1558 1643 1672 1726 homo,
1694 1645 1751 1712 secl
1781 1665 1821 1714 co
1852 1645 1943 1714 muni
1971 1645 2084 1726 uerbo,
2114 1647 2201 1736 quod
2230 1651 2381 1734 procedit
2403 1649 2444 1716 ch

1490 1771 1545 1820 ore
1562 1753 1629 1818 Dei.
1645 1789 1690 1798 -
1707 1753 1859 1842 Quinque
1872 1753 1970 1838 igitur
1986 1771 2092 1840 panes
2108 1759 2182 1820 sunt
2197 1753 2305 1836 rerba,
2321 1755 2361 1822 de
2376 1755 2446 1842 qni-

1489 1859 1550 1926 hus
1571 1857 1737 1942 apostolus
1758 1859 1878 1944 primae
1893 1859 1934 1926 ad
1953 1857 2130 1924 Corinthios
2153 1859 2274 1926 decimo
2298 1861 2444 1948 quartat:

1490 1965 1575 2032 Malo
1601 1963 1691 2052 loqui
1712 1963 1979 2054 quinquevarie
2000 1963 2038 2032 iu
2059 1983 2158 2032 seusu
2181 1985 2250 2032 meo
2279 1973 2354 2048 eto.;
2377 1967 2446 2034 Hie-

1490 2087 1658 2156 ronymus:
1688 2095 1704 2128 a
1721 2071 1867 2158 Quinque
1888 2071 1987 2140 verba
2003 2077 2076 2138 sunt
2093 2070 2319 2158 quinquelibri
2337 2073 2443 2158 Moysi,

1490 2177 1527 2244 de
1552 2177 1669 2264 quihus
1690 2175 1856 2262 hpostolus
1877 2177 2062 2264 loquitur».
2081 2177 2191 2244 -Isti
2216 2197 2311 2264 panes
2333 2179 2445 2246 multi-

1487 2283 1675 2370 plicantur,
1697 2281 1966 2368 dammultiplex
1990 2301 2101 2350 eorum
2117 2283 2320 2370 intelligentia
2344 2305 2362 2350 θ
2383 2285 2444 2350 Do-

1490 2389 1573 2456 mino
1596 2389 1755 2476 aperitur;
1780 2391 1880 2458 Lucae
1904 2389 2016 2458 ultimo
2030 2391 2073 2456 ¹⁰:
2098 2389 2262 2476 incipiens
2279 2411 2302 2458 c
2316 2391 2444 2480 Mopse,

1490 2493 1771 2580 interpretabatur
1796 2495 1861 2562 illis
1883 2493 1921 2562 in
1949 2495 2103 2562 omnibus
2134 2495 2336 2580 Scripturic,
2361 2515 2445 2586 quac

1490 2601 1526 2668 tlc
1550 2601 1621 2686 ipso
1643 2609 1749 2668 erant.
1772 2641 1818 2652 --
1842 2603 1887 2668 Ex
1913 2603 2028 2668 horum
2052 2599 2309 2686 multiplicatione
2345 2623 2445 2672 rema·

1489 2713 1564 2776 nent
1586 2709 1757 2776 duodecim
1782 2707 1915 2796 copltini
1942 2707 2232 2796 iropmcntorum,
2255 2709 2289 2776 id
2312 2719 2360 2778 θεῖ
2390 2711 2445 2778 do-

1490 2815 1589 2882 ctrina
1613 2815 1774 2884 duodecim
1799 2817 2035 2902 Apostolorum,
2059 2817 2114 2904 qui
2144 2817 2277 2902 dispersi
2301 2835 2359 2902 per
2392 2837 2445 2884 or-

1489 2923 1578 3002 hem,
1604 2921 1695 2988 iaxta
1709 2923 1789 2990 illud
1805 2923 1916 2990 Psalmi
1931 2923 1974 2988 ¹1:
1991 2923 2030 2988 ln
2047 2941 2174 2990 omnem
2198 2931 2321 2992 terram
2345 2925 2445 2992 euicit

1489 3047 1591 3094 sonus
1614 3047 1749 3108 eorum,·
1771 3037 1803 3098 et
1824 3029 1919 3096 Marci
1942 3029 2067 3096 ultimo:
2093 3031 2214 3094 Euutos
2230 3031 2265 3096 in
2281 3031 2444 3100 mucium

1490 3135 1695 3214 uniuersum,
1709 3135 1902 3220 praedicate
1920 3133 2134 3220 Eocnpelium
2151 3135 2243 3202 omni
2256 3145 2443 3204 creaturae.

1853 3349 2079 3434 Qunasmonras.

1576 3563 1629 3628 EO.
1654 3561 1779 3646 Quaest.
1804 3561 1824 3628 Ι.
1850 3561 2019 3648 Quaeritur
2043 3561 2080 3628 de
2109 3561 2367 3646 multiplicatione
2389 3581 2444 3648 pa-

1487 3685 1574 3734 num.
1592 3667 1624 3732 Si
1638 3667 1723 3732 enim
1738 3667 1890 3734 Dominus
1915 3685 2002 3734 snam
2018 3667 2188 3752 potentiam
2202 3667 2229 3706 12
2245 3667 2443 3736 manifestare

1487 3773 1626 3852 rohebam
1651 3779 1683 3838 et
1703 3773 1832 3838 maioris
1856 3773 2010 3858 potentiae
2035 3779 2080 3838 est
2105 3791 2199 3856 panes
2224 3791 2331 3840 creare
2349 3793 2443 3860 quam

1487 3877 1709 3962 multiplicare,
1735 3877 1910 3964 quiaillud
1942 3895 1985 3944 ex
2018 3875 2133 3954 nihilo,
2159 3879 2219 3944 hoo
2246 3895 2289 3946 ex
2318 3881 2442 3964 aliquo;

1487 3991 1517 4052 ot
1541 4003 1639 4070 aequa
1663 3985 1751 4050 facile
1775 3991 1842 4052 erat
1865 3983 1996 4050 Domino
2019 3989 2210 4070 utrumque:
2236 4003 2310 4072 ergo
2334 3993 2391 4054 etc.

1575 4093 1775 4158 hesronnnn:
1798 4089 1986 4172 Dicendum,
2013 4091 2099 4176 quod
2122 4097 2295 4174 utrumque
2317 4099 2365 4160 θεῖ
2387 4105 2528 4180 [ευ-1444)·

1487 4197 1601 4264 tentiae
1624 4195 1780 4278 infinitae,
1805 4203 1869 4264 tarn
1892 4197 2110 4282 multiplicatio
2126 4213 2169 4264 ex
2184 4193 2247 4264 tam
2262 4217 2361 4284 parra
2375 4219 2442 4266 ma-

1488 4303 1565 4370 teria
1587 4289 1761 4370 intentam
1785 4303 2007 4390 quantitatem,
2024 4303 2100 4392 quia
2121 4304 2181 4372 hoo
2205 4311 2273 4372 erat
2288 4307 2443 4390 potentiae

1487 4411 1641 4490 infinitae,
1667 4427 1761 4496 quam
1795 4409 1920 4478 creatio.
1951 4411 2047 4496 Magis
2076 4417 2181 4480 tamen
2208 4411 2441 4498 multiplicarit,

1486 4533 1578 4600 quam
1604 4515 1739 4596 crearit,
1762 4523 1800 4582 ut
1821 4535 1877 4582 ora
1901 4515 2132 4584 haeretieorum
2159 4517 2368 4598 concluderet,
2386 4517 2441 4604 qui

1486 4623 1611 4704 dicunt,
1634 4623 1712 4690 haec
1736 4623 1869 4690 risibilia
1891 4623 1931 4690 ad
1952 4623 2054 4690 Deum
2077 4623 2298 4704 tenebrarum,
2322 4643 2385 4690 non
2402 4623 2441 4690 ad

1484 4731 1582 4796 Deum
1620 4729 1698 4796 lueis
1730 4729 1887 4814 pertinere
1901 4729 1937 4792 1³.
1962 4729 2000 4796 Ut
2024 4747 2100 4814 ergo
2132 4729 2327 4810 ostenderet,
2358 4729 2442 4814 quod

1484 4837 1550 4922 ipse
1571 4841 1668 4918 esset,
1691 4835 1745 4920 qui
1769 4837 1874 4902 omnia
1897 4835 2031 4904 risibilia
2054 4841 2230 4914 creaverat,
2246 4833 2309 4900 iam
2335 4841 2439 4902 creata

1485 4941 1584 5010 voluit
1609 4941 1825 5026 multiplicare.

1538 5401 1567 5444 '⁸
1587 5415 1663 5470 Vers.
1682 5415 1705 5466 3.
1726 5413 1777 5470 Cir.
1796 5419 1881 5470 Motth.
1901 5417 1932 5486 4,
1952 5415 1978 5470 4.
1996 5421 2021 5470 et
2041 5419 2101 5470 Luc.
2122 5415 2153 5482 4,
2174 5417 2196 5470 4.

1556 5499 1566 5532 ⁹
1586 5505 1660 5556 Mers.
1681 5503 1722 5558 49.
1742 5533 1776 5544 --
1795 5507 1914 5572 Hieron,
1932 5507 2012 5572 Epist.
2033 5507 2075 5560 53.
2096 5505 2170 5576 (alias
2183 5505 2252 5574 403.)
2273 5523 2298 5562 n.
2318 5509 2352 5560 8:
2370 5509 2439 5562 Huc·

1484 5607 1569 5662 usqne
1586 5595 1794 5662 Pentateuchus3
1811 5595 1910 5664 quihus
1928 5599 2046 5664 quinque
2063 5597 2154 5650 verbis
2167 5597 2238 5664 loqui
2250 5611 2280 5650 se
2292 5599 2358 5650 velle
2371 5599 2438 5662 Apo·

1484 5685 1564 5740 stolus
1583 5683 1615 5752 [l.
1633 5683 1692 5738 Cor.
1712 5683 1759 5754 44,
1781 5687 1833 5754 49.]
1854 5689 1878 5740 in
1898 5685 2010 5740 Ecclesia
2030 5687 2164 5752 gloriatur.
2190 5683 2242 5740 Cir.
2269 5687 2394 5754 August,
2413 5685 2439 5738 in

1484 5777 1554 5828 loen.
1571 5775 1672 5842 Evang.
1690 5779 1723 5830 tr.
1742 5775 1785 5830 al.
1803 5791 1827 5830 n.
1850 5777 1872 5830 5.
1893 5789 1948 5842 seq.

1555 5859 1576 5892 ¹⁰
1596 5865 1672 5918 Vers.
1690 5863 1734 5918 27.

1554 5947 1574 5980 ²¹
1595 5953 1689 6004 Psalm.
1709 5953 1755 6020 48,
1774 5953 1800 6006 5,
1823 5953 2001 6022 -'Sequitur
2029 5955 2106 6008 hiare.
2135 5953 2182 6020 46,
2209 5953 2251 6004 45.
2277 5951 2330 6004 Cir.
2358 5957 2438 6016 supra

1482 6055 1506 6094 n.
1527 6043 1570 6094 48.
1587 6069 1623 6082 -
1641 6043 1680 6094 De
1703 6043 1917 6108 transpositione,
1935 6055 2016 6110 quam
2042 6043 2138 6094 iaciunt
2162 6041 2243 6106 aliqui
2267 6039 2355 6104 codd,
2375 6039 2438 6092 vide

1482 6145 1561 6196 supra
1579 6145 1607 6182 n.
1626 6129 1668 6182 lo.
1686 6143 1749 6196 pag.
1767 6133 1833 6198 349,
1853 6135 1941 6184 notam
1960 6131 1986 6184 7.

1553 6215 1574 6248 ¹²
1593 6217 1638 6270 Ed.
1660 6231 1721 6272 oum
1740 6219 1860 6284 pluribus
1877 6219 1955 6274 codd.
1976 6217 2205 6288 omnipotentiam.

1553 6303 1575 6338 ¹³
1594 6307 1644 6360 Cir.
1665 6309 1691 6360 ll.
1710 6309 1781 6362 Sent.
1802 6309 1827 6362 d.
1848 6311 1872 6362 4.
1890 6323 1918 6374 p.
1937 6311 1954 6362 4.
1976 6307 2040 6362 dnh.
2058 6311 2084 6360 4.
2102 6313 2127 6358 et
2144 6321 2172 6372 p.
2195 6307 2224 6358 ΙΙ.
2242 6319 2268 6372 q.
2290 6307 2322 6368 t;
2343 6305 2370 6358 d.
2395 6303 2436 6358 34.

1481 6413 1506 6450 θ.
1525 6399 1551 6450 4.
1568 6411 1596 6464 q.
1621 6397 1650 6460 l,
1670 6393 1715 6448 uhi
1739 6397 1827 6462 opinio
1851 6399 2061 6450 Manichaeorum
2087 6395 2217 6448 refellitur.
2236 6421 2272 6432 -
2290 6391 2436 6460 chrysost,

1481 6487 1506 6538 in
1524 6487 1594 6538 loen.
1614 6483 1702 6538 homil.
1723 6485 1764 6538 44.
1786 6487 1859 6552 (θῖῖθε
1877 6483 1932 6552 44.)
1950 6499 1978 6538 n.
1997 6487 2028 6536 2:
2048 6485 2137 6550 Meque
2157 6481 2226 6532 enim
2243 6481 2362 6534 subiecta
2380 6495 2436 6534 ma-

1481 6575 1545 6628 teria
1562 6587 1631 6640 opus
1650 6569 1779 6638 hahebat,
1798 6573 1896 6626 sedne
1920 6577 2037 6624 ereatura
2055 6571 2189 6624 videretur
2213 6567 2297 6622 aliena
2321 6583 2379 6622 esse
2402 6569 2436 6624 eh

1481 6663 1563 6729 ipsius
1581 6659 1723 6726 sapientia,
1742 6659 1769 6712 id
1788 6661 1862 6728 quod
1878 6673 2019 6724 perperam
2039 6659 2217 6712 Marcionistae
2231 6657 2366 6728 dicebant,
2378 6659 2435 6726 ipsa

1481 6757 1599 6804 ereatura
1618 6749 1650 6802 ad
1670 6747 1794 6802 miracula
1811 6749 1938 6814 patranda
1957 6763 2022 6802 usus
2040 6753 2086 6802 θεῖ.

2295 6947 2323 7000 44
