5942 8292
455 551 518 616 lita

452 741 565 792 causae
586 723 730 812 6666663,
754 723 871 790 scilicet
896 729 1060 788 creaturae
1082 723 1227 790 cultura:
1258 721 1320 790 Sed
1343 731 1407 788 out

451 831 576 918 ipaem;
591 831 699 908 tertio,
714 827 882 912 utriusque
896 825 1186 894 ineaeasadilitas:
1205 829 1356 912 Quorum
1375 829 1407 894 si

449 937 573 1024 sperae:
593 939 720 1020 quarto,
747 935 784 1000 in
800 933 1045 1018 comparatione
1059 933 1099 1002 ad
1114 933 1190 1002 alios
1205 935 1404 1002 idololatran-

301 1055 434 1100 366666.
452 1035 516 1110 tes:
533 1041 596 1108 Sed
613 1047 730 1106 666666.
748 1041 837 1104 —ln
854 1037 954 1122 prima
970 1039 1110 1124 tangitur
1125 1041 1245 1126 duplex
1259 1041 1406 1128 ignoran-

375 1173 376 1176 ¹
451 1149 511 1226 tia,
535 1145 651 1212 scilicet
675 1143 750 1230 quia
770 1163 827 1212 nec
846 1143 910 1228 lide
926 1143 1144 1230 6666366666
1159 1139 1258 1212 Deum
1274 1163 1332 1212 666
1348 1167 1406 1212 ra-

452 1253 536 1320 tione
552 1249 784 1334 cognoscebant
807 1251 927 1334 ipsum:
944 1253 984 1318 Et
1000 1251 1038 1318 de
1055 1249 1403 1340 1616666666666666.

539 1357 641 1440 (Vers.
667 1357 716 1440 1.).
734 1355 815 1422 Dicit
833 1371 924 1440 ergo:
947 1357 1032 1424 Vani
1047 1363 1104 1426 666.
1124 1360 1170 1424 lta
1184 1359 1302 1426 dictum
1322 1365 1370 1426 cst
1382 1359 1404 1438 1,

285 1461 534 1548 rangario-quod
558 1461 654 1546 aliqui
689 1467 900 1546 cognorerunt
930 1463 1035 1530 Deum
1066 1463 1148 1532 inter
1184 1463 1319 1550 ilagella,
1352 1463 1405 1530 sed

300 1527 351 1584 placa
374 1539 439 1572 66636

301 1579 522 1644 66666666
546 1585 608 1632 666
632 1571 705 1632 3666
729 1567 880 1648 venerata
904 1577 1032 1648 aulem,
1058 1587 1116 1656 pro
1138 1569 1206 1654 sed;
1233 1569 1314 1636 uani
1325 1575 1407 1634 sant

301 1633 561 1740 ί6661611601666663
583 1669 728 1740 domines
752 1679 831 1754 etc.;
864 1673 1063 1744 Ecclesiastae
1089 1675 1209 1762 primo:
1240 1701 1255 1734 6
1279 1673 1405 1741 6661663

341 1737 390 1782 Dei.

450 1779 651 1848 vanitatum»
674 1783 730 1846 etc.
749 1805 767 1838 =«
782 1779 1029 1854 Ambulaverunt
1052 1781 1134 1848 euim
1150 1785 1220 1866 post
1236 1781 1403 1848 vanitatem

450 1889 614 1952 creaturae
636 1891 668 1952 et
691 1885 761 1950 rani
783 1885 855 1952 lacti
887 1893 960 1952 suut
976 1913 1008 1964 a,
1030 1891 1068 1970 ut
1094 1887 1230 1954 habetur
1256 1885 1404 1960 leremiae

451 1991 603 2072 secundm
629 1991 721 2070 nani,
746 1991 888 2078 inquam,
908 1993 1049 2082 xvanitate
1070 1991 1299 2080 cogitationis:
1321 1989 1404 2058 unde

359 2135 360 2140 =
450 2099 489 2166 ad
512 2099 666 2166 Romanos
689 2091 829 2182 prinae:
858 2097 1088 2166 «Evanuerunt
1112 2097 1404 2184 incogitationibus

451 2205 517 2272 suis
531 2229 548 2262 »
575 2211 651 2298 etc.;
677 2203 750 2270 ilem
772 2205 807 2272 in
829 2205 966 2272 Psalmo:
998 2229 1012 2262 «
1034 2205 1186 2270 Dominus
1208 2203 1266 2272 scit
1290 2203 1404 2288 cogita·

450 2311 550 2376 tiones
573 2309 753 2390 bominum,
776 2309 924 2396 quoniam
940 2325 1037 2376 36666
1061 2315 1134 2376 suut
1149 2335 1181 2376 a.
1205 2309 1295 2388 Item,
1318 2307 1404 2376 vani-

422 2447 425 2452 ·
451 2421 514 2484 6666
537 2415 725 2492 locationis·
749 2415 831 2484 unde
847 2415 879 2480 in
902 2415 1041 2482 Psalmo:
1070 2439 1086 2472 «
1103 2415 1189 2482 Vana
1210 2413 1307 2482 ldouti
1330 2421 1404 2482 sunt

451 2521 670 2608 unusquisque
693 2521 732 2586 ad
754 2521 937 2606 proximum
963 2539 1056 2588 suum
1073 2547 1089 2580 »
1119 2526 1176 2588 etc.
1199 2523 1294 2598 Item,
1318 2519 1405 2586 rani-

452 2635 514 2696 tate
529 2625 729 2712 operationis
734 2651 747 2704 ,·
759 2627 841 2694 unde
854 2627 1001 2694 Ieremias
1012 2625 1272 2712 quinquagesimo
1284 2625 1403 2710 primo:

400 2781 401 2784 ,
455 2733 573 2800 «6666
596 2739 670 2800 3666
692 2749 787 2816 opera
803 2749 911 2800 eorum
929 2737 959 2798 66
982 2729 1050 2796 risu
1072 2729 1166 2814 digna
1181 2757 1209 2796 ».
1230 2729 1404 2814 inquibus

451 2859 517 2904 666
539 2837 649 2904 366636
670 2837 809 2904 scientia
832 2835 907 2914 Dei,
933 2835 1026 2902 idest
1049 2835 1184 2920 cognitio
1205 2835 1245 2918 de
1267 2835 1332 2902 Deo
1349 2853 1404 2920 per
1429 2915 1432 2924 .

451 2943 554 3012 fidem.
584 2941 776 3028 Augustinus
791 2943 822 3006 3:
851 2967 867 3000 «
893 2943 1000 3026 Neque
1029 2939 1184 3026 quidquid
1205 2941 1278 3006 sciri
1303 2945 1405 3024 potest

450 3051 490 3116 ab
512 3047 639 3116 bomine
660 3049 693 3114 in
716 3047 813 3114 rebus
834 3047 998 3124 humanis,
1021 3045 1075 3112 ubi
1095 3045 1268 3130 plurimum
1294 3063 1403 3128 super-

451 3171 568 3222 uacuae
582 3151 727 3220 vanitatis
751 3157 781 3218 66
797 3151 909 3218 noxiae
933 3149 1122 3218 curiositatis
1137 3155 1197 3228 636,
1214 3151 1289 3216 huic
1305 3149 1404 3216 scien-

451 3261 512 3328 tiae
534 3259 654 3338 tribuo,
680 3257 795 3324 scilieet
818 3255 962 3324 scientiae
986 3255 1125 3336 divinae3
1149 3255 1203 3322 366
1234 3255 1311 3322 illud
1334 3263 1404 3322 tan-

452 3363 723 3450 tum‚quof1des
755 3363 960 3430 saluberrima
990 3361 1138 3448 gignitur,
1168 3363 1320 3440 nutritur,
1352 3361 1404 3426 de-

451 3471 603 3548 fenditur,
629 3463 813 3548 roboratur,
836 3487 900 3552 666
923 3467 1052 3536 scientia
1073 3489 1136 3536 non
1164 3469 1281 3554 pollent
1302 3495 1317 3524 a
1345 3477 1403 3534 666.

452 3577 553 3646 6666
575 3575 627 3642 bis
642 3593 726 3664 qaae
749 3573 900 3642 uiolentur
923 3575 1025 3654 bona,
1049 3575 1166 3642 scilicet
1188 3580 1313 3660 aperte;
1336 3593 1403 3640 uon

448 3691 641 3772 potueruut,
668 3681 784 3750 scilicet
817 3681 997 3764 impotentia
1019 3687 1170 3766 sequente
1193 3682 1402 3760 voluntatem,

451 3810 515 3858 non
536 3787 1014 3868 6616666661666666163364ε
1038 3813 1055 3846 <t
1067 3787 1140 3854 Nou
1151 3793 1333 3872 potnerunt
1355 3787 1404 3852 in-

452 3897 589 3984 lelligere
614 3903 687 3974 ata,
710 3895 861 3960 obstante*
875 3895 1022 3960 caecitate
1046 3893 1163 3978 peccati
1176 3921 1207 3972 a,
1233 3893 1404 3960 secundum

451 4003 528 4070 illud
544 4019 642 4086 supra
656 3999 807 4068 secundo:
824 3999 1037 4066 «Excaeoarit
1052 4017 1106 4068 663
1122 3999 1240 4066 malitia
1254 4017 1404 4080 eorum»;

452 4109 483 4174 in
507 4107 642 4174 Psalmo:
663 4103 795 4170 «Noluit
818 4103 1003 4190 intelligere,
1026 4111 1064 4170 ut
1086 4105 1165 4172 bene
1189 4111 1341 4190 ageret»;
1360 4107 1405 4172 in-

429 4201 432 4204 ’
452 4215 605 4298 6616666,
629 4211 660 4278 id
676 4203 723 4278 est
738 4211 897 4278 intellectu
912 4227 1116 4296 cognoscere3
1133 4211 1293 4276 nonenim
1312 4227 1405 4278 36636

452 4317 593 4404 cognosci
608 4322 710 4402 potest
725 4317 824 4396 Deus;
846 4313 966 4400 primae
981 4315 1103 4382 loannis
1127 4321 1254 4400 quarto:
1276 4317 1406 4380 «Deum

452 4443 542 4490 nemo
565 4421 643 4488 vidit
665 4439 806 4506 unquam
821 4407 856 4498 »;‘
884 4437 957 4486 6666
985 4419 1044 4506 666
1070 4427 1134 4500 636,
1159 4419 1191 4486 id
1217 4425 1264 4486 636
1287 4420 1404 4500 Deum,

452 4531 504 4598 oui
518 4547 585 4596 6336
599 4533 647 4596 636
668 4527 897 4604 substantiale,
914 4545 974 4592 non
999 4525 1201 4602 accidentale3
1225 4525 1405 4592 666611116-

452 4635 561 4702 rius⁵:
590 4635 780 4700 «11336666
803 4637 849 4700 636
880 4631 1020 4698 accidens
1044 4631 1128 4710 Deo,
1151 4629 1206 4696 sed
1234 4629 1406 4726 subsistens

452 4731 609 4810 raritas».
635 4743 723 4818 ltem,
749 4737 799 4806 eui
822 4757 888 4806 esse
909 4755 1035 4824 semper
1056 4755 1215 4822 praeseus
1238 4743 1299 4814 est,
1323 4755 1405 4802 nun-

452 4863 546 4932 quam
571 4845 789 4932 praeteritum,
814 4849 869 4910 aut
891 4841 1046 4908 futurum.
1071 4843 1154 4908 Deus
1178 4841 1405 4922 661636666-

522 5269 531 5302 ²
551 5271 603 5326 Clr.
622 5285 681 5336 cap.
700 5271 742 5322 la.
761 5271 786 5322 in
807 5271 867 5322 666.
884 5297 920 5310 ·-·-
939 5271 996 5324 Duo
1014 5283 1086 5340 seqq.
1106 5269 1153 5324 loci
1168 5275 1228 5322 sunt
1241 5271 1323 5324 Eccle.
1336 5271 1361 5336 l,
1375 5273 1404 5334 2;

452 5363 499 5414 ler.
518 5363 547 5426 6,
569 5361 597 5412 5:
618 5361 687 5426 Quid
705 5359 861 5412 inuenerunt
880 5365 966 5424 patres
984 5361 1064 5412 rastri
1082 5359 1109 5410 in
1122 5373 1164 5412 me
1178 5359 1331 5426 iniquitatis,
1343 5359 1404 5426 quia

390 5507 392 5510 ,
451 5451 640 5514 elongaverunt
657 5461 672 5500 a
689 5459 731 5498 66
750 5451 774 5500 66
793 5445 995 5500 ambulaverunt
1007 5453 1067 5510 post
1078 5445 1219 5498 vanitatem
1234 5453 1260 5500 et
1271 5445 1333 5498 vani
1347 5447 1405 5498 laeti

452 5537 532 5588 sunt?

521 5619 531 5652 ²
551 5625 628 5676 Vers.
645 5625 690 5676 61.
706 5649 741 5660 -
761 5623 909 5690 Sequuntur
929 5625 967 5674 Ps.
988 5621 1036 5688 93,
1052 5623 1093 5676 11.
1106 5627 1132 5676 66
1145 5623 1188 5686 11,
1202 5623 1230 5688 3;
1245 5625 1293 5676 ler.
1307 5621 1348 5686 61,
1365 5623 1405 5674 18.

522 5709 622 5764 ⁸Libr.
641 5711 710 5764 Xlll.
728 5711 762 5762 de
781 5711 852 5762 Tria.
873 5723 894 5762 6.
915 5712 939 5762 1.
959 5725 984 5764 n.
1005 5711 1035 5762 3:
1055 5711 1111 5766 Non
1135 5709 1225 5776 utique
1249 5709 1406 5778 quidquid...

452 5801 513 5854 bule
530 5799 653 5854 scientiae
671 5797 803 5862 tribuens,
821 5799 869 5850 sed
887 5797 950 5850 illud
966 5799 1164 5860 tantummodo,
1184 5811 1237 5864 quo
1256 5799 1323 5850 6663
1340 5801 1406 5850 salu·

452 5889 582 5952 666166,
599 5901 668 5954 quae
688 5887 720 5938 ad
739 5889 830 5938 ueram
847 5883 1034 5938 beatitudinem
1055 5885 1140 5948 ducit,
1160 5885 1276 5950 gignitur
1295 5891 1344 5938 ete.

522 5973 534 6006 ⁴
552 5977 651 6040 Nempe
670 5973 857 6028 interlinearis.
872 6001 906 6012 -
920 5975 1071 6040 Sequuntur
1085 5973 1146 6038 Sap.
1160 5973 1191 6036 2,
1203 5973 1231 6024 el
1244 5993 1251 6036 ;
1264 5975 1306 6024 Pe.
1319 5973 1365 6040 35,
1379 5973 1404 6026 1.

452 6069 476 6118 61
495 6069 513 6118 l.
530 6066 598 6117 loan.
619 6063 648 6126 i,
668 6063 711 6116 la.

523 6149 533 6180 ⁵
551 6151 622 6206 Libe.
641 6151 693 6204 Vll.
710 6151 744 6202 de
764 6151 835 6204 Triu.
855 6165 881 6202 n.
900 6149 948 6216 ll:
965 6147 1281 6216 Ε63666663166616663
1295 6163 1406 6212 66666,

452 6241 499 6294 sed
517 6245 567 6294 ete.

521 6325 532 6356 ⁶
551 6329 615 6380 lul.
634 6327 714 6392 Epist.
731 6327 800 6378 loun.
820 6331 850 6378 tr.
869 6327 894 6378 2.
912 6339 941 6378 n.
959 6327 990 6378 5:
1009 6325 1113 6390 Optime
1131 6325 1200 6378 enim
1213 6339 1265 6378 non
1277 6323 1327 6376 ait:
1340 6323 1407 6376 Aule

452 6415 584 6468 Abrabam
608 6429 658 6480 ego
683 6413 732 6480 lui,
752 6413 799 6468 sed
818 6415 879 6468 6666
896 6411 1035 6468 Abrabam
1054 6427 1101 6482 666
1120 6425 1182 6468 sata
1202 6411 1284 6480 [loan.
1298 6411 1328 6474 8,
1342 6411 1407 6480 66].

377 6561 379 6566 ,
453 6501 529 6566 Quod
547 6501 616 6554 enim
636 6501 730 6556 dicitur
749 6501 811 6570 quia
829 6501 890 6564 luit,
908 6515 960 6554 non
973 6505 1025 6568 est;
1038 6507 1065 6554 66
1076 6501 1148 6568 6666
1161 6501 1257 6554 dieitur
1268 6499 1330 6568 quia
1343 6499 1406 6562 erit,

452 6591 571 6642 nondum
590 6597 642 6658 est;
660 6591 702 6642 ille
719 6603 772 6642 nou
795 6591 868 6642 novit
893 6589 943 6642 nisi
969 6603 1033 6646 esse.
1062 6591 1211 6644 86666666
1242 6587 1314 6656 6666
1337 6587 1407 6640 Dens

452 6681 506 6754 est,
523 6689 579 6730 esse
595 6679 683 6746 novit,
701 6677 784 6746 faisse
803 6685 828 6732 et
844 6677 972 6746 saturam
991 6691 1046 6732 esse
1064 6693 1116 6732 non
1134 6677 1280 6732 66616616.
1295 6675 1404 6728 161666.

453 6763 552 6824 66666.
571 6769 601 6816 16.
621 6765 663 6818 66.
682 6781 708 6816 6.
726 6765 753 6820 5.

523 6843 533 6874 ⁷
553 6849 674 6912 Magister
694 6851 897 6918 Sententiarum,
914 6855 933 6906 l.
953 6853 1023 6904 Saul.
1040 6853 1068 6906 6.
1086 6855 1148 6906 Vlll.
1166 6867 1191 6906 6.
1209 6855 1239 6920 8,
1259 6855 1308 6906 bae
1326 6849 1360 6902 de
1379 6863 1407 6902 re

1120 545 1311 614 CONNENT.
1336 547 1374 614 lN
1397 545 1614 614 SAPIENTIAN
1636 549 1669 612 C.
1692 549 1764 612 Xlll.

1469 723 1545 790 dum
1568 723 1775 808 Augustinum
1790 723 1812 804 ⁶,
1838 741 1962 808 semper
1985 729 2046 802 636,
2069 741 2130 790 666
2164 723 2238 804 luit,
2261 731 2316 792 aut
2348 727 2426 804 erit,

1469 827 1627 912 quianon
1660 827 1761 906 novit,
1787 827 1902 894 seilicet
1925 845 1983 914 per
2003 827 2247 912 experientiam,
2272 831 2422 914 praeteri-

1469 939 1554 1014 tum,
1569 939 1625 1000 aut
1638 933 1794 998 laturum.
1810 933 1901 1012 1666,
1922 933 2012 1002 ouius
2032 951 2100 1000 6336
2109 951 2238 1020 param
2253 941 2314 1014 636,
2332 935 2426 1020 quia,

1469 1037 1622 1124 quidquid
1643 1037 1677 1104 in
1698 1053 1737 1104 66
1758 1043 1821 1116 636,
1847 1039 1914 1122 ipse
1941 1045 1989 1106 636
1997 1065 2006 1120 ;
2031 1039 2223 1124 Augustinus
2237 1037 2265 1104 ⁷:
2294 1065 2310 1098 c<
2326 1041 2422 1124 Quid-

1469 1143 1546 1228 quid
1568 1143 1600 1208 in
1616 1143 1680 1210 Deo
1694 1147 1742 1210 636
1757 1143 1842 1210 Deus
1862 1149 1908 1210 est
1924 1171 1953 1208 a.
1979 1145 2071 1224 ltem,
2097 1143 2187 1212 auius
2209 1163 2277 1212 6336
2299 1147 2339 1212 66
2360 1149 2423 1214 alin

1468 1267 1530 1314 nou
1554 1253 1614 1326 636,
1638 1247 1842 1314 immutabile
1864 1255 1928 1330 est;
1950 1251 2035 1318 unde
2051 1251 2256 1336 Hieronymus
2280 1251 2317 1318 ad
2342 1253 2421 1318 Nar-

1469 1353 1576 1420 cellam
1594 1353 1624 1418 8:
1658 1379 1674 1412 «
1693 1353 1796 1434 Deus,
1823 1355 1878 1440 qui
1911 1355 1995 1422 solus
2018 1355 2184 1424 exordium
2208 1357 2279 1442 6666
2310 1359 2424 1440 babet,

1468 1477 1562 1526 verae
1583 1459 1740 1524 essentiae
1761 1477 1876 1526 66666
1901 1461 2018 1542 tenuit,
2042 1461 2116 1546 quia
2146 1461 2270 1530 ineius
2297 1481 2421 1548 compa·

1468 1563 1603 1644 ratione,
1626 1563 1681 1648 qui
1697 1581 1770 1632 rere
1791 1569 1852 1646 est,
1875 1565 1950 1650 quia
1966 1565 2230 1634 incommutabilis
2248 1575 2309 1648 636,
2330 1571 2430 1658 quasi

1468 1687 1529 1734 non
1555 1677 1641 1748 3666,
1667 1687 1748 1754 6666
1763 1671 1996 1736 commutabilia
2018 1679 2094 1738 sunt
2109 1697 2139 1752 6,
2165 1679 2199 1740 66
2224 1681 2297 1742 3666
2311 1695 2421 1744 66663

1468 1783 1645 1854 creaturae,
1679 1775 1851 1842 seeundum
1881 1773 1959 1842 illud
1990 1775 2120 1844 Psalmi:
2149 1805 2166 1836 «
2181 1779 2267 1846 Sicut
2297 1787 2423 1866 operto-
2504 1803 2510 1812 ’

1467 1881 1552 1948 rium
1578 1881 1715 1948 mutabis
1739 1899 1809 1962 cos,
1832 1887 1864 1948 66
1889 1881 2118 1962 mutabuntur3
2141 1891 2178 1950 tu
2203 1891 2309 1950 autem
2339 1885 2421 1952 idem

1468 1987 1534 2072 ipse
1558 2005 1590 2054 63
1607 2013 1621 2046 a
1642 1995 1720 2070 etc.;
1744 1989 1818 2054 item
1844 1987 2166 2056 116166616666661696
2187 1989 2283 2076 «Ego
2304 2009 2421 2070 sum»,

1467 2094 1568 2172 11663,
1592 2093 1642 2160 vel
1671 2093 1871 2174 «Dumium,
1894 2099 1926 2160 et
1947 2111 2010 2160 non
2033 2101 2139 2160 mutor
2156 2121 2184 2158 a.
2210 2095 2340 2182 Propter
2369 2115 2421 2164 ra-

1466 2199 1567 2266 tiones
1600 2199 1773 2284 praedictas
1808 2199 1903 2286 Noysi
1936 2199 2101 2286 quaerenti
2133 2217 2246 2266 nomen
2281 2201 2349 2268 eius
2378 2201 2421 2266 ait

1467 2307 1565 2372 Exodi
1589 2307 1737 2372 tertiam:
1765 2307 1857 2392 «Ego
1879 2325 1964 2388 sum,
1989 2307 2044 2394 qui
2066 2325 2148 2374 sum.
2173 2307 2239 2372 Ait:
2264 2309 2307 2374 sie
2338 2307 2435 2376 dices

1450 2409 1539 2476 ,filiis
1562 2412 1670 2478 lsrael:
1694 2411 1752 2496 Qui
1780 2419 1826 2478 636
1850 2411 1935 2478 misit
1956 2431 2007 2480 66
2034 2413 2072 2478 66
2096 2433 2192 2480 vos».
2219 2411 2326 2502 Neque
2351 2433 2421 2500 ope-

1466 2515 1563 2610 ribus
1584 2517 1801 2596 attendentes,
1824 2535 1906 2602 6666
1930 2519 2047 2586 scilieet
2072 2517 2138 2606 ipse
2162 2519 2250 2598 iecit,
2283 2539 2422 2608 666666-

1466 2627 1566 2700 ruul,
1589 2621 1666 2706 quie
1688 2619 1938 2708 6336661666,
1964 2623 2079 2690 scilicet
2104 2625 2233 2706 borum,
2255 2633 2289 2694 et
2317 2631 2420 2694 tamen

1466 2725 1597 2790 faciliter
1621 2732 1764 2810 poterant
1789 2745 1995 2812 cognoscere;
2019 2729 2058 2796 ad
2081 2731 2236 2798 Romanos
2257 2733 2360 2816 primo
2375 2733 2419 2798 ll:

1473 2857 1490 2888 «
1505 2831 1672 2898 inuisibilia
1687 2831 1768 2898 enim
1792 2831 1848 2898 Dei
1864 2849 1922 2916 per
1943 2851 2076 2918 666666
2101 2835 2180 2900 lacta
2195 2841 2286 2916 suni,
2301 2855 2318 2922 6
2334 2853 2421 2904 crea-

1467 2943 1541 3002 tura
1562 2937 1671 3002 mnndi
1694 2937 1851 3004 intellecta
1872 2939 2108 3024 conspiciuntur
2123 2967 2154 3006 a.

1557 3041 1657 3122 (Veis.
1687 3043 1742 3122 6.).
1766 3041 1829 3108 Sed
1861 3051 1923 3110 666
1943 3043 2067 3130 ignem,
2093 3043 2209 3114 scilicet
2232 3045 2420 3128 Vulcanum,
2440 3051 2589 3152 Spppgpgp

1467 3153 1504 3212 ut
1526 3147 1670 3212 Chaldaei
1693 3147 1797 3232 ignem
1819 3149 2001 3228 adorantem
2026 3157 2087 3216 aut
2112 3151 2290 3236 spiritam,
2312 3153 2344 3222 id
2374 3161 2422 3222 636
2447 3161 2513 3204 sede·

1467 3255 1610 3332 aethera,
1633 3253 1751 3320 scilicet
1764 3261 1887 3338 partem
1911 3255 1992 3324 airis
2008 3257 2218 3340 superiorem,
2242 3279 2334 3344 quem
2352 3261 2421 3346 qui-

1466 3359 1538 3424 dam
1561 3357 1773 3444 intelligebant
1797 3377 1853 3444 per
1875 3359 1977 3426 loram
2000 3361 2233 3444 fulminantem
2256 3373 2317 3432 aut
2339 3365 2421 3432 cila-

1469 3471 1538 3530 tam
1562 3471 1691 3554 adrem,
1715 3465 1747 3530 id
1776 3473 1823 3532 est
1846 3471 1967 3552 partem
1999 3467 2178 3536 inferiorem
2201 3471 2300 3552 airis,
2324 3489 2420 3558 quam

1467 3571 2014 3660 6666166661666666,66666666
2036 3573 2224 3656 stellarum,
2241 3577 2271 3642 id
2288 3585 2333 3646 est
2353 3597 2421 3646 cae·

1467 3677 1533 3744 lum
1552 3677 1723 3756 stellatum,
1740 3683 1775 3744 nt
1791 3679 1833 3744 illi
1852 3679 1904 3766 qui
1926 3679 2097 3750 adorabant
2113 3681 2254 3750 militiam
2270 3685 2361 3764 caeli,
2381 3687 2422 3754 de

1468 3783 1584 3868 quibus
1595 3783 1710 3851 dicitur
1722 3785 1952 3852 Deuteronomii
1967 3787 2086 3854 decimo
2099 3789 2230 3874 septimo
2240 3791 2280 3856 ¹2:
2298 3817 2314 3850 a
2321 3793 2361 3858 66
2371 3811 2421 3858 va-

1467 3889 1542 3956 dant
1555 3897 1584 3958 66
1596 3891 1734 3958 serviant
1745 3891 1804 3958 diis
1815 3891 1938 3970 alienis,
1950 3899 1982 3960 et
1993 3893 2122 3960 adorent
2137 3913 2204 3962 eos:
2219 3896 2422 3966 361666616-

1467 4015 1541 4062 nam
1557 4003 1587 4062 et
1602 4015 1727 4064 omnem
1743 3997 1884 4064 militiam
1901 3999 1976 4064 caeli
1991 4023 2024 4080 »3
2042 4007 2103 4066 666
2116 4001 2258 4068 nimiam
2279 4023 2420 4092 aquam,

1469 4099 1564 4186 6666
1586 4101 1703 4170 seilicet
1727 4102 1878 4170 uocabant
1893 4103 2089 4188 Neptunum;
2114 4115 2175 4174 666
2195 4107 2309 4190 seam,
2325 4129 2421 4194 quem

1468 4207 1621 4274 vocabant
1647 4207 1806 4274 Phoebum
1837 4209 1886 4276 rel
1910 4209 2097 4294 Apollinem,
2125 4231 2219 4298 quem
2249 4215 2423 4284 adorabant

1468 4311 1644 4396 Babylonii:
1661 4319 1722 4380 666
1736 4311 1760 4350 ¹³
1786 4311 1918 4394 lunam,
1934 4333 2029 4400 quam
2045 4317 2196 4386 uocabant
2210 4319 2356 4400 Dianam,
2372 4323 2422 4390 rel

1474 4443 1491 4476 «
1514 4419 1590 4486 caeli
1619 4419 1757 4504 reginam
1781 4445 1818 4498 a,
1850 4421 1887 4488 de
1916 4439 1979 4506 qua
2006 4423 2153 4492 [eramiae
2183 4425 2421 4512 quadragesimo

1468 4531 1590 4607 quarto.
1617 4525 1764 4592 Rariores
1788 4523 1878 4590 orbis
1909 4533 2079 4592 terraram
2104 4529 2178 4596 6663
2199 4539 2421 4614 putaverant,

1469 4635 1598 4714 propter
1620 4629 1743 4714 aliquos
1765 4629 1893 4698 61166663
1917 4649 2026 4700 eorum
2051 4635 2169 4702 mundo
2190 4639 2390 4704 necessarios.

1559 4733 1647 4812 Nota,
1673 4733 1756 4820 quod
1772 4743 1935 4804 creaturas
1957 4755 2025 4804 6336
2048 4737 2136 4818 6663,
2160 4759 2222 4806 666
2244 4741 2422 4810 debuerunt

1468 4845 1598 4926 putare,
1622 4839 1724 4926 primo
1748 4845 1876 4926 propter
1898 4851 2031 4910 naturae
2059 4845 2322 4930 corporeitatem,
2348 4849 2423 4934 quia

1469 5271 1563 5334 allegat
1580 5285 1613 5324 ex
1631 5269 1676 5324 lib.
1694 5271 1728 5324 de
1746 5271 1809 5324 Fide
1825 5277 1851 5324 66
1871 5271 2009 5336 Symbolo,
2028 5287 2052 5328 6.
2071 5273 2096 5326 6.
2115 5289 2139 5326 6.
2159 5277 2206 5340 26,
2234 5275 2278 5328 661
2303 5277 2424 5340 Augusti-

1467 5373 1518 5412 nus
1535 5361 1626 5424 dooet‚
1648 5379 1662 5406 o
1673 5359 1698 5410 in
1717 5357 1761 5410 Dei
1781 5357 1923 5412 substantia
1942 5373 1996 5412 non
2008 5373 2065 5412 esse
2077 5361 2177 5428 aliquid
2189 5363 2252 5428 tale,
2264 5363 2340 5430 quasi
2354 5361 2423 5414 aliud

1468 5445 1505 5498 ibi
1523 5447 1557 5500 sit
1574 5445 1731 5514 substantia,
1750 5445 1819 5500 aliud
1838 5447 1910 5514 quod
1929 5447 2028 5500 accidat
2048 5445 2205 5500 substantiae
2217 5451 2243 5500 66
2255 5443 2352 5502 nonsit
2364 5447 2424 5502 sub·
2515 5445 2519 5452 '

1458 5535 1575 5598 ''stantia3
1595 5535 1642 5586 366
1660 5535 1790 5602 quidquid
1809 5535 1845 5588 ibi
1864 5535 1968 5598 intelligi
1982 5539 2077 5602 potest,
2090 5533 2234 5586 substantia
2252 5541 2329 5602 esta3
2350 5541 2374 5586 66
2391 5551 2424 5588 ex

1469 5623 1526 5674 XV.
1541 5625 1575 5676 da
1588 5621 1658 5674 Tria.
1673 5637 1695 5676 6.
1709 5621 1752 5676 li.
1765 5637 1790 5676 n.
1810 5623 1858 5688 28,
1877 5621 1924 5676 ubi
1942 5623 1975 5676 de
1994 5621 2076 5676 tribus
2096 5621 2191 5674 divinis
2209 5625 2327 5688 personis
2346 5625 2423 5690 dieii,

1469 5709 1543 5776 quod
1559 5731 1571 5758 6
1583 5709 1622 5764 316
1634 5709 1760 5764 babeatur
1780 5709 1973 5778 [intelligenda
1993 5709 2110 5778 dileetio]
2123 5709 2148 5760 iu
2162 5709 2367 5780 uniuscuiusque
2377 5727 2425 5766 na-

1469 5801 1542 5864 tura,
1560 5803 1588 5850 ut
1607 5797 1651 5864 qni
1671 5797 1764 5862 babet,
1783 5799 1832 5850 boc
1851 5799 1884 5850 sit
1901 5797 1975 5864 quod
1994 5797 2086 5860 babet,
2106 5797 2172 5850 sicut
2184 5799 2352 5854 immutabilis
2364 5801 2424 5854 sim

1469 5885 1581 5952 plerique
1600 5883 1744 5938 substantia
1757 5903 1782 5936 r.
1801 5883 1852 5938 Cir.
1872 5885 1902 5940 N.
1923 5885 1955 5936 66
1975 5883 2049 5936 Trin.
2067 5897 2091 5936 c.
2111 5887 2134 5938 6.
2153 5901 2178 5940 n.
2197 5887 2222 5940 3.
2242 5893 2266 5940 66
2283 5903 2307 5942 6.
2321 5889 2346 5940 1.
2360 5903 2384 5942 n.
2397 5889 2424 5940 5.

1470 5985 1560 6040 3666,,
1579 5973 1632 6024 llll.
1649 5987 1673 6024 c.
1694 5975 1716 6024 l.
1737 5987 1761 6024 n.
1781 5973 1806 6024 1.
1825 5985 1899 6040 seqq.
2047 5979 2048 5982 ’

1520 6055 1628 6110 ,8666
1646 6059 1684 6112 66
1706 6061 1866 6114 Damasum.
1885 6057 1951 6110 Vide
1980 6073 2049 6126 qnae
2075 6061 2187 6116 diximus
2215 6065 2248 6116 de
2276 6069 2325 6118 boc
2354 6069 2423 6118 textu

1469 6151 1533 6198 tom.
1553 6147 1569 6198 l.
1588 6159 1651 6212 pag.
1671 6147 1737 6210 116,
1756 6153 1815 6198 nota
1834 6145 1860 6198 1.
1879 6173 1913 6184 -·-
1933 6147 2054 6212 Sequitur
2072 6149 2113 6204 Pa.
2132 6151 2191 6216 161,
2210 6151 2253 6204 27.
2271 6157 2298 6204 el
2316 6153 2359 6204 28.
2388 6191 2391 6196 ,

1541 6231 1645 6288 ⁹Vers.
1665 6237 1690 6288 6.

1541 6319 1564 6350 ¹⁰
1584 6321 1659 6374 Vere.
1681 6321 1722 6374 11.

1541 6409 1563 6440 ¹²
1582 6411 1658 6462 Vers.
1678 6413 1701 6462 3.
2117 6445 2119 6450 ·

1542 6487 1619 6548 13’116
1631 6495 1709 6548 etiam
1719 6495 1791 6548 card.
1804 6497 1894 6564 llugn;
1909 6499 2019 6564 Vulgata
2033 6503 2066 6556 ei.
2078 6501 2248 6570 —Sequitur
2260 6505 2308 6556 les.
2320 6501 2367 6566 16,
2381 6503 2426 6554 ts.

1470 6587 1496 6636 et
1515 6585 1563 6636 la:
1581 6585 1617 6636 Ex
1635 6597 1667 6636 eo
1687 6589 1773 6636 aulem
1793 6589 1927 6650 tempore,
1944 6603 1999 6654 quo
2016 6591 2178 6644 cessavimus
2195 6591 2342 6644 sacrificare
2357 6591 2425 6654 regi-

1469 6685 1519 6722 nae
1538 6671 1600 6724 caeli
1620 6675 1669 6724 etc.
1686 6699 1721 6710 -
1740 6671 1899 6726 Praecedens
1922 6677 2048 6738 expositio
2072 6683 2112 6732 est
2135 6679 2280 6732 secuudum
2306 6679 2422 6730 Glossam

1470 6755 1641 6812 ordinariam
1658 6773 1690 6810 ex
1707 6757 1825 6812 Rabano.
1842 6759 2281 6832 616.131666.,6111.6636616666.
2297 6767 2336 6832 11,
2350 6767 2424 6830 6666
2501 6779 2507 6790 ‘

1470 6851 1562 6900 tractat
1578 6847 1613 6900 66
1631 6843 1682 6900 diis
1700 6845 1828 6914 gentiam.

2246 6323 2266 6356 ¹¹
2289 6329 2362 6380 Veis,
2379 6327 2423 6378 20.
2495 6347 2497 6350 ·
