5908 8266
1182 613 1372 680 COMMENT.
1383 607 1435 680 lu
1445 623 1448 656 '³
1457 613 1624 680 lOlNuuul
1636 615 1679 680 C.
1693 615 1725 680 l.

469 791 721 870 absconditnm¹,·
754 791 896 858 Matthaei
923 789 1182 856 decimotertio:
1209 815 1225 848 6
1242 789 1346 854 Simile
1378 795 1425 856 est

468 915 600 980 regnum
626 899 782 964 caelorum
808 897 956 962 thesauro
978 893 1157 962 abscondito
1182 893 1312 980 inagro
1326 919 1341 952 »
1364 901 1422 960 etc.

484 1031 485 1034 ¹
557 1003 608 1066 80.
627 1001 726 1088 (Vers.
744 1001 822 1080 66).
839 1001 881 1064 Et
894 997 1038 1064 adduxit
1052 1017 1127 1064 666
1142 999 1189 1064 ud
1203 1001 1312 1064 666666
1321 1019 1335 1076 ;Ἰ
1349 997 1424 1082 lpo-

467 1105 599 1190 calypsis
623 1107 779 1172 ultimae:
808 1129 825 1162 6
839 1103 898 1188 Qui
915 1103 1010 1170 ‘audit
1023 1103 1105 1172 dicat
1119 1103 1288 1184 :÷Veui;et
1304 1103 1358 1190 qui
1382 1103 1423 1170 si-

468 1211 506 1276 tit
527 1211 631 1278 veniat
646 1237 675 1276 ».
703 1209 848 1276 16666666
869 1217 979 1276 66666
996 1229 1071 1276 cuna
1085 1211 1188 1276 lesus.
1205 1211 1355 1294 Tangitur
1373 1209 1423 1274 hic

302 1333 451 1400 pugnum-
468 1317 632 1400 quintum,
656 1317 773 1382 scilicet
791 1313 1061 1400 praedicationis·
1077 1313 1319 1400 discipulorum
1333 1333 1423 1380 cccc·

280 1483 281 1488 ,
316 1391 450 1496 ἓὲἓῖῗῖἐῗῑῖἷε
465 1421 589 1508 plutio,
620 1421 695 1506 quia
724 1421 876 1514 Dominus
905 1427 1044 1506 acceptat
1077 1427 1106 1486 et
1135 1421 1326 1486 uocationem
1357 1419 1422 1486 sire

468 1527 727 1612 praedicationem
751 1527 906 1604 Andreae,
923 1525 1120 1610 suscipiendo
1137 1525 1276 1592 Petrum:
1294 1523 1424 1610 propter

468 1631 550 1716 quod
575 1649 690 1698 nomen
710 1631 846 1716 imponit
863 1637 1014 1716 tanquam
1031 1649 1088 1698 suo
1102 1619 1266 1714 discipulo.
1290 1630 1360 1696 ideo
1377 1629 1422 1696 di-

469 1737 530 1802 cit:
561 1737 708 1802 Intuitur
737 1741 847 1802 666666
878 1755 971 1814 cum,
1000 1735 1117 1804 scilicet
1142 1737 1284 1814 Petrum,
1313 1737 1420 1814 lesus,

468 1843 566 1910 oculis
597 1843 714 1910 scilicet
744 1841 959 1928 benignitatis3
989 1843 1028 1910 de
1058 1859 1121 1928 quo
1151 1841 1269 1908 intuitu
1295 1841 1422 1908 Genesis

469 1949 707 2036 quadragesimo
728 1949 890 2036 quartur:
919 1973 935 2006 c
953 1949 1100 2016 hdducite
1123 1949 1252 2014 tratrem
1280 1953 1420 2014 vestrum

468 2055 505 2122 ud
529 2073 596 2136 me,
620 2061 652 2122 et
674 2073 786 2140 ponam
810 2073 906 2138 super
929 2071 1002 2120 eum
1027 2055 1135 2120 oculos
1157 2071 1242 2120 moos
1257 2077 1286 2132 »3
1313 2053 1419 2120 illuit:

476 2163 525 2226 Tu
547 2181 581 2228 es
605 2163 735 2240 Simon,
760 2159 851 2246 filius
873 2161 1014 2226 166666.
1037 2159 1153 2226 Nomen
1178 2159 1246 2226 eius
1270 2159 1359 2238 dicit,
1386 2165 1421 2224 ut

468 2267 551 2334 uliud
575 2267 733 2352 imponat:
767 2267 813 2330 Tu
839 2265 1006 2332 vocaberis
1040 2261 1182 2352 Cephea,
1212 2263 1299 2354 quod
1322 2263 1420 2330 inter-

465 2383 620 2456 pretetur
647 2375 766 2442 Petrus
777 2397 789 2450 ;
810 2371 932 2438 Bedai:
965 2371 1177 2450 «Sciendum,
1196 2371 1279 2458 quod
1295 2371 1420 2456 Syriaca

470 2477 573 2564 lingua
600 2477 741 2564 Cepheo,
767 2477 883 2544 Graeca
908 2483 937 2544 et
962 2477 1068 2542 Latina
1086 2477 1223 2556 Petrus,
1240 2477 1317 2542 etin
1334 2483 1421 2542 utra-

468 2601 530 2668 que
559 2585 666 2670 lingua
695 2603 714 2648 a
742 2590 834 2666 petra
863 2581 1041 2660 derivatum
1073 2587 1118 2648 est
1135 2609 1164 2646 ».
1196 2581 1265 2648 ideo
1286 2580 1361 2648 dicit
1393 2579 1419 2646 ei

468 2689 617 2756 Dominus
632 2687 776 2756 Matthaei
794 2687 1041 2754 decimosexto:
1070 2687 1151 2752 «Tu
1173 2705 1208 2754 es
1230 2687 1357 2764 Petrus,
1391 2689 1420 2750 ot

468 2813 561 2880 super
588 2797 668 2862 hanc
689 2803 810 2880 petram
829 2821 859 2874 u,
875 2813 895 2858 a
911 2811 973 2878 qua
988 2793 1104 2860 scilicet
1120 2799 1157 2858 tu
1172 2811 1284 2858 nomen
1300 2791 1419 2876 accepi-

380 2945 382 2952 *
467 2903 523 2982 sti,
540 2901 600 2970 hoc
615 2908 663 2968 666
678 2921 774 2988 super
790 2919 857 2980 me,
877 2927 894 2960 «
908 2899 1074 2966 aedificabo
1092 2899 1255 2966 Ecclesiam
1274 2915 1372 2966 meam
1388 2921 1418 2978 »3

468 3009 586 3094 primae
616 3009 654 3076 ad
685 3005 862 3074 Corinthios
892 3005 1033 3072 decimo:
1062 3031 1079 3064 6
1095 3007 1183 3074 Ρ6666
1216 3013 1321 3072 autem
1352 3011 1448 3070 erat

467 3113 655 3180 Christus»,
686 3113 735 3178 Τ6
749 3113 919 3178 bocchoris
935 3113 1073 3188 Petrus,
1091 3111 1121 3176 id
1137 3119 1202 3188 est,
1219 3131 1236 3176 a
1251 3111 1344 3176 firma
1366 3127 1419 3194 pe-

468 3223 514 3284 tra
527 3219 668 3298 Christo,
684 3235 780 3302 quem
794 3219 939 3284 ardenter
963 3217 1099 3296 amabis,
1121 3235 1234 3284 nomen
1250 3215 1383 3302 accipies
1396 3217 1417 3282 4.

2376 611 2439 678 263

1551 821 1552 824 ¹
1575 791 1780 858 Rxsrounno:
1805 789 1994 870 Dicendum,
2021 789 2107 874 quod
2130 791 2154 854 A
2159 809 2247 876 punc
2267 779 2374 854 oicths
2393 791 2440 854 est
2460 799 2604 866 666616-

1487 895 1643 974 aloanne,
1661 897 1737 982 quia
1751 899 1782 962 in
1800 897 1953 982 agnoiuit
1965 893 2232 982 praefiguratus,
2250 889 2347 960 Exodi
2363 893 2439 958 duo

1487 999 1605 1066 docimo
1618 1001 1647 1080 ⁶¹,
1673 1007 1703 1068 et
1733 1001 1925 1088 praedictus
1946 1021 1971 1068 6
1989 1001 2166 1088 Prophetis
2195 1001 2292 1068 Isaiae
2320 995 2439 1064 decimo

1487 1111 1585 1170 sexto.
1603 1107 1642 1172 Et
1663 1101 1953 1192 quiaEvangelium
1970 1127 2141 1176 consonare
2157 1103 2355 1190 debetLegi,
2371 1103 2439 1170 ideo

1486 1205 1611 1274 nomine
1634 1209 1716 1294 ugni
1739 1211 1970 1280 demonstratus
1994 1219 2081 1280 esta
2101 1213 2225 1280 Ioanne.
2251 1247 2252 1254 κ
2437 1301 2438 1304 ¹

1574 1315 1626 1378 86.
1651 1313 1709 1380 Sed
1733 1313 1836 1380 adbuc
1861 1321 1955 1384 restat
1979 1319 2137 1402 quaestio:
2162 1335 2260 1404 quare
2273 1313 2439 1402 praetigu-
2456 1325 2591 1424 Qii32‘is³⁰'

1484 1423 1574 1484 ratus
1595 1419 1655 1484 fuit
1680 1419 1805 1486 nomine
1827 1421 1911 1508 agni
1936 1421 2000 1490 siue
2022 1423 2055 1490 in
2077 1423 2193 1510 apuu?
2261 1453 2262 1456 ¹
2291 1455 2293 1458 ·
2559 1411 2564 1424 ’

1521 1577 1522 1580 ,
1570 1525 1744 1610 ¹Responsio
1766 1527 1863 1592 huius
1881 1523 1953 1592 est:
1977 1529 2097 1596 ratione
2114 1529 2316 1596 innocentiae
2326 1553 2337 1606 ‚·
2355 1527 2439 1594 unde
2456 1539 2522 1594 neso-

1485 1629 1583 1696 lixodi
1607 1631 1790 1696 duodecimo
1804 1631 1836 1696 ⁷:
1868 1659 1883 1690 «
1898 1631 1962 1698 Erit
1995 1631 2061 1700 sine
2082 1637 2232 1714 macula,
2262 1635 2439 1712 masmim,
2457 1645 2559 1690 Rationes
2572 1643 2593 1688 3-

1484 1735 1649 1802 anniculus
1665 1763 1697 1802 ».
1727 1737 1855 1804 Ratione
1883 1739 2085 1824 patientioe;
2118 1727 2209 1806 isaiae
2247 1739 2440 1824 quinquage-

1484 1841 1563 1908 simo
1586 1841 1678 1908 terlio
1691 1841 1725 1908 ⁸:
1756 1845 1947 1928 «Tanquam
1978 1863 2078 1930 agnus
2109 1863 2212 1912 coram
2239 1845 2384 1912 tondente
2406 1863 2441 1912 se

1483 1947 1688 2012 obmutuit».
1723 1949 1850 2016 Ratione
1886 1949 2039 2018 utilitatis
2062 1969 2221 2038 magone,
2247 1949 2322 2034 quia
2354 1957 2440 2016 totccs

1483 2051 1591 2132 rutilis,
1620 2053 1696 2140 quia
1720 2055 1787 2120 oris
1812 2055 1947 2122 tribuiti
1969 2057 2017 2122 lac
2039 2057 2221 2140 inpotem,
2252 2073 2377 2120 carnem
2406 2055 2439 2120 in

1483 2157 1606 2238 cibum,
1633 2159 1734 2224 lanam
1759 2159 1789 2226 in
1815 2161 2187 2246 uestimentumpellem
2210 2161 2244 2228 in
2267 2165 2423 2226 ornatum.

1574 2263 1660 2348 Quod
1685 2281 1760 2348 ergo
1781 2265 1947 2346 obiicitur,
1977 2267 2062 2352 quod
2091 2267 2143 2332 alii
2168 2273 2242 2334 sunt
2268 2265 2361 2348 agni3
2391 2263 2440 2330 di·
2456 2279 2523 2324 aar.

1484 2367 1637 2450 cendum,
1660 2369 1744 2456 quod
1768 2371 1944 2438 innocentia
1958 2373 2073 2438 Christi
2088 2373 2193 2440 differt
2207 2359 2249 2440 ab
2263 2371 2346 2438 aliis:
2365 2369 2439 2456 quia

1483 2475 1550 2558 ipse
1574 2475 1641 2542 sine
1662 2477 1803 2556 macula,
1829 2477 1902 2562 quia
1924 2477 1993 2546 eius
2018 2479 2139 2546 macula
2160 2477 2257 2546 nolle
2279 2476 2359 2556 luit;
2384 2475 2439 2542 sed

1482 2579 1534 2648 alii
1559 2581 1660 2648 Sancti
1685 2589 1760 2650 sunt
1785 2581 1851 2650 sine
1883 2585 2021 2664 macula,
2054 2585 2128 2670 quia
2156 2601 2268 2652 eorum
2299 2582 2439 2648 maculae

1482 2693 1557 2754 sunt
1582 2687 1748 2754 abstersae
1771 2705 1827 2772 per
1850 2687 1991 2774 gratiam.

1572 2793 1623 2860 83.
1649 2795 1773 2876 Quaest.
1797 2793 1831 2860 ll.
1855 2795 2025 2880 Quaeritur
2047 2797 2087 2864 de
2108 2793 2318 2882 perhibitione
2340 2795 2437 2860 buius

1483 2897 1661 2966 testimonii.
1686 2899 1808 2966 Dicitur
1833 2901 1933 2980 enim,
1959 2903 2041 2987 quod
2058 2905 2200 2970 loannes
2214 2901 2325 2968 666666
2339 2907 2370 2966 66
2387 2917 2438 2966 co-

1483 3023 1550 3070 ram
1575 3005 1704 3072 duohrcs
1726 3005 1900 3092 discipulis
1922 3005 2134 3074 testimonium
2157 3005 2328 3092 perhibuit.

1571 3111 1721 3176 Conana:
1757 3111 1936 3178 l.10anncs
1967 3119 2034 3178 erat
2065 3113 2178 3178 missus
2210 3113 2248 3176 ad
2279 3127 2436 3194 praenun-

1483 3217 1623 3284 tiandum
1662 3217 1844 3284 Christum:
1880 3237 1963 3302 ergo,
1987 3219 2130 3298 videtur,
2165 3217 2250 3302 quod
2286 3235 2346 3282 non
2383 3215 2434 3282 de-

1394 3403 1399 3414 ,
1481 3323 1572 3390 beret
1595 3331 1701 3402 sture,
1727 3323 1781 3390 sed
1808 3323 1994 3404 circumire,
2026 3331 2061 3390 ut
2092 3341 2205 3390 nomen
2235 3323 2349 3388 Christi
2383 3341 2436 3386 an-

827 3431 1052 3512 Quaesumus

554 3641 607 3704 8l.
632 3641 756 3722 Quaest.
785 3639 803 3704 l.
819 3613 884 3704 'Seu
917 3639 1080 3724 quaeritur
1105 3637 1155 3704 hic
1178 3637 1343 3722 primodo
1374 3643 1419 3704 te-

465 3745 610 3812 stimonio
632 3745 691 3812 isto
714 3743 848 3812 ultimo:
874 3745 971 3822 Ecce,
995 3745 1019 3808 Α
1025 3761 1113 3830 pncs
1136 3743 1197 3806 Dei
1209 3765 1218 3806 .·

557 3857 583 3920 6.
610 3853 701 3938 Quia,
727 3869 799 3920 cum
821 3851 900 3916 nihil
923 3851 994 3936 plns
1017 3849 1185 3926 addiderit,
1219 3849 1342 3916 videtur
1371 3849 1420 3914 in·
1463 3901 1467 3912 ,

464 3959 623 4028 sufficiens
644 3959 741 4026 fuisse
764 3957 993 4034 testimonium,
1016 3955 1091 4040 quia
1113 3955 1173 4022 hoc
1188 3959 1291 4040 potest
1304 3953 1366 4022 dici
1379 3953 1419 4022 de

464 4065 604 4148 quolibet
616 4067 740 4142 Sancto,
755 4061 892 4128 maxime
908 4061 946 4126 de
962 4059 1125 4146 hpostolis3
1139 4061 1240 4124 Lucae
1255 4057 1374 4126 decimo
1386 4057 1417 4122 ⁵:

470 4197 486 4230 6
503 4173 592 4250 Ecce,
618 4191 675 4256 ego
696 4171 786 4238 mitto
810 4187 865 4236 ros
887 4171 969 4238 sicut
991 4185 1086 4254 agnos
1109 4167 1189 4232 inter
1214 4167 1304 4250 lupos
1319 4191 1350 4230 a.

554 4283 582 4344 E.
609 4277 700 4356 Item,
726 4295 823 4364 quare
849 4277 951 4362 potius
976 4275 1102 4340 nourine
1121 4273 1203 4360 ugni
1226 4293 1326 4358 quam¹
1343 4275 1418 4340 alle-

464 4383 531 4448 rias
555 4383 696 4450 animalis
719 4381 822 4466 ipsum
845 4379 1014 4448 describit?

495 4871 496 4874 ’
532 4869 545 4898 '¹
566 4871 639 4924 Vers.
659 4871 702 4924 lt.
1248 4907 1250 4910 -
1410 4917 1411 4920 ,

534 4957 546 4990 ²
566 4961 640 5014 Vars.
659 4961 702 5012 cl.
713 4989 750 5000 -
761 4961 845 5024 Beda,
858 4960 886 5016 ll.
898 4961 994 5026 llomil.
1012 4959 1101 5022 homil.
1121 4961 1163 5018 23.
1179 4961 1207 5026 iu
1226 4961 1304 5034 natali
1322 4961 1349 5012 S.
1367 4961 1416 5010 dn·

464 5049 542 5100 circae
567 5041 699 5114 Apostoli}
716 5047 825 5102 intuitus
851 5053 890 5100 est
917 5049 1051 5102 Simonem
1069 5035 1144 5118 ¹lesus
1170 5063 1222 5098 uon
1246 5045 1416 5100 exterioribus

464 5135 547 5188 solum
561 5137 655 5198 ortulis,
669 5137 715 5188 sed
734 5143 760 5188 et
776 5135 879 5202 intorno
896 5136 1042 5188 Divinitatis
1061 5137 1166 5202 intuitu,
1181 5137 1250 5188 iuxta
1263 5135 1328 5188 illud
1346 5135 1416 5186 beati

464 5225 591 5276 Samuelis
612 5225 645 5294 [l.
658 5227 723 5288 Reg.
738 5225 783 5288 lli,
799 5221 849 5294 7.]:
864 5225 948 5278 Homo
959 5223 1029 5276 uidet
1049 5223 1075 5276 ln
1092 5223 1170 5292 facie,
1185 5225 1254 5278 Deus
1269 5209 1363 5276 666666
1379 5221 1416 5276 66-

463 5315 553 5366 tuctur
572 5327 629 5368 cor.
647 5315 717 5366 Vidit
737 5313 823 5366 cordis
845 5313 902 5366 eius
927 5313 1131 5386 simplicitatem,
1149 5313 1215 5366 uidit
1234 5313 1314 5364 animi
1337 5311 1416 5366 subli-

464 5403 594 5468 mitatem,
620 5399 694 5456 cuius
719 5401 813 5454 merito
836 5405 945 5452 cunctae
971 5405 1040 5452 esset
1067 5399 1253 5464 praeferendus
1278 5399 1416 5450 Ecclesiae.

465 5489 542 5554 Vidit,
562 5489 638 5558 quia,
656 5489 900 5562 vocantchndrea,
920 5491 1035 5540 fervente
1054 5489 1086 5540 ad
1105 5501 1133 5540 se
1151 5501 1242 5538 aanore
1267 5487 1416 5552 pervolave-

463 5579 509 5642 rit,
527 5579 640 5646 ideoque
663 5579 812 5632 venientem
840 5591 900 5630 mox
926 5575 1045 5628 familiari
1070 5577 1161 5628 ellatur
1181 5575 1281 5642 eloquio
1294 5593 1309 5642 :¹
1322 5575 1361 5628 Tu
1379 5587 1414 5638 66,

464 5667 597 5734 inquiens,
623 5665 730 5732 Simon,
746 5665 823 5738 ,ptius
847 5667 951 5720 iocoue
970 5665 1024 5730 [ita
1040 5665 1130 5730 legunt
1155 5663 1234 5716 ctiam
1249 5651 1284 5714 B.
1309 5661 1416 5742 hibent,

464 5753 534 5806 card.
556 5755 633 5818 Hugo
657 5761 682 5808 et
706 5757 731 5808 S.
751 5755 879 5820 Thomas3
896 5753 1008 5818 duglast.
1025 5765 1089 5804 vero
1113 5749 1187 5822 pilius
1211 5749 1416 5816 1666666661-

463 5847 523 5906 gata
539 5841 614 5912 silicis
627 5843 729 5912 lonc]...
743 5843 833 5894 Simon
850 5855 913 5908 ergo
934 5839 1064 5906 obeditur,
1083 5825 1177 5892 loanna
1196 5837 1287 5890 dicitnr
1309 5837 1416 5890 Domini

463 5929 552 5996 pratia
572 5935 621 5984 etc.
1051 5989 1057 6002 ,
1106 5973 1107 5976 ,
1154 5979 1155 5982 ,

533 6013 543 6044 ³
563 6019 590 6070 lu
609 6019 687 6072 Maro.
707 6023 735 6086 3,
758 6019 787 6070 t6
800 6035 813 6068 :¹
826 6017 897 6070 ldem
914 6031 978 6084 ergo
1003 6019 1098 6070 Graece
1124 6015 1181 6068 sive
1203 6013 1290 6066 Latine
1309 6015 1413 6080 Petrae,

463 6107 535 6174 quod
554 6107 660 6172 Syriaco
679 6107 786 6176 Ccplccs.
805 6111 835 6160 Et
853 6107 881 6158 in
898 6113 1010 6174 utraque
1026 6105 1113 6170 lingua
1133 6117 1227 6156 nomen
1248 6119 1262 6154 a
1280 6109 1353 6168 petra
1374 6105 1415 6158 de·

464 6195 577 6248 rixatum
595 6203 651 6264 est;
669 6197 740 6248 hand
766 6189 890 6260 dubium,
907 6197 970 6264 quin
989 6197 1044 6258 illa,
1064 6197 1095 6248 de
1115 6207 1166 6260 qua
1190 6191 1283 6242 Paulos
1304 6193 1337 6258 [l.
1355 6191 1414 6262 Cor.

466 6283 510 6348 66,
530 6281 564 6350 6.]
585 6283 637 6336 alt:
654 6285 734 6358 Petro
752 6287 843 6338 66666
863 6287 924 6350 erut
942 6283 1089 6338 Christus...
1107 6279 1189 6348 Cuius
1211 6279 1274 6330 alias
1298 6277 1414 6330 alludens

464 6371 637 6434 etymologiae
664 6371 726 6424 dixit
755 6369 1011 6440 [llatth.2l6,118.]:
1037 6371 1077 6422 Τ6
1103 6381 1131 6422 cs
1154 6367 1261 6428 Petrus,
1285 6367 1311 6418 ct
1333 6377 1415 6444 super

464 6455 656 6526 leucopetram
673 6457 818 6530 aedificabo
837 6459 984 6514 Ecclesium
1003 6473 1098 6512 6666.
1120 6455 1192 6522 [Duo
1219 6455 1245 6506 hi
1273 6455 1323 6530 loci
1350 6455 1414 6506 Scri·
1468 6467 1469 6470 ¹

464 6551 555 6612 pturae
583 6549 726 6614 allegantur
753 6551 831 6602 etiarn
857 6549 965 6604 inlerius
986 6563 1008 6610 av
1025 6551 1050 6600 S.
1071 6543 1190 6614 Bonav.].
1207 6543 1257 6596 Clr.
1275 6545 1414 6598 Homilin

464 6643 524 6688 nota
543 6639 717 6700 praecedente
734 6639 851 6702 allegata.

533 6721 680 6790 ι6666666,
700 6729 718 6778 l.
734 6729 846 6780 Retract.
871 6741 894 6780 c.
912 6729 957 6780 at.
979 6741 1008 6778 n.
1027 6727 1053 6778 l:
1080 6725 1105 6776 ln
1135 6737 1187 6788 quo
1215 6719 1298 6788 [libro
1326 6731 1414 6776 contra

464 6813 602 6878 Epistolam
629 6813 738 6882 Donati]
764 6815 817 6866 dixi
843 6815 868 6866 in
897 6815 1013 6882 quodam
1040 6815 1097 6866 loco
1122 6811 1155 6864 dc
1178 6809 1302 6874 apostolo
1327 6813 1414 6878 Petra,

464 6905 534 6968 quod
552 6903 580 6956 in
598 6899 645 6956 illo
663 6909 786 6968 tanqrram
805 6901 830 6954 in
849 6907 921 6968 petra
947 6901 1049 6954 scandata
1069 6901 1101 6952 sit
1119 6897 1258 6952 Ecclesia...
1277 6901 1324 6952 sed
1347 6903 1415 6964 scio,

1483 3429 1653 3494 nuntiaret.
2222 3477 2223 3480 ,

1571 3539 1601 3600 6.
1626 3535 1702 3602 item
1726 3535 1851 3602 ridetur
1874 3535 2017 3616 invidus,
2047 3537 2122 3620 quia
2147 3541 2268 3602 tantum
2291 3533 2435 3614 duobus,

1483 3655 1554 3704 cum
1579 3639 1725 3706 omnihus
1753 3639 1881 3706 deberet
1905 3639 2026 3720 dicere,
2056 3649 2095 3706 66
2125 3659 2235 3706 ornnes
2267 3641 2432 3704 crederent

1478 3763 1540 3830 per
1562 3743 1658 3810 illunc
1672 3745 1707 3810 ¹⁰.
1881 3751 1884 3756 “
2101 3743 2102 3746 ’

1569 3851 1828 3932 Respondendum
1853 3859 1917 3932 est,
1932 3851 2017 3936 quod
2034 3851 2244 3918 testimonium
2262 3849 2382 3916 loannis
2397 3849 2434 3916 ad
2454 3867 2520 3922 resp.

1483 3956 1559 4034 hoc,
1585 3957 1668 4040 quod
1691 3957 1719 4022 ei
1742 3957 1943 4036 crederetur,
1968 3959 2076 4024 debuit
2098 3977 2165 4026 esse
2189 3955 2433 4036 authenticum,
2456 3971 2586 4070 afflgi-

1478 4061 1641 4148 ptcctnuu
1672 4061 1737 4130 sive
1767 4069 1929 4148 acceptum
1963 4069 1992 4130 et
2020 4085 2083 4130 666
2114 4055 2326 4150 salmacium?
2360 4083 2433 4150 qma
2482 4091 2521 4124 nes
2535 4079 2554 4122 3·

1482 4163 1725 4246 6666666666,
1757 4167 1825 4234 ideo
1850 4169 1968 4250 stabat,
1991 4189 2053 4236 non
2078 4171 2250 4250 circuibat;
2276 4169 2349 4256 quia
2379 4189 2433 4236 66-

1479 4281 1624 4358 ceptunc,
1649 4271 1719 4340 ideo
1740 4287 1803 4340 uon
1826 4275 2097 4360 quibuscumque,
2128 4275 2181 4344 sed
2210 4277 2433 4362 quaerentibus

1481 4383 1511 4444 66
1535 4379 1614 4446 scire
1637 4379 1813 4446 volentibus
1837 4381 2047 4448 testimonium
2072 4381 2261 4460 exhibebat,
2279 4381 2433 4466 quianon

1479 4883 1521 4922 me
1540 4875 1629 4934 postea
1649 4869 1802 4934 saepissime
1826 4869 1864 4922 sic
1887 4871 2047 4934 exposuisse,
2066 4871 2139 4936 quod
2165 4883 2178 4922 a
2204 4869 2316 4922 Domino
2336 4871 2433 4922 dictum

1479 4963 1531 5012 est:
1554 4961 1593 5012 Tu
1613 4973 1638 5012 es
1656 4959 1761 5024 Petrus,
1782 4961 1807 5012 ct
1823 4971 1906 5024 super
1919 4957 1989 5012 6666
1997 4961 2106 5026 petrum
2123 4957 2267 5030 aedificabo
2288 4955 2433 5012 Ecclesium

1478 5061 1578 5112 6666,
1599 5053 1626 5100 ut
1645 5061 1725 5112 suaper
1743 5049 1812 5098 hunc
1830 5045 2024 5110 intelligeretur,
2044 5061 2122 5112 quem
2143 5049 2278 5100 consessus
2294 5051 2333 5098 est
2346 5049 2433 5100 Petrus

1479 5135 1583 5206 dicens:
1607 5135 1646 5186 Tu
1666 5147 1691 5186 cc
1712 5131 1834 5186 Cluistuc
1855 5131 1940 5186 Filius
1958 5131 2008 5186 Dei
2027 5133 2094 5198 cici,
2114 5147 2144 5186 ao
2163 5135 2198 5186 sic
2218 5135 2307 5186 Petrus
2329 5135 2363 5186 ab
2385 5137 2433 5188 hac

1478 5227 1552 5288 petra
1571 5223 1713 5286 appellatus
1734 5235 1872 5286 personam
1891 5221 2018 5274 Ecclesiae
2037 5223 2175 5288 figuraret,
2188 5237 2256 5288 quae
2268 5237 2349 5288 super
2367 5225 2433 5276 hanc

1479 5314 1579 5374 petram
1600 5309 1763 5372 aedificatur,
1775 5315 1803 5362 et
1814 5309 1915 5374 accepit
1933 5309 2018 5362 claves
2037 5311 2113 5374 regni
2130 5313 2271 5366 caelorum.
2290 5313 2347 5364 Non
2364 5313 2433 5364 enim

1480 5399 1577 5450 dictum
1598 5405 1636 5450 est
1655 5397 1707 5450 illi:
1729 5399 1767 5448 Tu
1795 5411 1821 5450 es
1835 5399 1925 5466 petro,
1946 5399 1992 5450 sed
2013 5399 2054 5452 Tu
2072 5413 2101 5454 cs
2119 5399 2224 5456 Petrus.
2242 5399 2322 5454 Petro
2347 5405 2433 5454 autem

1479 5489 1534 5536 erat
1553 5483 1684 5548 ChristuS,
1700 5499 1782 5552 quem
1803 5489 1936 5540 consessus
1955 5487 2059 5554 Simon,
2078 5489 2145 5542 sicut
2170 5503 2229 5544 eum
2249 5493 2303 5542 tota
2319 5491 2433 5542 Ecclesia

1480 5573 1902 5640 666666666,61ῑ666666666666.
1927 5577 2023 5630 Harum
2050 5585 2135 5630 autem
2162 5579 2275 5632 duarum
2300 5579 2434 5632 sententia·

1478 5677 1539 5716 rum
1566 5677 1635 5730 quae
1661 5663 1694 5716 sit
1721 5663 1893 5728 probabilior,
1914 5665 1992 5730 eligat
2009 5669 2098 5720 lector.
2123 5667 2172 5720 Cir.
2192 5669 2274 5732 Beda,
2295 5669 2321 5720 ll.
2340 5669 2434 5722 Homil.

1479 5753 1569 5804 homil.
1581 5753 1624 5804 23.
1637 5753 1665 5804 in
1675 5753 1754 5804 natali
1766 5755 1793 5806 S.
1807 5753 1928 5806 Andreae
1940 5753 2063 5818 Apostoli.
2076 5783 2112 5794 -
2125 5755 2169 5808 Ed.
2183 5761 2271 5808 contra
2286 5755 2364 5808 codd.
2375 5763 2436 5822 post

1478 5843 1539 5894 erut
1558 5839 1680 5894 Christus
1697 5843 1770 5894 addit
1794 5839 1853 5894 Vcl:
1872 5855 1953 5910 cuper
1973 5845 2128 5910 tepeunnc.
2146 5843 2284 5896 -Prima
2308 5843 2433 5908 expositio

1478 5929 1618 5994 Augustini
1636 5931 1726 5996 procul
1746 5929 1826 5984 dubio
1852 5931 1900 5996 ipsi
1928 5929 2023 5982 litterae
2049 5937 2087 5984 est
2112 5917 2268 5984 conformior
2289 5939 2314 5984 et
2331 5945 2433 5986 uatnca

1479 6017 1543 6068 viris
1565 6017 1697 6072 catholicis
1720 6019 1894 6078 communiter
1923 6025 2012 6072 contra
2041 6021 2184 6074 haereticos
2208 6019 2357 6072 detenditur
2376 6017 2433 6086 (cir.

1478 6107 1638 6170 Bollarmin.,
1657 6109 1675 6158 l.
1694 6107 1731 6158 De
1751 6111 1869 6160 Romano
1886 6107 2008 6160 Pontihce
2027 6121 2050 6162 c.
2071 6107 2134 6176 l0.).

1550 6193 1656 6248 ὅ67666.
1676 6197 1700 6248 3.
2294 6243 2295 6246 ,

1550 6281 1562 6312 ⁶
1580 6287 1651 6336 Vers.
1667 6287 1692 6338 3.
1710 6299 1793 6350 seqq,
1808 6283 1851 6338 ubi
1872 6285 1904 6336 de
1924 6299 1994 6350 agno
2012 6285 2127 6350 paschali
2145 6281 2315 6334 immolando.
2327 6309 2363 6318 --
2377 6281 2433 6334 lsai.

1480 6374 1527 6440 66,
1547 6375 1575 6424 l:
1595 6371 1688 6444 Emitte
1705 6373 1827 6436 hgnnm,
1845 6371 1968 6436 Domine,
1988 6371 2178 6424 dominatorem
2197 6375 2280 6422 terrae
2300 6373 2346 6420 etc.

1549 6457 1559 6488 ²
1580 6461 1653 6512 Vers.
1673 6459 1704 6512 5:
1721 6461 1775 6512 Erit
1794 6467 1881 6512 autem
1900 6473 1985 6524 agnus
2003 6457 2104 6526 absque
2123 6459 2222 6512 macida
2242 6461 2291 6510 etc.

1550 6545 1561 6578 ⁸
1580 6549 1654 6600 Vens.
1672 6545 1698 6598 7.
1717 6545 1768 6600 Cir.
1789 6561 1871 6614 supra
1889 6561 1952 6612 pag.
1970 6549 2037 6610 266,
2057 6551 2118 6596 nota
2138 6545 2160 6596 6.

1549 6633 1561 6664 ⁹
1579 6635 1661 6690 Codd.
1674 6635 1796 6686 omittunt
1815 6633 1879 6704 quic
1896 6633 1953 6688 ocis
1966 6633 2073 6698 tribuit,
2085 6633 2244 6698 incongrue,
2257 6629 2307 6700 nisi
2322 6631 2433 6686 subinde

1478 6741 1538 6780 curn
1560 6727 1578 6778 Ν
1598 6727 1711 6788 legatur:
1724 6721 1767 6776 luo
1778 6721 1923 6790 inpotem,
1940 6737 2030 6776 curo...
2043 6721 2134 6776 luco...
2150 6719 2229 6788 pellis
2249 6719 2276 6774 in
2295 6725 2433 6776 66666666.

1550 6811 1573 6842 ¹⁰
1591 6815 1676 6878 Supra
1695 6827 1721 6864 v.
1741 6811 1767 6864 7.
2494 6819 2495 6822 ’
