5908 8266
1117 503 1308 572 colluitur.
1336 505 1371 570 IN
1396 503 1560 574 IOANNEM
1585 507 1615 572 C.
1642 507 1739 572 XVIII.

437 677 552 744 iterum
568 695 761 764 percussuro
778 677 915 762 parauit,
932 677 985 746 sed
1001 683 1034 746 et
1047 683 1152 746 tolum
1165 695 1281 764 eorpus
1295 679 1395 764 figen-

436 781 512 848 dum
536 785 568 850 in
593 785 684 870 ligno.
710 785 745 848 Et
769 779 1014 862 hinc'ostendia
1038 787 1205 866 praecepta
1226 783 1395 866 patientiae

437 907 498 954 non
524 891 730 956 ostentatione
752 887 912 972 corporis,
935 887 988 966 sed
1021 887 1122 956 cordis
1155 887 1395 974 praeparatione

437 1011 505 1062 esse
530 995 713 1064 facienda».

525 1099 758 1168 4344414144
791 1117 865 1166 enm
902 1103 1020 1166 Annos
1042 1107 1101 1166 etc.
1133 1099 1186 1166 Hic
1217 1101 1323 1184 agitur
1352 1101 1392 1168 de

273 1219 303 1262 ⁰0
312 1217 333 1260 2·
345 1217 423 1260 erami-
434 1207 667 1274 examinatione
699 1205 781 1274 iacta
802 1205 863 1270 aab
891 1203 1039 1290 cuipam
1067 1213 1098 1274 et
1132 1207 1283 1274 diuiditur
1314 1207 1392 1274 haec

434 1331 509 1400 pars
532 1315 562 1380 in
587 1313 681 1392 duas,
708 1311 783 1400 quia
805 1311 908 1396 primo
929 1313 1058 1396 ponitur
1085 1311 1209 1380 Christi
1228 1315 1276 1382 nd
1303 1313 1392 1380 indi-

433 1439 503 1488 cem
527 1419 704 1496 adducam
727 1419 882 1498 secnodo,
907 1417 1016 1502 ipatus
1044 1439 1068 1486 o
1098 1419 1261 1506 discipulo
1290 1439 1392 1506 nepo-

358 1529 360 1536 ’
435 1529 498 1606 tto,
523 1525 608 1594 ibi1:
634 1529 720 1592 brot
740 1531 852 1592 entem
876 1523 990 1592 Simon
1015 1529 1146 1592 Peiros,

272 1269 357 1316 natione
370 1271 420 1316 due.

524 1631 730 1718 (44414444.
759 1631 916 1716 Quantum
948 1631 986 1700 ad
1018 1631 1155 1718 primum
1187 1633 1327 1700 breviter
1356 1649 1391 1700 se
1425 1685 1426 1688 .

308 1745 413 1790 Primum·
432 1739 563 1822 expedit
578 1739 773 1824 Evangelista
786 1743 817 1804 et
840 1737 928 1818 dicit,
946 1739 1030 1824 quod
1052 1739 1197 1804 Christus
1212 1737 1329 1806 missus
1343 1747 1391 1806 est

432 1845 473 1912 ad
494 1845 663 1930 Caipham,
693 1843 773 1912 nihil
794 1863 891 1930 agens
920 1843 960 1910 de
981 1843 1212 1910 examinatione
1241 1843 1324 1910 lacta
1349 1845 1391 1910 ab

433 1969 489 2030 eo,
513 1951 588 2038 quia
609 1953 660 2018 alii
686 1951 900 2036 Evangelistae
922 1949 1114 2038 sufficienter
1139 1949 1293 2014 dixerant.
1319 1949 1390 2016 ideo

431 2057 525 2126 dicit:
548 2057 641 2126 illis-it
661 2077 735 2124 4441
760 2059 879 2120 Annua
904 2055 1043 2140 lippiunt
1061 2053 1107 2120 od
1132 2051 1291 2140 Caepione
1305 2075 1390 2140 pou-

431 2165 569 2250 tificem,
593 2141 698 2250 a'qno
723 2161 938 2246 multipliciter
962 2161 1177 2228 exhonoratus
1202 2159 1262 2227 luit
1283 2167 1316 2228 el
1339 2179 1390 2228 re-

431 2273 600 2358 probatum
635 2271 717 2338 sicut
748 2267 864 2334 dicitur
896 2267 1041 2334 Matthaei
1073 2267 1222 2352 ulgesimo
1258 2273 1348 2336 sexto
1364 2267 1389 2348 ²,

431 2377 517 2464 quod
543 2403 560 2436 u
578 2381 777 2462 exspuerunt
806 2373 838 2440 in
864 2373 974 2440 faciem
1008 2373 1078 2440 eius
1098 2381 1131 2440 et
1154 2375 1291 2458 colaphis
1316 2393 1388 2442 eum

430 2483 629 2562 ceciderunt,
653 2483 706 2548 alii
736 2484 842 2546 autem
866 2481 984 2565 palmas
1016 2481 1046 2546 in
1071 2479 1180 2548 ladem
1205 2481 1272 2546 eius
1295 2479 1389 2546 dede-

430 2595 507 2656 runt
523 2615 537 2648 n
566 2597 625 2656 646.

518 2695 571 2762 44.
596 2695 698 2776 (Vers.
724 2693 800 2778 444.
821 2695 1038 2760 4444444414.
1064 2693 1116 2758 llic
1137 2693 1264 2778 ponitur
1286 2711 1388 2780 aepo-

242 2827 244 2832 ·
279 2801 408 2846 Sellium·
429 2801 474 2870 tio
497 2801 609 2882 Petri,
635 2807 665 2870 et
687 2801 816 2888 ponitur
838 2801 970 2886 negandi
995 2799 1123 2864 occasio
1146 2799 1178 2864 In
1201 2801 1281 2880 hoc,
1302 2801 1387 2884 quod
1412 2883 1413 2886 Ἴ

286 2907 411 2972 negarique
428 2915 497 2974 erat
521 2907 719 2974 commixtus
734 2905 905 2984 4144444444Ὶ
937 2905 1029 2972 unde
1040 2903 1134 2972 dicit:
1157 2907 1242 2970 ero-t
1273 2913 1386 2972 antem

304 2975 397 3008 ‘mmm'
429 2995 544 3080 Simon
571 3013 690 3078 Petrus
705 3021 807 3078 'atone
830 3019 858 3076 at
881 3007 1153 3098 calefactionem,
1170 3009 1287 3078 scilicet
1313 3029 1385 3078 cum

428 3117 598 3196 ministris,
635 3125 670 3184 ut
702 3117 834 3202 suprai.
858 3117 895 3182 Et
929 3135 972 3182 ex
1002 3117 1089 3194 hoc,
1103 3115 1189 3200 quod
1217 3115 1301 3182 lum
1331 3135 1385 3184 eos

428 3229 511 3304 erat,
527 3221 669 3308 contigit,
692 3221 779 3308 quod
791 3226 981 3308 quaererent
1000 3221 1038 3288 ab
1055 3239 1104 3288 44.
1129 3221 1292 3290 binarum
1307 3243 1384 3308 erpo

427 3333 474 3398 ei:
501 3329 663 3418 Numquid
685 3335 713 3396 et
737 3339 773 3396 tn
788 3347 835 3408 44
857 3329 1034 3414 discipulis
1064 3329 1140 3396 aina
1156 3329 1213 3396 aa?
1239 3331 1275 3398 Et
1307 3331 1384 3398 haec

316 3439 411 3486 41441·
425 3437 488 3504 fnit
509 3437 638 3504 4444444
653 3435 799 3524 dependi
806 3459 819 3512 ,·
841 3435 910 3500 ideo
935 3437 1079 3520 seqnitur
1094 3437 1267 3522 negationis
1282 3437 1383 3504 itero·

428 3545 487 3610 tic:
514 3541 653 3630 deponit
668 3549 778 3608 cutem
802 3541 853 3608 t'Iie
877 3547 904 3608 et
920 3541 1024 3608 utute:
1050 3539 1124 3608 Non
1139 3559 1224 3608 41441.
1251 3543 1384 3626 Expavit

427 3649 537 3716 Petrus
553 3647 591 3714 ad
614 3647 846 3716 multitudinem
864 3637 1153 3726 adconmodatum
1179 3647 1384 3716 ecclesiastici*

425 3755 575 3842 septimo:
605 3783 621 3816 a
637 3757 680 3822 Ne
703 3771 813 3842 pecces
827 3753 859 3818 m
883 3755 1083 3824 multitudine
1106 3753 1255 3836 civitatis,
1278 3773 1335 3822 nec
1352 3761 1383 3822 te

425 3863 575 3930 immittas
596 3863 629 3930 in
652 3863 805 3948 populum
819 3887 847 3924 a.

514 3969 567 4034 44.
593 3969 694 4052 (Vers.
719 3967 802 4048 46).
823 3965 909 4032 Diet't
932 3965 961 4032 el
983 3983 1074 4032 eruas
1092 3965 1254 4032 cauernis
1272 3965 1383 4050 ponti-

425 4073 508 4158 licis.
532 4073 585 4140 Hic
601 4073 729 4158 ponitur
752 4071 939 4158 nepotianus
953 4071 1215 4148 consummabo,-
1240 4079 1268 4138 el
1293 4073 1382 4156 poni·

426 4187 478 4248 tur
515 4179 685 4268 4444444444
714 4179 822 4256 aaut,
852 4177 963 4244 deinde
986 4177 1118 4264 caputio
1149 4179 1245 4244 Petri
1275 4185 1308 4246 et
1335 4181 1382 4246 44-

422 4307 548 4374 quem,
574 4287 657 4370 quod
681 4293 728 4354 est
745 4291 854 4352 cantus
878 4285 959 4370 galli.
985 4283 1074 4352 Dicit
1096 4283 1128 4352 et'
1141 4303 1231 4350 uuna
1254 4305 1293 4352 44
1313 4305 1381 4352 aer-

424 4393 474 4460 eia
496 4391 681 4478 pontilicis,
713 4399 874 4478 oopnotna
904 4391 995 4472 eiua,
1025 4391 1125 4458 coins
1154 4391 1297 4458 4414444444
1319 4391 1380 4460 Ρ4-

426 4499 753 4566 crescerentque.
777 4497 865 4564 ilatio
894 4497 1056 4578 redditur,
1079 4517 1181 4582 quare.
1208 4497 1308 4584 magle
1329 4517 1381 4568 ac-

272 4073 408 4170 Coustpmma·

332 4139 360 4172 14.

424 4607 554 4672 cusabat
577 4623 648 4670 eum
674 4605 705 4670 io
729 4603 881 4670 ultionem
902 4603 1027 4670 fratris:
1047 4601 1160 4670 Nonne
1184 4623 1241 4690 epo
1264 4611 1293 4670 te
1312 4603 1383 4670 44144

493 5043 508 5074 a
522 5045 597 5096 Vers.
618 5045 659 5096 ab.
680 5071 717 5084 -
732 5047 793 5097 Post
811 5039 941 5112 1444444444
958 5045 1002 5096 ed.
1020 5045 1125 5108 supplet
1141 5045 1227 5114 facto.

410 5123 413 5132 ’
492 5131 505 5162 ²
521 5133 651 5186 4444464.
665 5161 701 5174 -··
713 5135 803 5186 Glossa
817 5129 957 5186 ordinando
971 5133 1011 5202 (er
1023 5133 1143 5198 August,
1157 5135 1184 5186 in
1196 5135 1265 5186 ioan.
1278 5135 1377 5200 Erang..

315 5217 316 5222 '
356 5279 358 5284 ,
422 5229 453 5276 tr..
470 5221 567 5274 ilhn.
583 5221 633 5288 l.):
646 5221 720 5274 Dicto
731 5261 738 5284 ,
751 5219 822 5286 quod
835 5219 923 5272 Annas
936 5221 1005 5274 misit
1018 5225 1105 5274 lesum
1119 5223 1151 5274 ad
1166 5221 1379 5288 domnamaria

422 5311 455 5366 ad
473 5311 561 5364 locum
579 5309 748 5376 narrationis,
767 5307 814 5360 nbi
830 5309 972 5374 reliquerat
991 5311 1094 5362 Petrum
1124 5309 1182 5378 [etr.
1206 5325 1233 5362 v.
1260 5309 1327 5378 l8.],
1349 5315 1377 5364 nt

420 5399 542 5464 exphcet,
556 5399 620 5466 quid
633 5399 665 5450 in·
674 5399 753 5450 domo
766 5395 856 5448 Annae
869 5397 902 5450 de
915 5397 982 5450 trina
995 5399 1061 5450 Petri
1072 5399 1211 5464 negatione
1224 5399 1375 5464 contigerat

491 5485 504 5516 ³*
521 5489 594 5542 Vers.
617 5489 657 5540 l8.
677 5513 712 5528 -··
733 5485 839 5540 Interius
859 5491 918 5550 post
936 5485 1055 5554 lllepcet't
1077 5489 1189 5552 Vulgata
1212 5489 1308 5542 41444444
1329 5503 1376 5544 44-

420 5579 486 5642 lan,
506 5577 539 5630 ad
560 5591 645 5644 411414
658 5579 749 5630 locem
765 5573 855 5626 Glossa
882 5571 1068 5630 interl-tuearis
1085 5573 1127 5642 (ex
1145 5577 1281 5646 euaristi:
1301 5579 1374 5646 Ecce,

419 5663 534 5720 secundo
555 5671 640 5730 negat.
659 5693 696 5704 -
713 5663 837 5730 Sequitur
856 5663 933 5716 Eccli.
950 5661 989 5726 4,.
1000 5661 1024 5714 4.

490 5753 639 5820 414114444,
659 5753 686 5804 in
705 5755 779 5806 ioan.
794 5753 891 5818 Erang.
912 5757 943 5804 tr.
964 5751 1109 5804 443.11.61
1127 5753 1236 5816 Deinde,
1254 5753 1360 5810 nt.ieri'

419 5843 521 5906 negatio
541 5845 717 5908 compleatur:
736 5839 807 5896 llicil
823 5839 848 5894 ei
864 5855 936 5894 411114
954 5845 1004 5894 444.
1022 5838 1185 5892 --lulerius
1198 5847 1259 5906 post
1276 5843 1374 5912 ponta

418 5931 462 5984 ed.
479 5945 545 5984 cum.
560 5915 682 5984 Gorrano
695 5929 772 5984 addit
786 5927 840 5984 4444
859 5927 975 5998 cepeoii.

410 6007 411 6010 '
468 6019 470 6024 ’
489 6017 500 6048 ⁵
517 6021 544 6070 ln
563 6019 638 6072 lnau..
651 6021 752 6086 Evang.
769 6023 802 6070 tr.
821 6019 879 6072 443.
899 6033 927 6070 11.
945 6017 975 6080 6,
995 6017 1020 6068 in
1039 6029 1092 6084 qua
1110 6017 1234 6070 sententia
1246 6017 1372 6084 allegatur

418 6109 489 6162 loan.
509 6108 558 6170 le,
576 6107 627 6162 34..
638 6113 664 6160 44
683 6105 843 6174 4444441111.
872 6107 926 6174 46,
938 6107 1006 6174 ab).
1028 6103 1113 6160 Codd.
1139 6111 1167 6158 44
1187 6105 1320 6158 Gorrauus
1339 6109 1371 6160 le.

418 6203 552 6260 4411411411
569 6195 732 6250 4411414444
750 6193 822 6248 4114114
839 6195 942 6264 lucium
961 6191 1091 6262 estquod
1109 6191 1152 6246 ille
1167 6193 1370 6260 praedisceret...

416 6281 462 6338 aed
481 6283 615 6354 quoditie
634 6283 663 6352 [C
683 6281 885 6354 aequauerat:
908 6287 957 6338 Ter
978 6287 1025 6338 etc.

487 6367 632 6424 ο41144411.
653 6371 742 6424 homil.
762 6371 804 6422 83.
824 6369 898 6436 (alias
919 6369 970 6438 84.)
991 6387 1016 6422 u.
1040 6373 1069 6424 3:
1092 6369 1170 6422 «Cur
1187 6377 1277 6422 autem
1290 6373 1370 6426 Evan-

416 6459 522 6526 gelistae
541 6461 569 6512 in
587 6461 637 6512 hae
655 6457 840 6512 rescribenda
860 6461 1003 6512 concordes
1021 6461 1125 6514 suntal
1144 6459 1291 6524 Responsio
1309 6461 1369 6514 data

415 6549 524 6600 inferius
540 6553 581 6600 est
596 6547 660 6600 ibid.
773 6559 774 6562 ’
1157 6541 1158 6546 '

485 6633 541 6688 τ411
560 6637 627 6688 4444.
646 6637 746 6704 Erang.
765 6643 798 6690 tr.
816 6637 876 6690 ll3.
895 6639 972 6704 144,
992 6651 1022 6690 ex
1042 6653 1096 6704 quo
1116 6641 1203 6690 4411144·
1217 6635 1242 6686 iu
1254 6633 1368 6692 44441144

334 6721 338 6728 ’
414 6723 504 6792 verbe,
523 6725 570 6778 sed
588 6725 718 6780 scalentin
738 6733 838 6780 tanturn
858 6727 972 6778 affertur.

485 6809 587 6866 8Vers.
608 6815 649 6866 57.
670 6815 711 6866 68.
732 6821 756 6868 44
773 6813 818 6866 74.

2348 509 2413 578 484

1458 681 1494 746 in
1518 679 1609 748 horto
1635 682 1816 752 4411144444
1840 683 1929 770 quasi
1953 683 2055 752 dicat:
2078 705 2142 752 nou
2169 692 2258 770 potes
2282 689 2316 752 te
2337 685 2413 752 mihi

1457 787 1625 854 occultare.

1544 893 1598 960 46.
1625 895 1725 980 (Vers.
1752 897 1829 980 44).
1860 899 1987 964 Imaum
2012 917 2088 986 erpo
2118 897 2252 984 11494444
2280 897 2412 964 Petrus.

1457 997 1512 1064 llic
1533 1009 1788 1068 consummatur
1802 1003 1933 1090 caputio
1957 1003 2070 1084 Petri,
2086 1003 2160 1088 quia
2184 1003 2267 1070 trina
2288 1001 2366 1082 iuit3
2383 1009 2413 1070 44

1456 1103 1488 1168 44
1510 1103 1644 1190 atquem
1667 1109 1946 1176 consummationis
1961 1109 2127 1178 subditur:
2151 1109 2192 1174 Et
2206 1105 2319 1174 stetim
2339 1107 2412 1194 pol-

1457 1207 1948 1296 4444414444444444444451
1976 1241 1993 1274 «
2012 1217 2104 1296 Ecce,
2129 1215 2235 1282 lledici
2261 1213 2418 1298 completa

1455 1313 1641 1400 praedictio,
1674 1317 1792 1400 aegroti
1823 1319 1963 1388 convicta
1997 1323 2199 1406 praesumtio.
2230 1321 2296 1388 Non
2328 1321 2411 1388 enim

1454 1419 1643 1488 factumest
1664 1423 1750 1508 quod
1783 1423 1843 1492 lste
1877 1425 2022 1494 dixerat:
2058 1431 2197 1496 animam
2224 1447 2325 1496 meam
2356 1445 2412 1514 po·

1455 1545 1526 1592 nam
1550 1545 1608 1612 pro
1633 1535 1683 1610 te;
1709 1529 1764 1596 sed
1784 1531 1872 1616 quod
1886 1531 1938 1598 ille
1960 1535 2178 1616 praedixerat:
2201 1539 2262 1604 441
2283 1553 2334 1604 me
2357 1551 2412 1604 ne-

1454 1633 1540 1718 gabis
1556 1661 1590 1700 a.

1820 1847 2047 1932 Qexnsrranes.

1539 2057 1594 2124 47.
1619 2059 1744 2144 Quaest.
1765 2061 1785 2124 l.
1804 2059 1864 2126 Sed
1879 2061 2004 2144 quaerit
2024 2061 2290 2148 Chrprsostomus6
2303 2087 2310 2130 :
2325 2065 2409 2132 unde

1452 2171 1500 2230 est
1522 2165 1598 2244 hoc,
1622 2164 1705 2250 qnod
1740 2157 2017 2252 clangentem
2052 2169 2248 2236 concorditer
2275 2169 2409 2252 scripse-

1452 2275 1529 2336 runt
1552 2271 1590 2336 de
1613 2271 1696 2338 Petri
1718 2271 1896 2356 negatione,
1922 2291 1995 2340 cnm
2017 2273 2176 2354 uideatur,
2193 2275 2279 2360 quod.
2300 2291 2408 2360 pecca·
2477 2279 2481 2288 '

1452 2381 1521 2440 tum
1542 2375 1617 2442 socii
1642 2375 1792 2444 deberent
1815 2377 1998 2444 occultaret

1541 2483 1732 2566 Respondet:
1757 2483 1819 2552 lloc
1838 2483 1965 2570 quidem
1981 2485 2145 2566 fecerunt,
2163 2513 2180 2546 4
2192 2505 2255 2552 non
2270 2487 2344 2554 disci
2351 2507 2406 2572 pu·
2425 2495 2493 2552 neap.

1451 2587 1518 2654 lum
1540 2593 1742 2668 accusantes,
1765 2591 1819 2656 sed
1841 2609 1900 2656 nos
1922 2591 2053 2658 erudire
2072 2591 2231 2672 uolentes,
2253 2597 2406 2676 qnantum

1449 2691 1567 2758 malum
1590 2697 1638 2758 est
1660 2711 1727 2758 4411
1747 2693 1812 2760 beo
1826 2711 1921 2762 omne
1943 2681 2131 2778 concedere,
2153 2697 2207 2764 sed
2231 2697 2262 2764 in
2282 2715 2316 2764 se
2339 2697 2406 2782 ipso

1449 2795 1649 2864 confidere».

1536 2903 1593 2984 48.
1622 2903 1746 2988 Quaest.
1776 2907 1811 2972 ll.
1844 2909 1920 2974 ltem
1950 2909 2116 2992 quaeritur
2148 2909 2188 2976 de
2222 2909 2316 2978 modo
2351 2927 2406 2976 ne-

1448 3009 1551 3094 gandi.
1570 3043 1616 3058 ....
1628 3011 1779 3078 bondo-us
1804 3013 1888 3080 enim
1901 3015 2061 3098 praedixit
2082 3015 2126 3082 ei:
2157 3017 2219 3082 Ter
2234 3035 2286 3082 me
2306 3035 2406 3102 nepo-

1448 3115 1517 3194 444·
1539 3123 1574 3184 44
1594 3117 1647 3184 hie
1669 3117 1743 3184 dicit
1764 3119 1877 3188 beatus
1898 3121 2047 3200 loannes,
2069 3121 2153 3206 quod
2183 3123 2283 3188 solum
2312 3139 2404 3208 naqa-

1448 3221 1506 3304 144,
1529 3225 1620 3308 quod
1637 3243 1701 3290 nou
1723 3231 1791 3292 erat
1815 3227 1883 3294 eius
1905 3227 2105 3314 discipulus..

1535 3331 1710 3416 Respondet
1724 3333 1962 3418 augustinensi:
1982 3359 1998 3392 «
2012 3335 2091 3402 Sane
2116 3335 2146 3400 iu
2164 3335 2223 3402 hac
2242 3335 2404 3420 negatione
2423 3341 2490 3398 Reso-

1448 3435 1527 3502 Petri
1553 3437 1704 3506 debemus
1720 3437 1918 3518 alvatere,
1943 3457 2006 3506 non
2038 3441 2138 3506 solum
2163 3443 2204 3506 ab
2238 3459 2274 3508 eo
2297 3439 2404 3524 negari

1446 3541 1624 3622 Christum,
1649 3543 1702 3626 qui
1718 3543 1812 3622 dicit,
1835 3563 1909 3610 eum
1925 3563 1989 3610 non
2009 3563 2078 3614 esse
2093 3545 2269 3626 Christum3
2296 3545 2349 3612 sed
2364 3545 2403 3612 ab

1446 3647 1500 3714 illo
1521 3647 1633 3728 etlam,
1652 3647 1720 3734 qui,
1739 3667 1812 3716 cum
1835 3651 1891 3728 sit,
1916 3659 2022 3736 negat,
2041 3669 2073 3720 se
2088 3669 2157 3718 esse
2180 3653 2402 3720 Christianum.

1445 3755 1532 3820 Unde
1548 3753 1674 3838 negauit
1688 3753 1848 3820 Christum
1865 3757 1990 3836 Petrus,
2006 3755 2079 3824 dum
2098 3759 2270 3842 negavisse
2287 3757 2401 3842 Christi
2479 3813 2484 3826 .

1445 3857 1633 3944 discipulum
1651 3887 1683 3926 a.

1535 3965 1587 4030 44.
1622 3965 1746 4050 Quaest.
1770 3967 1817 4032 lll.
1842 3967 1918 4034 Item
1934 3969 2100 4054 quaeritur
2122 3969 2161 4036 de
2177 3969 2244 4036 loeo
2268 3969 2402 4054 negatio

1444 4071 1497 4140 nis
1524 4073 1617 4138 Petri.
1645 4109 1688 4120 -
1714 4073 1751 4138 El
1772 4073 1921 4140 ridentur
1954 4073 2006 4140 alii
2042 4075 2253 4160 Evangelisiae
2281 4073 2400 4154 dicere,

1445 4179 1530 4264 quod
1554 4179 1651 4246 luerit
1673 4179 1703 4244 in
1719 4181 1817 4246 domo
1837 4179 1997 4266 Cctpbne,
2018 4181 2101 4248 sicut
2123 4181 2239 4250 dicitur
2254 4181 2398 4248 Matthaei

1445 4283 1593 4370 vigesImo
1628 4291 1719 4352 sexto
1733 4285 1759 4364 8;
1788 4287 1917 4352 loannes
1937 4287 2068 4354 wridetur
2099 4287 2217 4368 dicere,
2252 4287 2337 4372 quod
2367 4283 2400 4352 in

1444 4389 1548 4472 domo,
1561 4391 1687 4460 411444.

1534 4499 1718 4568 Ruseouono
1739 4499 1775 4564 ad
1800 4501 1876 4568 hoc:
1900 4501 1953 4568 Est
1977 4501 2181 4568 contrarietas
2195 4499 2278 4568 inter
2301 4517 2399 4586 expo
2417 4505 2483 4562 Besa·

1445 4603 1592 4672 sitoresi.
1616 4607 1690 4672 Nam
1711 4605 1793 4672 Beda
1815 4611 1848 4672 et
1869 4607 2073 4694 hieronymus
2098 4607 2221 4688 dicunt,
2244 4607 2330 4692 quod
2351 4607 2399 4674 in·
2417 4611 2493 4666 apuu
2507 4613 2531 4662 l·

1512 5041 1524 5072 ⁹
1548 5045 1619 5098 Patr..
1632 5045 1776 5112 Comestor,
1796 5045 1893 5098 HIstor..
1910 5045 2070 5110 scholastica,
2084 5045 2111 5098 in
2123 5045 2271 5112 Evangelia,
2291 5059 2317 5096 c.
2333 5045 2397 5096 lae:

1443 5137 1599 5190 Secnndnm.
1624 5138 1694 5188 hunc
1723 5135 1842 5188 ordinem
1870 5135 1971 5188 loannis
1995 5135 2101 5188 uidetur
2118 5135 2186 5188 Petri
2205 5135 2271 5186 trina
2291 5133 2397 5198 negatio

1442 5223 1563 5277 inchoata
1591 5223 1617 5276 in
1645 5221 1711 5276 atrio
1739 5223 1830 5276 Annae
1856 5227 1880 5276 et
1910 5227 2093 5276 corrsummata
2120 5221 2151 5272 in
2174 5223 2240 5274 atrio
2267 5219 2396 5288 Caiphae;

1442 5313 1590 5366 secundum
1616 5311 1681 5366 alios
1709 5311 1924 5380 (evangelistas),
1950 5311 1998 5378 qni
2030 5325 2082 5364 nou
2111 5313 2208 5366 faciunt
2235 5309 2394 5364 mentionem

1442 5401 1478 5454 de
1500 5401 1590 5464 huna,
1610 5399 1713 5452 uidetur
1733 5405 1785 5450 tota
1803 5403 1868 5452 lacta
1886 5399 1915 5452 in
1938 5399 2003 5450 atrio
2030 5399 2152 5464 Caiphae.
2176 5397 2395 5464 tunguenesin
2458 5453 2459 5456 ,

1439 5489 1506 5542 libna
1535 5489 1572 5542 de
1596 5489 1746 5544 Concordia<
1767 5489 1995 5554 Euangelistarnm
2015 5487 2067 5558 [lll.
2087 5503 2116 5542 c..
2134 5489 2166 5540 6,
2183 5503 2217 5540 n..
2235 5489 2279 5540 al.
2303 5501 2393 5554 seqq-3

1439 5579 1487 5630 clr.
1504 5579 1533 5630 44
1547 5579 1615 5630 loan.
1627 5579 1734 5642 4444114..
1747 5581 1778 5630 tr.
1794 5579 1854 5630 lle.
1865 5575 1956 5644 abd,
1970 5575 2073 5640 asserit,
2087 5581 2172 5630 totam
2181 5579 2276 5628 factam
2290 5575 2314 5626 iu
2328 5573 2394 5628 atrio

1438 5665 1541 5730 Annae,
1559 5671 1589 5718 et.
1598 5681 1668 5732 quae
1678 5665 1746 5718 dieta
1759 5669 1820 5716 sunt
1832 5665 1893 5718 inde
1906 5669 1965 5730 pest
1982 5663 2096 5718 missum
2110 5665 2195 5718 lesum
2215 5664 2249 5717 ad.
2267 5663 2393 5726 ratonem

1421 5811 1422 5814 Ἴ
1437 5755 1642 5820 recapitulando
1655 5753 1737 5808 dicta.
1745 5753 1958 5818 hieronymusin
1977 5753 2139 5806 blattbaenm
2149 5751 2207 5820 446,
2219 5749 2272 5818 ih]
2286 5755 2310 5804 et
2321 5751 2393 5804 Beda

1436 5843 1470 5894 in.
1487 5843 1590 5896 Lucam.
1611 5843 1669 5912 [etQ
1688 5841 1798 5912 64644,
1817 5843 1947 5894 violantur·
1964 5843 2050 5908 velle,
2069 5841 2142 5906 qnod
2168 5843 2257 5894 Petrus
2283 5837 2307 5890 iu
2326 5837 2392 5892 atrio

1436 5929 1553 5996 Caiphae
1570 5931 1714 5996 negaverit.
1734 5929 1792 5984 Cir..
1805 5931 1875 5984 card.
1898 5931 1980 5996 lingo
1992 5927 2025 5980 iu.
2037 5933 2106 5982 44441
2128 5929 2183 5992 48,
2196 5929 2249 5992 24,
2262 5925 2308 5978 nbi
2327 5929 2392 5978 baec

1436 6019 1503 6074 Petri
1522 6019 1673 6074 4444144444.-
1685 6017 1765 6072 verba
1787 6017 1896 6072 adducit
1913 6017 1986 6086 [uida
2001 6023 2091 6070 tamen
2108 6017 2191 6082 paulo·
2204 6011 2337 6082 interius];
2361 6015 2391 6068 B.

1436 6107 1540 6162 Albert.
1556 6107 1603 6176 (in.
1615 6109 1733 6160 eundem
1747 6107 1846 6176 locum)
1865 6097 1957 6160 antem
1973 6107 2007 6158 ait
2014 6123 2028 6158 1.
2044 6107 2189 6170 «sicergo
2207 6103 2310 6182 negatio
2323 6103 2391 6154 Petri

1434 6197 1469 6248 in.
1481 6197 1560 6250 domo
1572 6197 1670 6248 4111144
1682 6197 1803 6260 proiecto
1815 6201 1873 6248 erat·
1890 6197 2010 6248 inchoata
2023 6201 2048 6248 et
2065 6195 2185 6248 income
2205 6191 2319 6256 Caiphae
2331 6203 2391 6244 oon

1435 6291 1575 6338 summata.
1598 6287 1626 6338 Et
1646 6287 1695 6338 hoc
1715 6283 1777 6338 dicit
1794 6285 1970 6350 Hieronymus
1988 6287 2015 6338 et
2033 6283 2115 6346 Beda;
2135 6281 2232 6334 veritas
2255 6279 2391 6360 esthisto·

1433 6373 1502 6428 uiae..
1514 6373 1677 6438 Augustinus
1694 6377 1783 6424 4441411
1800 6373 1882 6438 dicit„
1896 6373 1970 6438 qnod
1981 6377 2033 6424 tota
2051 6371 2180 6434 completa
2198 6367 2248 6420 fnit
2263 6365 2294 6416 in.
2306 6365 2388 6420 domo

1433 6461 1537 6528 donare,
1557 6467 1587 6514 at
1600 6463 1677 6530 qnod
1690 6461 1787 6514 14444414
1799 6461 1881 6514 luisse
1896 6463 2031 6526 completa.
2043 6461 2074 6512 in.
2084 6459 2163 6512 domo
2181 6455 2314 6522 Calphae,
2327 6455 2388 6510 ideo

1433 6551 1542 6618 dieltnr,
1560 6551 1622 6618 quia
1641 6557 1756 6616 propter·
1768 6549 1957 6614 cognationem
1975 6549 2070 6602 domus
2090 6545 2208 6610 Caiphae
2225 6545 2328 6596 domna
2339 6545 2389 6596 hu·

1433 6653 1482 6692 nae
1499 6639 1671 6704 reputabatur
1688 6643 1716 6690 et
1733 6653 1754 6688 4
1766 6651 1899 6690 converso·
1911 6657 1941 6686 a..
1955 6635 2022 6690 Cum
2041 6637 2097 6686 hac
2108 6633 2272 6700 expositione
2294 6645 2388 6686 conue-

1431 6729 1505 6782 niunt
1524 6725 1606 6780 codd.
1619 6725 1710 6776 nostri.
1722 6729 1746 6776 et
1759 6725 1911 6788 Gorrauus,
1924 6723 1977 6790 qui
1988 6723 2100 6788 reguum
2111 6721 2186 6776 hidae
2203 6717 2278 6776 bedu
2294 6723 2320 6772 et
2330 6717 2388 6772 4444-

1431 6827 1568 6884 coeptans
1583 6811 1687 6878 14444114,
1702 6811 1774 6882 qttod
1786 6811 1914 6866 1414414444
1922 6809 1977 6880 soit
1987 6809 2018 6864 444
2029 6809 2106 6866 docto
2119 6811 2215 6866 Annua
2228 6815 2324 6862 444-
2336 6807 2389 6890 641-
