5908 8266
1158 495 1352 566 collandi.
1377 499 1414 564 IN
1438 497 1604 566 lOdNNElld
1627 499 1658 566 C.
1685 499 1771 566 XVll.

476 677 561 746 unde
584 675 717 746 addidit:
749 677 788 744 tn
819 675 930 742 Filias
951 685 1029 742 tans
1061 673 1220 760 clarificet
1244 683 1290 754 te;
1322 677 1437 742 641406

477 805 539 852 non
564 791 609 852 est
635 787 787 870 quaerere
808 781 987 868 propriora
1010 781 1152 868 gloriam.
1177 781 1229 846 llle
1253 781 1334 848 enim
1364 799 1437 866 pro·
1471 865 1472 868 Ἴ

477 891 579 976 priam
601 891 733 978 gloriam
757 889 899 976 quaerit,
923 887 977 974 qui
1003 889 1127 956 laudem
1150 905 1240 954 suam
1265 885 1323 954 sibi
1339 903 1437 972 quae-

323 1063 332 1076 ,
382 1015 459 1062 alaier.
477 997 535 1078 rit,
561 1017 623 1066 non
647 995 812 1066 relerendo
833 993 874 1060 ad
896 995 1008 1060 Deum.
1022 1031 1064 1042 -
1081 993 1137 1062 Vel
1151 993 1334 1072 dicendum,
1352 993 1437 1078 quod
1471 985 1472 988 ’

474 1103 542 1190 ipse
566 1123 629 1170 non
651 1099 825 1188 quaerebat
838 1099 969 1186 gloriam
990 1099 1029 1168 ab
1045 1099 1243 1178 hominibus,
1265 1099 1340 1182 quia
1356 1117 1437 1166 rana

476 1218 540 1290 est,
566 1211 620 1276 sed
643 1229 661 1276 a
685 1209 750 1274 Deo
763 1209 783 1272 ¹.

566 1315 710 1402 41144041
741 1313 925 1398 quaeritur:
955 1313 1129 1380 secundum
1157 1329 1254 1396 qaam
1288 1317 1461 1378 naturam

389 1439 421 1484 aa
437 1439 456 1480 4.
476 1423 535 1490 boc
548 1423 649 1506 petiti
662 1457 705 1470 -
716 1419 806 1486 Dixit
822 1419 1002 1486 haereticus
1016 1435 1059 1486 ex
1074 1419 1149 1496 hoc,
1166 1417 1251 1504 quod
1266 1417 1362 1482 Filius
1377 1415 1437 1482 tuit

312 1547 390 1608 opina
407 1545 458 1590 aaa·
474 1531 547 1594 ante
571 1527 740 1606 mnndum,
764 1525 857 1594 etiam
881 1525 1056 1594 secundom
1071 1523 1164 1590 illanc
1188 1529 1333 1590 naturam
1350 1528 1436 1602 orat,

348 1603 423 1646 ”m
474 1633 550 1720 quia
572 1633 676 1700 minor
699 1639 768 1698 erat
792 1633 890 1700 Patre.
915 1633 977 1698 Hoc
1002 1631 1124 1698 dicebat
1146 1629 1239 1696 atrius
1252 1629 1272 1696 2.

565 1739 624 1806 Sed
646 1739 865 1824 Augustinusi
885 1737 973 1818 dicit,
1000 1735 1083 1822 quod
1103 1739 1162 1804 hoc
1187 1735 1372 1822 intelligitur
1387 1753 1436 1802 se-

319 1861 399 1924 40444,
412 1861 457 1924 444-
476 1847 615 1916 eundum
646 1843 831 1912 4044444044
868 1851 1027 1924 naturam,
1054 1851 1082 1912 et
1115 1849 1161 1912 est
1190 1843 1436 1928 exponendum:

344 1921 434 1972 gum
475 1951 644 2032 claritate,
668 1973 770 2042 paona
794 1951 899 2020 icini
921 1951 1016 2038 apud
1038 1959 1083 2030 46,
1117 1949 1234 2018 40114444
1263 1947 1437 2032 praedesti-

475 2059 615 2140 natione,
632 2059 706 2146 quia
729 2059 768 2126 ad
784 2061 938 2126 Romanos
959 2057 1077 2142 primo:
1096 2053 1371 2120 Praedestinatns
1388 2059 1437 2120 est

474 2165 583 2232 Filias
607 2167 668 2232 Dei
690 2165 725 2232 in
749 2163 879 2230 uirtute.

565 2271 660 2338 Aliter
684 2269 869 2350 dicendum,
896 2269 981 2354 quod
1004 2267 1108 2336 differt
1138 2265 1198 2354 qai
1214 2265 1297 2352 petit
1325 2275 1358 2332 et
1380 2265 1438 2332 eni

474 2379 540 2446 sive
553 2395 619 2464 pro
635 2395 698 2464 pao
720 2377 754 2442 in
776 2377 851 2456 hoc,
876 2375 951 2460 quie
973 2375 1032 2464 qni
1052 2375 1133 2460 petit
1154 2373 1202 2440 vel
1227 2379 1297 2440 0464
1323 2389 1437 2440 460444-

472 2485 550 2550 dum
578 2483 662 2570 quod
695 2481 876 2548 hruiusmodi
906 2481 1037 2548 interior
1061 2485 1108 2548 est
1134 2485 1165 2548 et
1188 2479 1358 2566 impotens;
1382 2479 1437 2546 sed

473 2589 529 2656 cai
548 2589 687 2676 petitur,
709 2589 769 2656 boa
794 2595 840 2656 est
864 2587 1054 2674 dupliciter:
1085 2593 1140 2656 aut
1163 2575 1282 2672 petitur
1305 2585 1371 2652 ribi
1399 2587 1436 2652 in

473 2717 525 2776 ce,
550 2701 586 2764 ut
610 2695 678 2764 eius
701 2695 872 2782 indigentia
893 2695 1089 2782 suppleatur,
1122 2701 1158 2760 ut
1182 2713 1254 2760 cum
1283 2711 1339 2778 ego
1364 2699 1436 2778 peto

475 2803 553 2870 mihi
576 2803 753 2888 peccatori;
788 2803 986 2888 aut-petitur
1018 2803 1083 2868 siti
1107 2803 1141 2868 in
1166 2801 1263 2880 otiis,
1302 2807 1335 2880 ut
1367 2797 1456 2886 eius

473 2909 573 2994 gloria
601 2909 836 2988 manifestatum
863 2914 892 2974 et
917 2909 960 2974 sic
997 2927 1053 2994 ego
1075 2923 1203 2992 possum
1239 2905 1359 2990 aliquid
1381 2923 1432 2990 pe·

475 3001 542 3082 tere
565 3013 645 3080 Deo:
671 3015 756 3082 Deus
777 3015 942 3082 manilesta
964 3021 1013 3094 te,
1038 3013 1211 3082 honorilice
1235 3019 1273 3080 te.
1292 3049 1341 3062 -—
1361 3013 1435 3078 Dico

474 3121 582 3208 igitur,
608 3121 788 3206 quodcum
812 3121 993 3206 quaeritur:
1016 3121 1191 3190 secundum
1214 3139 1310 3206 quam
1343 3125 1434 3184 natu-

474 3245 543 3294 ram
566 3227 713 3312 petebat?
743 3227 765 3294 si
791 3245 926 3314 quaeras
948 3229 988 3296 de
1010 3247 1048 3296 eo
1070 3229 1125 3316 qui
1140 3229 1237 3314 petit,
1252 3227 1434 3292 ,secandam

473 3333 563 3422 qnod
584 3333 686 3418 petiti
707 3333 777 3400 dico
803 3333 975 3400 secundum
1003 3331 1197 3400 inmanem.
1223 3333 1253 3400 Si
1277 3349 1433 3418 quaeras:

423 3445 428 3454 '
473 3439 531 3508 6444
552 3439 699 3526 petebat?
726 3441 810 3520 dice,
834 3439 919 3526 quod
948 3441 1131 3508 sec-andorn
1163 3439 1322 3506 4440444044.
1348 3437 1434 3506 Unde

362 3591 363 3594 ,
473 3565 523 3612 rae
558 3547 753 3614 demonstrat
785 3545 827 3612 ibi
868 3547 1061 3632 hypostasim
1095 3545 1233 3612 divinam
1270 3545 1432 3628 aequalem

473 3653 556 3720 Patri
578 3653 786 3730 6146644440,
812 3669 906 3736 quam
930 3653 1149 3738 aeqrrelitatem
1166 3647 1358 3718 manifestari
1379 3667 1434 3736 pe·

473 3759 558 3826 tebet
573 3759 595 3824 4.

565 3869 615 3932 40.
635 3865 824 3950 Quaestio.
846 3865 1016 3950 Quaeritur
1033 3865 1071 3930 de
1083 3865 1143 3930 1404
1160 3863 1244 3946 quod
1257 3861 1347 3928 dicit:
1366 3861 1433 3928 Sie-

473 3979 511 4040 at
532 3973 651 4040 dedisti
674 3973 703 4038 ei
721 3979 911 4058 potestaten
937 3971 1045 4038 ononis
1067 3969 1192 4036 carnis.

563 4077 708 4144 Conana:
737 4081 763 4144 1.
790 4077 936 4144 4164414644
952 4075 1088 4144 ultimo⁵
1113 4075 1239 4154 dieitur,
1262 4073 1347 4160 quod
1364 4081 1433 4158 post

474 4183 738 4252 resurrectionem
761 4183 832 4250 date
857 4189 913 4250 est.

563 4295 592 4358 4.
618 4293 710 4372 Item,
736 4291 766 4358 si
789 4291 876 4358 dedit
896 4297 1087 4376 potestaten
1111 4287 1218 4354 omnis
1241 4287 1377 4364 carnisr
1401 4291 1432 4354 et

472 4401 538 4484 ipse
562 4399 621 4464 dat
635 4399 744 4478 ornat,
767 4399 856 4486 qaod
871 4397 958 4462 dedit
982 4395 1047 4462 sibi
1067 4397 1182 4474 Pater,
1199 4393 1304 4462 vitant
1327 4401 1431 4460 aeter-

471 4525 553 4572 nam
569 4505 601 4572 ⁶:
626 4523 699 4590 ergo
724 4521 832 4570 ornnes
856 4505 1027 4572 saliantur.

311 2391 359 2438 lilia
371 2391 456 2436 solutio.

334 2603 453 2648 Distiuctio.

542 4879 623 4936 1Cli.
641 4897 723 4948 supra
741 4867 763 4936 c.
778 4883 803 4936 5.
816 4897 843 4936 n.
856 4879 899 4936 ts.
914 4897 1016 4948 seq.;c.
1031 4881 1056 4934 7.
1069 4897 1095 4934 n.
1110 4881 1152 4934 43.
1166 4885 1190 4934 64
1204 4897 1227 4934 4.
1241 4883 1265 4934 8.
1280 4897 1304 4934 4.
1319 4883 1362 4934 66.
1374 4895 1431 4948 seq.

543 4969 554 5002 ²
572 4973 641 5026 Vide
660 4985 741 5038 supra
758 4987 822 5038 pag.
841 4971 901 5034 344,
921 4977 1008 5024 401644
1030 4973 1070 5024 44.
1091 4977 1116 5024 64
1136 4971 1185 5036 44;
1215 4969 1307 5034 Η1144.,
1336 4971 1372 5024 111.
1399 4969 1431 5024 de

473 5059 545 5112 Trln.
563 5075 588 5110 n.
611 5059 853 5124 44.-8444641444
879 5071 929 5124 pro
953 5059 1029 5112 Dicit
1051 5057 1200 5114 leomodicas
1215 5073 1254 5112 ea
1274 5059 1338 5126 4404,
1361 5057 1432 5128 qnod

471 5151 604 5202 Gorranus
623 5147 723 5202 diceret
740 5161 774 5202 err
794 5149 842 5200 ioc
858 5147 1022 5212 4044444404,
1043 5147 1121 5216 qnod,
1141 5151 1167 5198 et
1184 5147 1299 5200 subinde
1316 5161 1365 5212 pro
1383 5145 1431 5200 rai·

363 5227 364 5230 ¹
405 5287 407 5290 .
471 5251 522 5292 aar
543 5239 603 5290 erat
620 5237 663 5290 ed.
681 5251 743 5288 cum
761 5251 813 5288 uno
832 5235 975 5302 alteroque
986 5237 1045 5288 4044.
1062 5243 1088 5288 64
1106 5239 1224 5288 Gerrano
1241 5233 1332 5288 rainer
1351 5239 1397 5288 est.
1415 5223 1416 5226 ¹

543 5323 553 5354 ³
572 5327 598 5376 ln
611 5329 679 5378 loen.
692 5327 794 5390 Evang.
807 5329 836 5374 tr.
854 5323 912 5376 105.
925 5339 950 5376 4.
967 5323 990 5374 5.
1004 5337 1077 5390 seqq.
1092 5323 1143 5376 Cir.
1157 5323 1248 5386 Hilar.,
1262 5321 1347 5374 lllde
1359 5321 1429 5374 Trin.

471 5429 497 5464 n.
516 5413 558 5464 la.
572 5427 646 5480 seqq.
660 5419 685 5466 et
697 5413 741 5466 ΙΧ.
760 5427 786 5464 4.
806 5413 849 5464 34.
867 5425 940 5478 seqq.
959 5437 997 5450 -
1013 5411 1122 5464 lnlerius
1133 5411 1261 5472 allegatur
1278 5411 1354 5462 Rom.
1368 5409 1392 5472 l,
1407 5409 1430 5461 4.

543 5497 554 5530 ⁴
572 5503 639 5554 Vide
659 5503 784 5566 August,
798 5509 888 5554 contra
903 5503 1056 5554 Sermonem
1067 5499 1241 5562 atrianorum,
1254 5511 1278 5550 c.
1292 5499 1335 5550 34.
1348 5511 1373 5548 44.
1387 5499 1429 5550 49.

471 5596 496 5643 44
513 5605 537 5642 4.
557 5589 600 5644 34.
613 5605 637 5644 n.
653 5593 703 5652 34,
724 5591 813 5652 Desit,
827 5593 868 5644 lV.
881 5591 1011 5644 adversus
1024 5587 1197 5650 bonomium,
1213 5587 1258 5638 nbi
1272 5591 1337 5640 baec
1349 5585 1430 5640 rerba

472 5681 561 5746 Pater,
580 5679 702 5750 64044440
716 5693 766 5746 nae,
781 5681 891 5744 explicat
911 5681 962 5732 ita:
985 5681 1064 5732 «Non
1082 5679 1165 5746 igitur
1177 5677 1353 5730 accessionem
1366 5677 1431 5742 petit

472 5769 582 5836 gloriae,
602 5769 645 5822 sed
669 5773 697 5820 nt
715 5769 915 5832 dispensationis
932 5769 978 5820 liet
995 5763 1170 5822 manifestatio
1182 5787 1208 5818 4.
1227 5767 1255 5818 Et
1275 5767 1430 5830 4460141416-

470 5859 543 5910 riusz
564 5857 702 5910 «Proinde
722 5871 783 5910 eum
803 5859 862 5912 talia
889 5861 1035 5912 secundum
1063 5857 1233 5912 humanitatis
1260 5857 1429 5920 dispensatio

460 5959 546 6016 ¹neni,
565 5959 620 5998 nou
638 5947 785 5998 secundum
799 5947 905 5998 Deitatis
917 5945 1048 5998 deiectum
1062 5947 1160 5998 dixisse
1172 5949 1272 5998 constat
1286 5963 1308 5996 4.
1322 5941 1430 5998 01440-

471 6025 521 6100 pra
538 6049 560 6088 4.
579 6035 604 6088 5.
623 6049 650 6088 n.
671 6035 712 6088 811.
732 6061 767 6074 -
788 6035 914 6102 Superius
929 6035 1041 6090 40414444
1066 6033 1215 6092 recondant
1242 6031 1362 6086 dininorn
1386 6035 1429 6088 ed.

472 6121 592 6190 praefigit
609 6121 669 6190 sibi,
697 6129 726 6176 et
749 6121 862 6178 subinde
879 6137 930 6190 pro
947 6137 990 6178 rae
1008 6123 1143 6178 substituit
1162 6135 1236 6188 0644,
1255 6121 1305 6174 CN
1325 6121 1353 6190 lp
1370 6121 1428 6188 [cir.

472 6225 552 6278 supra
570 6223 632 6278 pag.
654 6211 720 6280 444,
739 6217 798 6264 4046
818 6211 854 6282 4.]
873 6225 924 6266 nte.
1303 6209 1304 6212 ’

540 6297 645 6354 ⁵Vers.
667 6301 717 6352 la:
737 6301 800 6352 Data
818 6307 858 6352 est
875 6301 940 6352 mihi
959 6303 1044 6354 omnis
1061 6307 1176 6366 potestas
1195 6305 1245 6352 etc.

540 6387 552 6418 ⁶
571 6391 724 6444 Secundum
743 6405 770 6442 v.
791 6393 813 6442 4.
833 6391 913 6442 huius
930 6403 989 6456 cap.
1442 6415 1452 6444 a

541 6475 551 6508 ²
570 6481 597 6532 ln
617 6481 684 6532 1064.
707 6481 807 6544 Evaug.
820 6485 853 6532 tr.
867 6479 927 6532 tlt.
939 6493 966 6532 n.
980 6481 989 6530 l
1003 6495 1010 6532 ι
1023 6479 1125 6534 Dedisti
1136 6479 1163 6532 64
1169 6479 1328 6546 potestatem
1341 6477 1427 6532 omnis
1463 6471 1464 6474 ’

470 6565 576 6632 corna,
600 6567 625 6620 id
644 6573 684 6620 est
697 6569 786 6622 omnis
798 6567 949 6634 bominis...,
964 6567 1009 6622 ubi
1023 6569 1145 6632 ostendit,
1165 6571 1317 6632 potestatem
1333 6581 1360 6616 46
1373 6567 1428 6634 qui·

470 6657 533 6710 dem
551 6657 636 6708 omnis
656 6655 768 6708 bominis
788 6655 933 6720 accepisse,
954 6661 982 6708 ut
999 6655 1092 6710 liberet
1104 6671 1171 6724 44404
1183 6655 1309 6716 voluerit,
1322 6655 1428 6710 damnat

471 6759 539 6814 qnos
557 6745 682 6806 voluerit,
702 6745 749 6810 qui
768 6745 845 6796 viros
863 6751 888 6796 et
902 6751 1020 6796 mortuos
1034 6745 1175 6806 iudicabit3
1188 6743 1236 6796 sed
1249 6757 1295 6796 eos
1307 6743 1359 6796 sibi
1370 6757 1428 6798 esse

471 6835 558 6900 datos,
578 6833 676 6902 quibus
694 6833 819 6886 omnibus
848 6833 890 6888 det
908 6833 991 6888 644444
1010 6839 1177 6890 ortanam...
1196 6831 1307 6886 Proinde
1326 6847 1379 6886 non
1405 6835 1427 6886 ei

2359 491 2361 494 ⁵
2393 503 2457 568 469

1588 677 1806 762 Augustinus'l
1829 677 2013 762 respondet,
2039 677 2124 762 quod
2137 673 2323 762 intelligitur
2347 695 2459 746 464444-
2479 703 2545 760 resp.
2559 703 2579 748 4.

1501 781 1577 848 dum
1608 783 1851 868 praescientiam
1878 781 1929 850 hic
1958 781 2096 860 dedisti,
2120 781 2149 848 id
2181 789 2247 860 est,
2278 781 2458 868 praevidisti

1500 887 1577 954 dari.
1594 925 1638 938 --
1653 889 1923 974 014444044044648
1945 907 2020 956 vero
2044 887 2133 966 dicit,
2159 887 2244 972 quod
2262 887 2322 954 hoe
2345 889 2460 956 intelli·
2480 913 2545 970 neap.
2559 913 2579 958 4.

1500 995 1585 1078 gitur
1602 997 1773 1064 secundum
1793 995 1930 1064 divinam
1945 1001 2110 1062 naturam:
2126 993 2247 1062 dedisti
2258 995 2300 1062 ab
2315 1001 2457 1074 aeterno;

1470 1129 1472 1134 v
1499 1101 1530 1166 in
1556 1103 1707 1168 Mattiaco
1732 1101 1848 1170 dicitur
1871 1101 1971 1182 olata,
1995 1121 2058 1168 non
2073 1105 2149 1168 tunc
2173 1099 2275 1186 primo
2299 1099 2458 1180 exhibita,

1500 1207 1555 1274 sed
1576 1207 1782 1274 manifestata.

1588 1315 1629 1378 2.
1643 1313 1735 1396 Quod
1750 1313 1911 1382 obiicitur:
1937 1315 2192 1394 omnisomnis·
2215 1315 2395 1382 distributio
2412 1319 2458 1382 est
2477 1333 2511 1380 44
2525 1337 2546 1380 6.

1500 1435 1559 1502 pro
1578 1417 1755 1504 peceribus
1784 1417 2014 1504 singolorum,
2040 1419 2070 1486 id
2101 1429 2147 1486 644
2171 1421 2208 1486 de
2240 1419 2322 1486 omni
2354 1435 2457 1486 carne.

1470 1525 1471 1528 ’
1499 1525 1556 1590 Vel
1578 1525 1604 1590 si
1628 1525 1683 1588 ilat
1705 1523 1884 1590 distributio
1908 1541 1966 1606 pro
1989 1525 2131 1612 singolis
2153 1525 2358 1612 9enernno⁹;
2381 1531 2457 1592 tana

1499 1629 1637 1696 iacienda
1661 1635 1707 1696 est
1733 1629 1778 1696 ris
1800 1629 1833 1696 in
1865 1629 1925 1696 1404
1946 1627 2032 1714 quod
2055 1637 2103 1696 est
2125 1631 2266 1710 dedisti,-
2297 1631 2370 1718 quia
2393 1627 2457 1698 non

1499 1735 1587 1804 dedit
1603 1735 1632 1802 44
1654 1753 1782 1802 omnen
1799 1753 1948 1812 carana,
1974 1735 2027 1802 sed
2041 1743 2231 1820 potestaten
2246 1739 2333 1804 dedit
2356 1757 2457 1824 saper

1499 1861 1626 1908 omraern
1642 1861 1794 1922 carnan3
1812 1841 1866 1908 sed
1881 1841 1909 1906 64
1927 1839 2013 1908 dedit
2033 1841 2312 1926 praedestinatos,
2337 1849 2373 1910 ut
2397 1845 2457 1912 sal·

1499 1955 1567 2028 464,
1589 1955 1780 2032 potestatem
1803 1967 1879 2038 nero
1903 1947 1992 2014 dedit
2013 1963 2111 2032 super
2132 1947 2246 2026 malos,
2270 1957 2307 2014 ut
2329 1949 2454 2016 iudicet.

1591 2057 1640 2120 44.
1667 2055 1791 2138 Quaest.
1811 2055 1860 2120 lV.
1884 2053 1959 2120 ltem
1979 2053 2142 2140 quaeritur
2167 2053 2204 2120 de
2228 2055 2288 2122 hoc
2303 2055 2386 2140 quod
2411 2057 2458 2122 dl-

1499 2157 1674 2228 04441064
1695 2161 1743 2226 est
1763 2161 1833 2226 vita
1865 2167 2019 2238 aeterna,
2045 2159 2305 2248 at'eopnoscant
2327 2167 2373 2240 te,
2405 2179 2457 2226 so-

1500 2267 1569 2334 lane
1593 2285 1710 2334 0644444
1732 2269 1846 2332 Deam.

1593 2373 1710 2440 4Νο4
1735 2373 1834 2440 solum
1860 2377 1908 2440 est
1930 2371 2090 2458 cognitio,
2114 2374 2169 2440 sed
2191 2375 2286 2440 etiam
2311 2373 2457 2452 dilectior

1498 2485 1555 2546 6444
1576 2479 1602 2546 si
1626 2483 1662 2544 tu
1685 2479 1782 2558 dicas,
1808 2479 1890 2564 qaod
1916 2477 2041 2546 dileetio
2064 2479 2325 2566 decagesimam
2357 2499 2457 2566 quare
2543 2553 2547 2568 ,

1498 2605 1560 2654 404
1583 2587 1689 2670 posuit
1712 2585 1753 2652 ibi
1777 2583 2003 2652 dilectionem?
2393 2673 2394 2676 Ἴ

1587 2695 1619 2758 D.
1642 2693 1737 2774 Item,
1769 2695 1874 2758 Deam
1897 2699 1952 2758 aut
1984 2697 2110 2758 tenetur
2139 2695 2256 2758 essenti
2277 2693 2368 2774 diter,
2401 2699 2457 2760 aut

1497 2797 1727 2884 personaliter.
1751 2799 1782 2864 Si
1801 2797 2041 2884 personaliter:
2064 2815 2139 2884 ergo
2156 2799 2336 2867 excluditur
2359 2801 2457 2884 Spiri-

1499 2911 1552 2972 tus
1583 2911 1719 2982 sanctus.
1751 2905 1782 2972 Si
1812 2905 2046 2972 esseat'aliter:
2069 2903 2145 2992 ergo
2174 2907 2294 2974 trustra
2315 2907 2455 2976 eddidit:

1500 3013 1602 3096 Quem
1619 3013 1740 3078 misisti
1755 3011 1865 3080 46444444
1883 3011 2068 3088 Christum·
2085 3013 2160 3100 quia
2174 3013 2308 3100 cognitio
2324 3015 2455 3082 Christi-

1498 3117 1633 3186 hominis
1658 3137 1721 3186 non
1744 3125 1791 3184 644
1814 3117 1853 3186 de
1869 3117 2063 3184 substantiali
2090 3121 2229 3204 praemio
2242 3121 2279 3202 1⁰,
2296 3119 2351 3186 sed
2365 3121 2455 3186 Chri·-

1498 3223 1619 3292 sti-bei.

1586 3331 1758 3398 Dicendum
1777 3331 1814 3398 ad
1829 3331 1986 3418 primum,
2003 3331 2088 3418 quod
2111 3333 2143 3398 in
2161 3333 2357 3420 cognitione,
2374 3351 2456 3420 quae
2475 3353 2540 3410 neap.
2555 3349 2586 3396 aa
2598 3351 2617 3398 4.

1497 3439 1608 3504 444641
1640 3437 1768 3516 faciem,
1804 3437 1842 3506 de
1870 3439 2053 3506 necessitate
2089 3439 2274 3524 intelligitur
2307 3441 2456 3520 ditantia·
2597 3441 2599 3446 “

1478 3555 1479 3560 ’
1497 3542 1581 3610 unde
1607 3561 1677 3610 cum
1701 3543 1833 3624 dicitur,
1858 3543 1942 3628 quod
1973 3571 1988 3602 «
2003 3545 2082 3610 visio
2105 3553 2153 3612 est
2168 3553 2232 3612 tota
2247 3565 2367 3614 merces
2381 3549 2408 3588 1¹
2423 3573 2455 3628 »,

1496 3669 1559 3716 non
1583 3647 1764 3718 excluditur
1789 3649 1921 3718 dilectio.
1945 3651 2040 3736 ltlagis
2063 3659 2169 3718 antem
2191 3653 2307 3718 dicitnr
2339 3655 2376 3720 de
2408 3653 2457 3718 ni-

1498 3757 1590 3820 44046
1613 3775 1708 3840 quam
1742 3757 1929 3836 dilectione,
1963 3757 2037 3844 quia
2058 3759 2142 3824 victo
2177 3757 2341 3846 distinguit
2371 3761 2457 3846 qnod

1499 3869 1548 3928 est
1569 3861 1690 3946 patriae
1722 3861 1760 3928 ab
1784 3881 1819 3928 eo
1852 3861 1935 3946 quod
1959 3869 2005 3928 est
2030 3863 2115 3944 riae3
2140 3865 2193 3930 sed
2225 3865 2352 3932 ditectio
2381 3885 2454 3934 non.

1496 3967 1585 4036 Nunc
1610 3967 1691 4034 enim
1716 3987 1776 4036 non
1801 3961 1957 4048 4441444444,
1982 3971 2037 4036 sed
2059 3977 2164 4036 tamen
2186 3971 2354 4056 diligimus.

1586 4077 1615 4142 4.
1640 4075 1729 4160 Quod
1745 4075 1926 4160 quaeritur:
1950 4075 2108 4162 quomodo
2123 4083 2248 4144 tenetur
2277 4079 2385 4144 Densi
2409 4079 2456 4146 cii-
2474 4095 2538 4152 nesp.
2555 4093 2584 4138 aa
2597 4095 2617 4140 a.

1496 4181 1650 4262 cendum,
1675 4181 1758 4268 quod
1793 4183 1817 4250 si
1844 4187 1906 4250 stat
1937 4181 1980 4248 ibi
2003 4183 2235 4266 essentialiter,
2271 4191 2347 4252 tuna
2369 4187 2455 4272 quod

1496 4287 1718 4374 subiungitur:
1742 4295 1770 4354 et
1793 4307 1888 4378 anan
1909 4289 2048 4368 saisisti,
2072 4291 2257 4376 intelligitur
2282 4291 2454 4360 secandum

1497 4393 1669 4460 humanam
1685 4399 1847 4474 naturam,
1869 4395 2046 4462 secundum
2060 4413 2170 4480 quam,
2195 4397 2251 4462 etsi
2277 4417 2339 4464 non
2354 4405 2455 4466 atten-

1495 4499 1590 4566 datur
1606 4501 1738 4566 essentia
1753 4499 1899 4584 praemii,
1917 4507 2020 4568 tamen
2038 4503 2309 4570 vehementissima
2325 4505 2385 4572 erit
2402 4505 2454 4574 de·

1497 4881 1552 4934 dati
1570 4885 1645 4942 sunt,
1664 4879 1761 4948 quibus
1780 4879 1861 4940 vitam
1881 4885 2013 4932 aeternam
2033 4891 2085 4930 non
2104 4879 2188 4942 dabit,
2207 4879 2331 4948 quemvis
2349 4883 2455 4948 6414440-

1499 4983 1557 5020 rum
1580 4973 1694 5034 potestas
1723 4969 1782 5022 data
1804 4969 1850 5034 sit,
1869 4969 1912 5020 cui
1929 4971 2045 5032 potestas
2064 4969 2123 5020 dete
2144 4975 2181 5020 est
2201 4969 2402 5038 omnisomnis,
2426 4971 2456 5024 id

1496 5065 1538 5112 est
1556 5059 1644 5112 omnis
1663 5059 1776 5112 bominis
1793 5065 1844 5112 ete.
1864 5057 1917 5112 Cir.
1935 5057 1999 5110 intre
2013 5071 2039 5110 n.
2057 5059 2102 5110 34.
2119 5063 2146 5110 64
2165 5049 2208 5112 44.
2224 5087 2262 5098 -
2281 5059 2398 5114 Subinde
2409 5075 2455 5114 vo·

1498 5143 1575 5196 cibas
1594 5145 1799 5212 praescientiane
1817 5151 1844 5198 et
1860 5145 2019 5214 praecidisti
2036 5147 2079 5200 ed.
2099 5147 2221 5212 praefigit
2234 5147 2454 5218 praedestinatio·

1496 5247 1558 5288 nean
1577 5237 1604 5288 et
1619 5247 1651 5284 64
1665 5233 1872 5302 praedestinasti
1891 5237 1922 5288 et.

1568 5317 1624 5374 ⁸ln
1645 5325 1716 5376 ioan.
1734 5323 1823 5376 homil.
1844 5323 1887 5376 89.
1907 5321 1980 5390 (alias
1997 5323 2052 5392 79.)
2072 5339 2098 5378 n.
2117 5325 2143 5392 4,
2163 5323 2222 5390 obi,
2240 5329 2385 5380 haereticos
2409 5329 2455 5380 im-

1496 5425 1635 5476 pugnans,
1655 5413 1731 5466 solvit
1748 5413 1824 5466 istam
1849 5415 2047 5482 quaestionem:
2067 5413 2241 5482 quandonam
2259 5423 2414 5482 potestatem
2428 5419 2456 5470 il·

1496 5499 1548 5552 1644
1568 5501 1689 5566 accepit?
1719 5501 1770 5554 Cir.
1797 5503 1956 5568 Hilar.‚'lld
1975 5503 2008 5554 de
2028 5503 2100 5554 trin.
2117 5517 2145 5556 n.
2164 5505 2208 5568 3t,
2225 5503 2271 5558 ubi
2289 5509 2354 5560 14664
2372 5505 2455 5560 464146

1496 5591 1647 5654 expendens
1672 5589 1724 5644 ait:
1742 5591 1844 5656 Quodsi
1861 5591 1977 5658 00646440
1992 5591 2133 5660 potestatis
2157 5593 2211 5644 sola
2234 5601 2275 5646 est
2297 5595 2454 5660 significatio

1496 5677 1651 5746 nativitatis,
1669 5679 1698 5732 in
1717 5695 1769 5746 qua
1789 5679 1890 5746 aceepit
1909 5679 1934 5730 id
1954 5681 2028 5746 qaod
2045 5685 2101 5744 est,
2120 5695 2172 5734 non
2192 5687 2232 5734 est
2249 5683 2390 5736 intirmitati
2409 5683 2455 5738 da·

1495 5767 1532 5822 tio
1550 5767 1718 5836 deputanda,
1742 5781 1811 5836 quae
1840 5773 1921 5822 totum
1951 5771 2001 5820 boe
2029 5775 2178 5824 nascentem
2198 5777 2363 5824 consummat
2381 5785 2453 5842 esse,

1494 5857 1568 5924 quod
1588 5859 1657 5910 Deus
1674 5865 1722 5912 est.

1564 5941 1647 6000 ⁹Clr.
1674 5959 1754 6012 supra
1782 5961 1845 6012 pag.
1872 5947 1939 6010 334,
1967 5953 2028 6000 4014
2051 5949 2078 6000 3.
2096 5953 2121 6000 64
2138 5963 2161 6002 6.
2182 5949 2225 6002 ta.
2243 5965 2270 6002 n.
2288 5949 2334 6002 25.
2354 5979 2389 5988 -
2413 5951 2452 6004 De

1495 6049 1571 6100 seqq.
1592 6035 1654 6088 ride
1673 6049 1753 6102 supra
1773 6043 1861 6090 notam
1880 6033 1906 6088 7.
1924 6063 1960 6076 -
1978 6037 2087 6090 interius
2105 6039 2193 6102 plures
2209 6039 2286 6092 eodd.
2298 6037 2334 6094 Si
2347 6037 2384 6106 ei,
2402 6053 2453 6104 pro

1493 6121 1548 6178 Sed
1566 6123 1603 6190 64,
1622 6125 1669 6190 oui
1687 6129 1747 6190 post
1761 6127 1921 6192 potestatem
1940 6125 2066 6178 omittunt
2084 6139 2156 6180 aero.

1566 6209 1590 6240 ¹⁰
1608 6211 1656 6264 Ed.
1676 6225 1737 6264 cum
1758 6213 1873 6266 Gorrano
1894 6211 1966 6266 addit
1983 6211 2160 6268 beatitudinis.

1564 6299 1587 6330 ¹²
1606 6299 1659 6352 Cir.
1678 6313 1758 6366 supra
1778 6315 1840 6366 pag.
1858 6299 1923 6366 444,
1936 6307 1997 6354 nota
2013 6303 2035 6354 4.
2048 6301 2170 6368 August,
2183 6303 2298 6354 Enarret.
2312 6301 2339 6352 in
2350 6303 2392 6356 Ps.
2405 6305 2450 6358 90.

1493 6403 1573 6444 serm.
1594 6393 1617 6444 4.
1637 6403 1663 6442 n.
1685 6391 1731 6442 l3:
1750 6391 1854 6458 Nesci0‚
1872 6391 1938 6456 quid
1958 6403 2085 6456 maguum
2103 6391 2231 6456 estquod
2251 6391 2451 6458 visurisnmus,

1493 6481 1601 6546 quando
1620 6485 1672 6532 tota
1691 6491 1792 6532 meroes
1810 6485 1900 6532 nostra
1916 6477 1983 6532 visio
2003 6485 2055 6544 est,
2072 6485 2097 6532 et
2108 6479 2196 6544 ipsum
2210 6481 2450 6550 neglectarum,

1492 6571 1545 6622 4406
1562 6575 1602 6622 644
1618 6565 1745 6620 Dominus
1764 6573 1851 6620 noster
1869 6569 1940 6618 tasas
1958 6565 2084 6620 Christus.
2102 6567 2159 6630 lpse
2177 6567 2223 6634 qui
2249 6569 2353 6620 humitis
2378 6571 2452 6622 visus

1491 6663 1544 6722 444,
1564 6657 1620 6722 ipse
1640 6653 1773 6706 videbitur
1790 6667 1903 6718 magnus
1924 6659 1950 6706 et
1973 6653 2122 6706 laetificabit
2145 6667 2193 6706 nos
2213 6661 2263 6706 etc.
2280 6681 2316 6694 -
2334 6657 2413 6722 Epist.
2433 6659 2451 6712 l.

1492 6745 1550 6798 Cor.
1572 6747 1618 6810 43,
1640 6745 1687 6796 ti:
1708 6741 1836 6796 Videmus
1853 6753 1923 6794 4444444
1941 6755 1989 6808 per
2008 6745 2145 6806 speculem
2162 6743 2189 6794 in
2208 6745 2369 6812 aenigmate,
2390 6753 2452 6800 tune

1493 6841 1581 6886 autem
1600 6833 1666 6884 lacte
1684 6831 1719 6884 ed
1737 6831 1839 6884 taciem.
1859 6829 1926 6884 Vide
1946 6831 1986 6884 lV.
2007 6831 2077 6884 Seni.
2096 6831 2121 6884 d.
2144 6831 2184 6884 49.
2199 6847 2226 6898 p.
2238 6835 2256 6888 l.
2269 6849 2296 6902 q.
2309 6835 2334 6886 5.
2346 6837 2382 6890 ad
2397 6837 2452 6890 t-a.
