5908 8266
488 551 554 648 666

488 759 600 824 choata
614 755 675 824 luit
689 755 722 822 iu
737 755 828 824 domo
848 759 980 834 Annae,
996 755 1051 822 sed
1073 761 1291 822 consummata
1305 755 1338 820 in
1354 743 1445 822 domo

490 861 652 948 Caiphae·
671 861 765 928 etalii
785 861 994 946 Evangelistae
1008 861 1118 928 dicunt
1130 861 1232 946 linem
1253 861 1443 944 negationis,

356 983 433 1040 6666
445 983 467 1028 e.
487 971 616 1036 loannes
626 971 732 1034 autem
744 965 870 1052 respicit
878 967 1098 1052 principium.
1112 1003 1154 1016 —
1167 967 1359 1052 Augustinus
1369 985 1445 1034 vero
1505 973 1639 1052 666666,
1663 967 1818 1052 quomodo
1842 985 1884 1034 ex
1908 971 1967 1034 boc
1989 969 2146 1054 impletur
2167 969 2284 1034 divino
2300 967 2463 1034 voluntas.

487 1075 679 1160 dicitquod
702 1081 766 1142 tota
791 1073 942 1158 complete
966 1073 1026 1140 leit
1041 1075 1070 1140 in
1097 1073 1188 1140 domo
1206 1075 1341 1154 Annae,
1364 1073 1446 1140 sicut

487 1181 613 1246 videtur
626 1181 732 1248 dicere
748 1179 950 1262 Evangelista.
966 1179 1000 1244 Et
1016 1179 1101 1264 qaod
1115 1179 1168 1244 alii
1182 1179 1302 1258 dicant,
1318 1195 1386 1244 esse
1402 1177 1445 1244 ia-

488 1291 568 1352 ctam
585 1285 618 1352 in
632 1285 726 1352 domo
744 1281 909 1368 Caiphae,
925 1283 985 1350 boc
999 1283 1125 1351 dicunt:
1144 1283 1219 1370 quia
1234 1283 1365 1368 Caiphae
1378 1289 1446 1350 erat

488 1409 630 1466 summas
655 1389 813 1476 pontifex,
839 1391 1014 1476 quoderat
1037 1391 1140 1456 lnnae
1164 1397 1231 1456 erat
1246 1397 1279 1454 et
1300 1389 1444 1472 Caiphae.

578 1499 629 1562 66.
656 1499 780 1580 Quaest.
806 1495 853 1562 lV.
877 1495 953 1562 ltetn
980 1495 1146 1580 quaeritur
1169 1495 1208 1562 de
1229 1503 1369 1580 tempore
1393 1513 1446 1562 ne·

489 1601 629 1688 gationis.
647 1637 689 1650 -—
704 1601 783 1668 Nam
797 1599 849 1666 bic
863 1599 937 1666 dicit
954 1601 1099 1680 1666666,
1122 1599 1209 1684 quod
1225 1606 1294 1684 post
1314 1601 1447 1666 tertiam

489 1707 682 1794 negationem
698 1706 801 1792 gallus
814 1705 969 1786 cantavit3
986 1706 1040 1773 sed
1055 1707 1150 1772 llarci
1166 1705 1286 1772 decimo
1307 1709 1447 1790 quart01

488 1813 618 1892 dicitur,
642 1813 728 1898 qaod
749 1817 819 1898 post
840 1811 988 1896 primam
1010 1811 1207 1896 negationem
1230 1811 1374 1880 cantavit.

577 1919 780 1986 hassonum:
803 1917 847 1982 lo
862 1917 997 1984 litteram
1024 1919 1065 1984 sic
1083 1915 1160 1996 fait,
1183 1917 1267 1984 sicat
1281 1917 1356 1984 dicit
1370 1919 1447 1984 llar-

405 2037 471 2094 666·
491 2025 586 2104 cusi,
608 2023 690 2110 quod
715 2023 814 2110 gallus
844 2023 980 2090 cantavit
1007 2028 1080 2090 ante
1104 2025 1219 2090 trinam
1249 2025 1446 2110 negationem

491 2135 522 2198 et
545 2129 649 2196 statim
671 2135 741 2214 post
756 2129 890 2208 trinam3
915 2129 969 2194 sed
990 2129 1129 2214 primum
1146 2129 1218 2216 galli
1241 2135 1367 2196 cantum
1385 2147 1447 2196 non

402 2311 404 2314 ,
489 2237 624 2304 advertit
647 2237 777 2316 Petrus;
800 2237 975 2304 secundum
996 2235 1131 2304 advertit
1155 2243 1185 2304 et
1217 2237 1308 2302 rediit
1332 2235 1369 2302 ed
1394 2255 1448 2304 cor

490 2363 585 2412 suum
599 2345 620 2424 ³,
645 2353 675 2412 et
698 2345 768 2412 ideo
791 2343 927 2428 primum
953 2351 1080 2410 cantum
1103 2343 1156 2410 alii
1179 2351 1299 2424 tacent,
1325 2343 1379 2412 sed
1404 2345 1449 2410 ol-

490 2451 604 2516 timum
626 2469 735 2518 ornnes
756 2449 873 2518 dicunt.

581 2561 631 2624 61.
660 2557 840 2624 Adducunt
860 2575 938 2642 erpo
964 2557 1072 2644 lesum
1096 2563 1155 2624 etc.
1182 2557 1236 2624 Hic
1271 2557 1374 2640 agitur
1408 2553 1447 2622 de

326 2673 477 2774 ffggnegffi
491 2663 590 2730 tertia
614 2661 738 2730 Christi
759 2663 1024 2740 attaminatione,
1047 2679 1130 2744 quae
1153 2663 1233 2728 lacta
1256 2667 1303 2728 est
1325 2661 1384 2726 sub
1400 2661 1448 2726 Pi-

490 2771 591 2838 lat04.
613 2769 652 2834 Et
672 2769 703 2834 in
729 2771 789 2834 boc
802 2767 978 2834 ostenditur
994 2765 1112 2832 ntalitia
1130 2767 1314 2834 ludaeorum
1334 2767 1447 2850 primo,

491 2877 565 2960 quia
590 2875 744 2942 nolentem
782 2869 912 2938 Pilatum
948 2871 1110 2936 inducunt
1139 2869 1448 2948 adiudicandum·

491 2979 627 3048 secando
653 2981 682 3044 in
708 2981 784 3056 boc,
806 2975 893 3062 quod
923 2976 1078 3044 volentem
1112 2975 1275 3044 Christum
1296 2981 1448 3062 tanquam

491 3089 687 3154 innocentem
705 3085 848 3152 ,liberere
869 3083 1035 3150 inducunt
1058 3083 1104 3148 ad
1139 3083 1446 3164 ceridemnamium,

491 3191 575 3256 ibin
603 3193 641 3256 El
664 3209 739 3256 cum
764 3187 822 3256 666
845 3187 999 3266 (linisset,
1025 3189 1146 3254 iterum
1167 3189 1270 3254 cecicit
1290 3193 1349 3256 etc.

583 3297 684 3362 Prima
707 3297 738 3362 in
774 3295 868 3374 duas;
905 3295 1008 3380 primo
1040 3293 1124 3362 enirn
1158 3295 1287 3380 ponitur
1326 3293 1451 3362 Christi

344 3415 477 3512 meallenpnffi
492 3401 632 3480 oblatu,-
656 3401 809 3480 secando,
836 3399 936 3466 oblati
952 3399 1173 3478 ecarainatio,
1192 3399 1232 3466 ibi
1247 3399 1275 3464 6:
1292 3401 1450 3466 Introivit

344 3521 474 3566 66666-
491 3527 570 3596 erpo
594 3509 715 3576 iterum
737 3513 795 3576 etc.

491 3887 654 3938 servandam
671 3891 774 3948 tamen,
791 3885 863 3950 qnod
881 3887 946 3936 baec
963 3883 1038 3936 lectio
1051 3897 1105 3934 non
1126 3881 1248 3936 convenit
1262 3897 1323 3934 cnm
1340 3881 1449 3948 explica·

490 3975 562 4026 tione
576 3977 773 4028 bonaventurae
785 3987 853 4038 6666
872 3971 981 4024 habetor
1001 3973 1027 4026 in
1044 3971 1191 4026 Commeat.
1211 3971 1236 4022 in
1256 3973 1317 4022 Lac.
1337 3971 1387 4034 66,
1400 3971 1448 4022 666

490 4061 562 4116 Η666
582 4065 670 4118 66666
690 4061 765 4116 trinu
788 4059 861 4128 [edd.
884 4061 972 4126 tertia]
998 4059 1103 4128 nepeta
1124 4059 1274 4114 secundam
1299 4057 1400 4112 Bedam
1424 4063 1450 4112 66

489 4151 686 4222 Hieronymum
705 4151 778 4220 secto
794 4149 849 4218 6666
866 4149 896 4202 66
912 4149 982 4202 atrio
998 4149 1133 4216 0666666,-
1150 4147 1299 4202 secu-udum
1319 4147 1448 4216 Augusti·

489 4253 558 4292 nam
579 4241 681 4304 autem,
703 4239 729 4292 iu
749 4235 819 4292 iibr'o
838 4235 868 4290 66
884 4237 1032 4292 Concordia
1050 4235 1304 4304 Euangelislorum,
1322 4235 1448 4290 inchoato

491 4325 544 4394 6666
561 4325 591 4380 66
608 4325 686 4380 domo
700 4329 792 4380 66666
805 4327 831 4376 66
848 4329 1036 4380 consummata
1049 4323 1079 4376 in
1095 4323 1166 4378 atrio
1182 4323 1312 4392 Caiphae,
1331 4321 1377 4376 cui
1388 4335 1448 4376 core·

491 4411 714 4470 666661666666
731 4413 801 4480 [eod.
816 4413 838 4464 H
855 4411 958 4466 66166.
977 4413 1039 4478 legit
1052 4413 1100 4466 ita:
1121 4411 1247 4466 inchoata
1258 4409 1311 4480 suit
1328 4409 1355 4462 in
1368 4409 1447 4464 deme

491 4505 599 4568 Annae,
618 4503 666 4556 abi
681 4501 788 4572 nepaoit
812 4501 906 4566 semel,
929 4501 999 4556 situl
1023 4499 1123 4556 dicitur
1142 4503 1216 4554 loon.
1245 4497 1296 4566 68,·
1322 4497 1369 4554 sed
1387 4511 1449 4554 con-

420 4617 421 4620 *
490 4595 631 4646 summata
648 4591 701 4662 6666
711 4591 745 4646 66
771 4589 841 4644 atrio
860 4589 999 4658 Gmpam,·
1018 4589 1088 4644 unde
1112 4587 1160 4642 alii
1179 4589 1329 4658 loquuntur
1346 4585 1448 4654 recapi-

491 4679 682 4748 tutando,er
707 4683 821 4734 loannes
840 4677 1086 4748 praeoccupando}
1112 4677 1190 4730 Cocd.
1215 4679 1299 4742 666,
1320 4677 1345 4728 66
1370 4677 1448 4728 llarc.

492 4771 538 4836 ll,
558 4771 606 4836 68,
626 4769 702 4834 dicit,
725 4767 798 4838 qnod
818 4751 978 4832 Augustinus
1009 4787 1021 4814 a
1033 4767 1140 4820 videtur
1158 4767 1238 4830 velle,
1265 4765 1335 4832 6666
1355 4769 1459 4818 omnes

389 4913 390 4916 ,
411 4917 414 4926 ,
491 4865 543 4912 tres
561 4859 714 4924 negationes
732 4857 828 4910 6666666
844 4857 873 4908 16
892 4857 956 4910 atrio
969 4859 1068 4908 Annae.
1085 4855 1261 4920 Hieronymus
1276 4859 1302 4904 et
1320 4855 1448 4906 16661666-

490 4949 560 5010 lunt,
573 4949 646 5014 quod
662 4947 743 4998 semel
756 4943 862 5010 negavit
875 4945 964 4996 Petrus
983 4943 1216 5018 6661666666666,
1229 4949 1257 4994 66
1272 4941 1353 4994 bisin
1367 4935 1447 4994 domo

491 5035 619 5100 Carpum,
641 5041 663 5088 ct
677 5037 727 5088 hoc
747 5033 850 5086 videtur
863 5033 1011 5084 secuudum
1023 5033 1119 5084 seriem
1137 5033 1235 5084 litterae
1250 5035 1319 5084 loan.
1338 5031 1381 5082 68.
1394 5031 1447 5084 Sed

489 5125 622 5192 intellige,
651 5123 826 5192 angustinum
853 5121 950 5174 dixisse
975 5115 1210 5188 praeoccupando,
1238 5107 1302 5174 alios
1320 5119 1447 5186 recapitu-

489 5213 579 5266 lando.
596 5237 636 5252 —·
649 5213 696 5266 Ed.
719 5217 778 5264 ante
802 5209 928 5264 inchoato
951 5209 1017 5280 suit,
1040 5211 1233 5276 refragantibus
1259 5211 1350 5282 codd,
1376 5207 1448 5260 add-il

489 5303 564 5372 facia
581 5301 633 5372 6666
650 5301 679 5354 66
698 5299 768 5356 atrio
787 5299 903 5368 Caiphae
911 5319 923 5366 ,·
943 5299 992 5354 olii
1009 5303 1098 5354 autern
1118 5299 1199 5370 6666.

563 5389 665 5444 111666.
686 5393 728 5444 68.

563 5477 655 5544 ²·Cap.
674 5479 723 5542 66,
743 5477 790 5530 30:
811 5475 975 5544 Priusquam
995 5477 1083 5546 pullus
1103 5491 1194 5534 oecera
1212 5477 1252 5534 bie
1270 5479 1392 5548 dederit,
1406 5483 1448 5536 ter

490 5581 532 5622 nte
550 5581 579 5622 es
601 5569 770 5636 66666666,-
794 5567 840 5618 cir.
863 5563 928 5616 ibid.
953 5579 979 5618 v.
1001 5565 1098 5630 ct-re,
1113 5567 1158 5618 ubi
1184 5567 1287 5630 negatio
1307 5569 1447 5622 Petrinar-

489 5663 570 5708 ratur.
583 5683 618 5696 -··
632 5661 755 5724 August,
772 5657 811 5706 lll.
830 5655 862 5708 de
876 5655 1011 5708 Consenso
1028 5657 1187 5720 6666661166.
1199 5669 1220 5708 c.
1242 5659 1266 5708 6.
1284 5673 1311 5710 n.
1328 5657 1361 5708 7:
1380 5657 1446 5712 Cum

490 5747 579 5812 itaque
590 5759 683 5798 ornnes
696 5741 900 5812 [Evangelislae]
920 5743 1019 5810 dicant,
1037 5743 1199 5808 praedixisse
1210 5745 1362 5812 Dominum,
1375 5747 1446 5814 qaod

490 5847 551 5888 eom
572 5835 660 5886 Petrus
679 5837 748 5884 esset
765 5835 915 5894 negaturus,
936 5835 1076 5898 antequam
1088 5833 1174 5896 gallus
1187 5837 1314 5900 cantaret,
1331 5847 1384 5886 666
1402 5847 1447 5886 an·

408 5957 409 5960 =
489 5927 542 5976 tem
557 5935 648 5990 omnes
666 5921 768 5984 dicant,
779 5919 881 5986 6666666
893 5921 975 5984 gallos
990 5927 1119 5984 cantaret,
1132 5921 1233 5972 Marcus
1247 5923 1296 5972 hoc
1309 5921 1379 5972 solus
1391 5935 1447 5972 nar·

490 6011 558 6064 ravit
577 6011 750 6074 expressius...
769 6009 834 6062 Tota
853 6009 922 6062 enirn
943 6011 1010 6062 Petri
1031 6011 1138 6074 negatio
1161 6011 1228 6062 trina
1256 6009 1361 6074 negatio
1380 6015 1446 6062 est...

488 6101 561 6152 llaec
578 6107 664 6152 aretem
686 6103 753 6162 tola,
776 6095 862 6150 idest
882 6097 947 6150 6666
971 6101 1089 6164 negatio,
1117 6101 1138 6152 si
1157 6101 1224 6168 post
1246 6097 1368 6168 primaru
1385 6099 1446 6164 galli

488 6195 595 6242 ¹cantum
615 6187 755 6254 inciperet,
772 6187 867 6240 lalsnm
890 6185 987 6238 dixisse
1004 6187 1157 6242 viderentur
1178 6195 1228 6242 tres
1253 6187 1446 6258 [6166666666-

489 6273 819 6342 166166,Μ66616.66,36;
841 6275 903 6326 Lac.
928 6275 975 6340 66,
1002 6275 1046 6334 36.
1065 6281 1089 6326 66
1115 6281 1184 6330 1666.
1204 6277 1251 6342 63,
1271 6279 1320 6340 38,
1344 6275 1389 6342 666
1409 6275 1446 6328 di·

490 6365 774 6434 666666166666666
803 6361 892 6432 pellas
920 6365 1021 6427 666666,
1040 6365 1080 6416 ier
1109 6379 1149 6418 me
1169 6365 1293 6434 6666666,
1322 6367 1364 6416 vel
1389 6377 1446 6418 non

489 6451 715 6522 66666666616.]...
734 6455 846 6514 Rursus,
860 6453 882 6504 si
894 6457 974 6504 totam
995 6451 1087 6504 trinam
1107 6455 1273 6518 negationem
1294 6455 1356 6506 ante
1373 6467 1446 6518 pere·

489 6541 582 6606 gisset,
601 6555 683 6608 quam
701 6545 808 6594 cantare
827 6541 909 6604 gallus
928 6539 1066 6606 inciperet,
1085 6545 1221 6608 snpertlno
1235 6543 1329 6596 dixisse
1344 6543 1445 6594 Marcus
1464 6535 1467 6540 ’

490 6629 729 6694 deprehenderetur
743 6643 771 6682 ex
791 6643 902 6692 persona
916 6629 1028 6680 Domini·
1040 6629 1098 6694 lli,
1119 6629 1191 6698 30.]:
1205 6631 1292 6684 Amen
1310 6629 1368 6684 dico
1381 6627 1440 6694 tibi,

490 6715 579 6784 6666...
593 6717 760 6788 priusquam
772 6715 864 6784 pallas
883 6715 921 6770 his
934 6731 1023 6772 aecem
1043 6715 1158 6784 dederit,
1180 6723 1218 6774 ter
1233 6733 1275 6772 me
1294 6717 1444 6786 nepotulus

489 6811 524 6854 66.
536 6803 606 6868 Quid
626 6803 695 6856 enim
707 6803 832 6858 attinebat
844 6805 934 6874 dicere
948 6805 1114 6872 priusquam
1133 6805 1187 6871 bis,
1205 6807 1324 6872 quando,
1343 6807 1366 6860 si
1383 6811 1444 6856 ante

486 6887 605 6952 primum
626 6891 686 6954 gelli
704 6897 809 6944 cantum
828 6897 881 6944 tota
899 6891 942 6944 illa
959 6893 1026 6944 trina
1046 6893 1149 6956 negatio
1170 6895 1374 6958 compleretur...
1392 6893 1444 6944 Sed

1167 579 1359 656 contram.
1384 581 1610 648 61616666
1634 581 1666 686 c.
1690 581 1791 652 urin.
1841 549 1842 552 ‘

1599 757 1632 822 ln
1657 755 1719 824 hac
1740 757 1902 824 oblatione
1922 765 2050 824 notatur
2067 757 2169 844 primo
2185 757 2372 830 ludaeorum
2392 765 2634 862 666-6666066066

1508 863 1670 940 versitas·
1706 863 1857 942 secundo,
1891 861 2046 950 saisitum
2078 863 2187 944 tertio,
2224 863 2418 948 improbitas
2432 863 2465 938 ⁷;
2482 869 2629 968 016360666-

1601 1075 1653 1140 66.
1676 1073 1779 1156 (Vera.
1802 1073 1879 1158 66).
1912 1075 2141 1154 Pereersitus,
2164 1075 2238 1160 quia
2270 1069 2465 1140 innocentem
2477 1079 2634 1178 Expggfiiglil·

1510 1179 1540 1244 ia
1565 1179 1614 1246 die
1638 1179 1718 1246 festo
1738 1181 1779 1246 ad
1801 1181 2067 1248 condemnationis
2084 1181 2185 1248 loctrm
2203 1181 2376 1260 adducunt3
2393 1199 2465 1266 pro·
2486 1187 2589 1232 ramum.

1510 1289 1617 1378 pterea
1641 1283 1731 1352 dicit:
1758 1283 1938 1350 Adducunt
1954 1305 2030 1370 erpo
2045 1287 2166 1366 Ieetcm,
2184 1287 2301 1354 scilicet
2316 1285 2465 1366 ministri,

1511 1389 1556 1454 ad
1583 1387 1740 1474 Caipdam
1763 1389 1951 1476 pontificem
1974 1391 2010 1458 in
2029 1391 2277 1478 praeterient,
2293 1391 2368 1476 quia
2387 1379 2470 1464 ,illuc

1511 1499 1657 1574 venerat,
1679 1499 1718 1562 ut
1750 1495 1911 1562 Christum
1942 1499 2082 1564 traderet
2110 1499 2216 1565 Pilato.
2250 1499 2335 1562 Erat
2355 1505 2466 1562 aretem

1511 1619 1628 1680 mana·
1652 1607 1778 1686 tempus
1802 1610 1899 1688 auget
1919 1619 2031 1670 66666
2054 1605 2220 1686 malitiam,
2245 1605 2321 1692 quia
2339 1607 2466 1672 matuti-

1511 1725 1605 1786 num;
1630 1711 1751 1772 tantum
1775 1707 1919 1774 sitiebant
1936 1715 2069 1776 mortem
2085 1709 2217 1792 Christi,
2234 1711 2317 1796 quod
2333 1709 2389 1778 diu
2403 1731 2464 1778 non

1512 1817 1656 1896 poterant
1667 1817 1859 1896 exspectare.
1874 1813 1947 1878 Erat
1959 1813 2051 1880 etiam
2069 1819 2192 1900 tempus
2206 1817 2350 1884 festivum
2362 1841 2370 1898 ;
2384 1817 2466 1884 unde

1511 1917 1635 1984 subdit:
1661 1919 1701 1984 Et
1722 1917 1789 2006 6666
1810 1937 1878 1984 666
1901 1919 2101 1986 introierunt
2123 1919 2159 1986 iu
2177 1923 2404 2006 praetorium,
2429 1929 2468 1986 ut

1511 2045 1578 2090 non
1600 2025 1928 2104 contaminarentur,
1953 2025 2033 2090 sed⁹
2057 2027 2302 2094 manducarent
2322 2025 2463 2114 pascite,

1512 2131 1668 2216 quianon
1694 2135 1839 2216 poterant
1873 2131 2090 2210 contaminati;
2123 2133 2333 2200 Numerarem
2365 2153 2464 2200 nono:

1518 2239 1703 2306 «immundi
1725 2255 1823 2324 super
1844 2239 1978 2306 animam
2012 2239 2146 2306 bominis
2168 2259 2229 2306 non
2256 2241 2466 2324 6666666616-

1512 2363 1584 2414 cere
1604 2347 1744 2432 phase».
1771 2347 1978 2432 Augustinus:
2006 2345 2064 2412 «Ο
2093 2345 2190 2432 impia
2213 2345 2361 2414 caecitas!
2387 2347 2465 2414 llic-

1512 2451 1642 2536 nigenae
1670 2453 1783 2518 iudicis
1814 2453 1971 2538 praetorio
2007 2453 2211 2544 contaminari
2243 2453 2409 2534 timebant,
2436 2459 2466 2520 et
2548 2471 2556 2496 ²

1511 2555 1617 2622 fratris
1640 2555 1813 2624 innocentis
1835 2559 2004 2642 sanguine,
2027 2577 2088 2624 non
2114 2561 2310 2626 timebant».

1600 2661 1653 2726 53.
1677 2663 1779 2744 (Vers.
1813 2663 1890 2744 66).
1925 2663 2035 2728 Emisit
2067 2685 2143 2750 erpo
2174 2665 2308 2732 Pilatus
2336 2667 2385 2732 ad
2413 2687 2466 2732 eos
2487 2663 2617 2712 56616666·

1511 2765 1607 2852 foras
1639 2773 1665 2832 et
1690 2763 1783 2832 dicit.
1808 2765 1959 2852 Tangitur
1994 2767 2044 2834 hic
2078 2769 2279 2834 ludaeorum
2310 2767 2463 2856 falsitas,

1512 2871 1587 2956 qaia
1607 2871 1732 2938 Christo
1756 2869 1874 2938 crimen
1897 2872 2011 2938 falsum
2032 2871 2199 2958 imponant
2228 2873 2267 2940 ad
2290 2873 2465 2960 inquisitio-

1512 2993 1584 3044 nem
1606 2975 1712 3054 Pilati;
1735 2975 1821 3044 unde
1842 2977 1934 3044 dicit:
1961 2981 2076 3062 Quam
2091 2981 2337 3046 accusationem
2367 2977 2465 3068 affer-

1513 3081 1553 3148 tis
1585 3083 1747 3148 aduersus
1781 3077 1945 3148 6666666
1974 3081 2087 3150 bunc?
2116 3083 2205 3170 66666
2240 3083 2375 3152 diceret:
2398 3085 2464 3152 sine

1513 3207 1605 3254 causa
1618 3190 1691 3254 nolo
1703 3205 1774 3254 etam
1790 3189 1967 3274 suscipere;
1984 3191 2118 3256 hctunm
2134 3191 2281 3276 vigesimo
2299 3191 2408 3276 quinto
2423 3193 2462 3256 ¹⁰:

1519 3321 1533 3354 e
1548 3295 1615 3362 Non
1639 3299 1687 3362 est
1708 3297 1900 3362 consuetodo
1923 3297 2070 3364 Romanis
2099 3297 2307 3364 condemnare
2327 3299 2464 3384 aliquem
2550 3365 2552 3368 .

1512 3401 1687 3480 hominem,
1709 3401 1896 3488 priusquam
1919 3401 1947 3470 is
1976 3401 2030 3488 qui
2066 3411 2250 3484 accusatur,
2283 3411 2464 3488 praesentes

1514 3507 1626 3572 babeat
1649 3511 1845 3572 accusatores
1870 3507 2035 3592 locumque
2069 3509 2250 3576 defendendi
2273 3507 2403 3594 accipiat
2427 3509 2464 3576 ad

1511 3881 1572 3948 6666
1590 3887 1650 3934 6666
1668 3881 1783 3944 primam
1801 3881 1860 3946 gelli
1880 3887 1984 3932 cantum
2000 3885 2090 3950 coepta
2109 3887 2146 3934 est
2165 3883 2204 3934 illa
2219 3883 2285 3934 trina
2299 3881 2416 3950 negaba,
2430 3887 2463 3936 at·

1511 3971 1649 4022 tenderunt
1667 3969 1701 4022 illi
1719 3973 1785 4034 tres,
1805 3983 1856 4022 non
1877 3969 1983 4036 qnando
2003 3983 2061 4022 eam
2079 3971 2262 4040 completurus
2280 3977 2349 4024 esset
2374 3973 2463 4024 Petrus

1511 4059 1621 4128 [scilicet
1639 4065 1698 4112 ante
1715 4061 1861 4112 secondom
1882 4059 1941 4124 galli
1958 4059 2076 4128 capitem]
2096 4065 2143 4112 etc.

1582 4149 1666 4202 61661.
1688 4149 1733 4212 66,
1754 4151 1782 4200 8:
1804 4149 1894 4202 Redite
1913 4147 2136 4212 praevaricatores
2153 4151 2189 4202 ad
2206 4163 2259 4202 cor.
2279 4177 2315 4186 -—
2333 4151 2371 4202 De
2388 4163 2463 4218 6666.

1511 4239 1557 4288 616.
1575 4237 1662 4290 llattb.
1682 4237 1729 4298 66,
1749 4235 1795 4302 76,
1816 4237 2005 4302 6666660.
2024 4241 2136 4292 661666.
2157 4241 2204 4306 le,
2225 4239 2266 4292 et.

1580 4321 1659 4378 “Clr.
1680 4339 1760 4388 supra
1778 4339 1806 4376 n.
1829 4325 1874 4378 66.
1895 4325 2070 4378 —Subinde
2093 4341 2142 4392 pro
2168 4327 2201 4382 m
2219 4327 2248 4382 e'n
2265 4325 2316 4382 icoc
2340 4329 2383 4382 ed.
2402 4341 2462 4380 cuin

1509 4413 1629 4478 pluribus
1646 4413 1724 4466 codd.
1746 4413 1779 4466 Et
1790 4411 1821 4466 in
1837 4411 1895 4466 itae.

1580 4499 1686 4556 ⁵Vcrs.
1706 4505 1750 4556 38.

1580 4589 1686 4646 “llere
1705 4591 1750 4644 33.

1580 4677 1589 4710 ²
1611 4681 1655 4734 Ed.
1683 4679 1927 4748 6661666666
1954 4681 2031 4734 etiam
2058 4681 2123 4734 intra
2146 4697 2172 4736 n.
2196 4681 2241 4736 66.
2270 4695 2286 4732 6
2313 4683 2461 4738 6611666-

1510 4769 1621 4824 hibetur.

1580 4857 1721 4926 ⁸Vulgata
1748 4873 1764 4914 a
1793 4857 1895 4928 Carpite
1922 4859 1951 4914 66
1973 4859 2154 4928 praetorium.
2183 4861 2310 4928 tugost,
2339 4861 2367 4912 in
2393 4863 2464 4914 loan.

1510 4949 1608 5012 evang.
1631 4955 1659 5000 tr.
1683 4949 1787 5000 1166.
1808 4949 1836 5000 l:
1855 4947 1891 5000 ad
1916 4947 2048 5016 caeptam
2066 4947 2094 5000 in
2117 4949 2286 5018 praeterient
2311 4949 2361 5016 (ita
2384 4949 2463 5002 etiam

1509 5039 1591 5102 Beda,
1605 5037 1717 5102 616666,
1738 5037 1811 5090 card.
1822 5037 1905 5102 ling,
1925 5037 1952 5088 B.
1965 5035 2076 5102 Albana,
2097 5037 2123 5088 S.
2135 5037 2265 5100 Thomas;
2285 5035 2397 5090 atribas
2420 5051 2465 5102 po-

1510 5125 1662 5194 sterioribus
1676 5125 1754 5178 etiam
1766 5125 1840 5178 lectio
1859 5129 1956 5178 Graeca
1976 5139 1994 5180 a
2011 5123 2115 5192 066666
2131 5125 2256 5192 affertur).
2270 5123 2320 5178 Cir.
2335 5125 2464 5178 Cornela

1510 5213 1620 5284 Lepide,
1640 5215 1665 5264 in
1686 5217 1755 5266 ltunc
1772 5215 1874 5268 locum:
1887 5213 1923 5266 lta
1937 5213 1964 5280 [a
1980 5213 2094 5282 corpu]
2108 5215 2248 5280 legendum
2261 5225 2321 5266 cum
2336 5217 2464 5278 Romana,

1432 5363 1436 5372 Ι
1509 5303 1623 5366 Graece,
1642 5303 1707 5366 Syro
1727 5309 1753 5354 et
1776 5301 1896 5354 Arabico.
1918 5303 2004 5368 Quare
2025 5303 2149 5356 vitiosum
2176 5303 2294 5356 codicem
2318 5303 2412 5354 babuit
2435 5305 2463 5358 S.

1509 5391 1632 5458 bragusa,
1650 5393 1697 5458 666
1715 5399 1748 5444 tr.
1767 5391 1827 5444 666.
1841 5391 1917 5456 legit:
1936 5389 2082 5444 66666666
2099 5405 2163 5460 erpo
2177 5393 2263 5444 lesum
2284 5389 2319 5444 ad
2333 5391 2463 5460 06666666

1509 5477 1537 5534 in
1553 5477 1742 5548 praetorium·
1759 5479 1875 5546 indeque
1898 5483 2005 5532 coactus
2023 5487 2063 5532 est
2087 5479 2187 5542 dicere,
2214 5483 2259 5532 666
2284 5477 2411 5542 Caipbam
2437 5481 2464 5534 in

1509 5569 1620 5622 domum
1637 5569 1709 5622 Pilati
1730 5567 1848 5630 venisse,
1867 5573 1911 5620 aut
1924 5573 2065 5634 utrumqne
2083 5567 2110 5620 in
2127 5569 2221 5620 eadem
2235 5567 2314 5620 domo
2333 5567 2465 5634 habitasse

1510 5655 1577 5724 [cir.
1587 5657 1652 5708 inira
1666 5673 1693 5710 n.
1706 5657 1773 5726 58.],
1795 5657 1869 5708 euius
1881 5657 2040 5708 contrarium
2059 5657 2139 5722 liquet
2153 5671 2183 5708 ex
2200 5655 2355 5720 Evangelio.
2366 5685 2402 5696 -
2416 5661 2464 5710 lm-

1509 5745 1623 5798 mediate
1640 5753 1700 5810 post
1717 5747 1759 5800 ed.
1778 5745 1854 5810 legit:
1872 5743 1937 5812 puio
1949 5743 2019 5798 ¹¹illac
2039 5747 2181 5810 66666666,
2198 5747 2231 5798 66
2250 5741 2387 5798 66666666
2408 5749 2465 5800 tra-

1509 5831 1602 5888 derent
1619 5833 1713 5888 Pilato.
1734 5835 1785 5888 Cir.
1803 5835 1929 5898 August,
1948 5833 1983 5884 lll.
2002 5831 2037 5884 de
2061 5831 2193 5886 Consensa
2213 5833 2370 5898 Evangelist.
2396 5835 2464 5888 67.

1509 5937 1533 5972 6.
1556 5921 1603 5976 et:
1622 5921 1767 5978 Adducunt
1784 5935 1863 5990 erpo,
1882 5921 1982 5988 inquit,
2000 5921 2090 5974 lesam
2108 5921 2143 5976 ael
2163 5921 2294 5996 66666666
2311 5919 2340 5976 in
2356 5925 2463 5990 praeto·

1508 6009 1591 6066 riam.
1610 6013 1681 6068 Erat
1696 6017 1788 6082 aulem
1807 6023 1902 6076 mana·
1922 6009 1968 6064 ubi
1987 6011 2169 6074 intelligimus,
2187 6011 2366 6080 autaliquem
2384 6011 2465 6064 tuisse

1509 6113 1631 6164 cansam,
1644 6113 1713 6166 qnae
1726 6099 1842 6164 coegerit
1860 6097 1986 6164 Caipbam
1997 6113 2056 6152 esse
2074 6099 2101 6152 in
2113 6101 2269 6166 praetorio...
2287 6103 2331 6152 aut
2345 6099 2370 6152 ia
2383 6099 2464 6152 domo

1508 6173 1923 6254 66661666666666166666...866
1940 6189 2001 6254 6666
2015 6187 2067 6240 iam
2081 6193 2205 6254 6666666
2225 6189 2374 6242 convictum
2387 6201 2464 6240 reum

1508 6275 1684 6342 adducebant,
1693 6275 1808 6342 Caiphae
1820 6283 1909 6330 aretem
1923 6277 1974 6330 iam
1988 6281 2061 6332 antea
2076 6277 2165 6330 visum
2177 6279 2273 6338 luerat,
2287 6281 2314 6328 nt
2326 6277 2399 6330 lesos
2411 6289 2466 6328 mo·

1507 6369 1623 6428 serator,
1640 6365 1710 6418 nulla
1724 6377 1797 6416 more
1815 6365 1967 6430 interposita
1985 6371 2039 6430 est,
2057 6365 2120 6434 6666
2135 6365 2296 6418 occidendus
2313 6365 2394 6416 Pilato
2414 6371 2466 6416 tra-
2559 6389 2560 6392 6
2631 6377 2633 6380 ·

1508 6451 1625 6506 deretur.

1577 6537 1590 6568 ⁹
1611 6543 1722 6608 Vulgata
1739 6539 1788 6596 sed
1804 6545 1843 6596 66.
1856 6571 1888 6580 -
1902 6541 2019 6596 Subinde
2034 6543 2176 6608 elegantur
2191 6545 2270 6596 Num.
2285 6543 2312 6608 6,
2333 6543 2358 6608 6,
2375 6545 2403 6592 66
2415 6539 2464 6592 hu-

1508 6635 1592 6696 6666,
1613 6631 1635 6682 66
1657 6633 1726 6684 1666.
1738 6633 1836 6694 Evang.
1857 6637 1885 6684 tr.
1902 6629 1963 6684 116.
1976 6647 2000 6684 n.
2015 6635 2045 6696 6,
2062 6629 2110 6684 ubi
2121 6635 2205 6684 textas
2225 6629 2368 6696 originalis,
2381 6641 2463 6696 quem

1506 6717 1626 6784 seqnitur
1643 6721 1699 6786 66.,
1719 6725 1779 6786 post
1799 6719 1912 6776 caecitas
1931 6721 2004 6784 plura
2025 6719 2106 6772 addit.

1578 6801 1602 6834 ¹⁰
1620 6809 1695 6860 Vere.
1717 6809 1759 6860 66.
