5916 8276
483 559 546 624 tat

480 741 602 814 rentes,
626 753 684 820 per
705 733 870 820 pravitatis
899 731 1153 810 similitudinem,
1183 729 1219 796 in
1247 729 1433 814 interroga-

479 841 564 906 tione
582 859 668 918 sac,
692 841 723 904 id
747 845 795 904 est
809 837 840 902 in
858 835 962 904 iudicii
980 835 1076 904 divini
1093 833 1343 914 examinatione,
1356 853 1433 920 qno-

476 945 562 1012 niam
576 931 660 1012 Deus
677 943 777 1012 iustus
794 941 890 1008 iudex
912 939 1144 1026 «interrogabit
1157 959 1257 1026 opera
1270 965 1287 1000 a
1303 957 1432 1024 eorum,

477 1049 560 1114 inira
581 1047 717 1132 capitulo
742 1051 852 1126 sexto;
884 1045 958 1114 item
992 1063 1102 1112 eoram
1131 1047 1256 1126 uerba:
1288 1049 1433 1116 Matthaei

477 1151 682 1218 duodecimo:
710 1177 727 1210 «
743 1153 786 1216 De
807 1149 888 1216 ornni
907 1151 1004 1216 verba
1019 1151 1119 1218 otioso
1132 1177 1149 1210 »
1179 1159 1258 1232 etc.;
1285 1153 1358 1220 item
1381 1171 1434 1222 eo·

477 1275 552 1324 rum
574 1255 785 1342 cogitationes
797 1279 809 1334 ;
830 1273 930 1340 supra
950 1255 1086 1342 capitulo
1111 1257 1233 1344 primo:
1261 1285 1278 1318 (ε
1295 1259 1326 1324 ln
1352 1259 1433 1344 mgi-

477 1361 646 1436 tatiouihus
670 1361 756 1446 impii
778 1361 982 1446 interrogatio
1004 1363 1064 1432 erit
1079 1391 1096 1424 »
1124 1369 1183 1432 etc.

568 1467 749 1552 Atieporice
776 1467 907 1552 exponit
937 1471 998 1540 hoc
1026 1471 1159 1540 ῖῖῖθεεθ1
1187 1471 1227 1540 de
1248 1469 1432 1548 haereticis

322 1573 531 1696 Elggg{}{l,²¹·ilfli
557 1579 630 1642 sunt
651 1573 832 1660 rnuttipenc
856 1577 1051 1672 multitudo,
1067 1579 1141 1664 quia
1158 1597 1214 1664 per
1231 1577 1370 1644 diversas
1385 1593 1434 1642 εθ-

439 1671 445 1684 “
477 1685 542 1746 θῖθε
575 1677 772 1746 dixersoram
809 1681 1101 1750 haeresiarcharum
1134 1681 1341 1758 dividuntur:
1376 1681 1431 1764 qui

477 1783 609 1850 inretitos
631 1789 705 1852 sunt
730 1787 892 1866 Ecclesiae,
918 1789 1014 1878 immo
1037 1787 1153 1864 nociti,
1179 1787 1252 1870 quia
1267 1801 1337 1850 eam
1361 1801 1431 1870 per·

476 1895 663 1974 sequuntur.
701 1891 916 1960 adulterinae
949 1893 1175 1978 plantationes
1211 1895 1287 1960 sunt
1313 1907 1432 1956 weorum

476 1995 636 2082 discipuli,
660 1999 714 2086 qui
740 2017 780 2066 ex
806 2017 915 2066 earum
938 1985 1090 2064 doctrina
1114 2013 1246 2062 erronea
1280 2013 1432 2080 generan-

476 2107 539 2170 tur.
566 2103 704 2170 Radices
728 2103 816 2174 altas
843 2123 911 2170 aaa
935 2099 1034 2180 dunt,
1059 2101 1133 2186 quia
1156 2101 1188 2168 in
1220 2101 1344 2168 Christo
1367 2101 1432 2170 beo

475 2215 507 2276 θῖ
528 2208 654 2278 homine
680 2227 742 2276 ncn
764 2208 963 2274 collocantur.
992 2207 1107 2272 Eorum
1130 2207 1224 2272 rami
1239 2213 1312 2274 sant
1335 2207 1432 2276 inste-

475 2313 571 2396 biles,
593 2311 684 2400 quia,
707 2315 735 2382 si
758 2313 831 2398 quid
855 2313 928 2380 boni
950 2311 1069 2378 habere
1100 2311 1265 2390 videntur,
1291 2319 1431 2400 tempore

474 2421 702 2506 persecutionis
724 2421 764 2486 ab
787 2417 922 2486 Ecclesia
944 2417 1132 2484 evelluntur.
1154 2419 1302 2488 Fructus
1315 2439 1432 2488 eorum

474 2525 624 2606 inutiles,
639 2525 714 2610 quia
729 2523 879 2590 doctrinis
893 2539 1005 2590 eorum
1019 2529 1053 2588 et
1067 2523 1315 2608 expositionibus
1330 2523 1432 2590 homi-

474 2649 530 2698 nes
555 2629 710 2714 simplices
734 2623 1077 2694 intercantantur
1100 2645 1219 2710 eorum,
1240 2613 1432 2694 sant'testcs

474 2735 639 2824 nequitiae
655 2735 818 2802 aduersas
830 2741 1002 2818 parentes,
1025 2733 1101 2818 quia
1118 2751 1158 2800 ex
1175 2731 1432 2816 multiplicatione

474 2841 702 2926 discipulorum
725 2857 849 2908 errores
874 2839 1013 2924 magistri
1033 2839 1161 2924 gravius
1188 2837 1431 2904 damnabuntur.

640 3067 765 3138 Secundo,
785 3065 986 3136 quietistarum
1003 3065 1093 3120 mariis
1114 3063 1263 3136 tripliciter.

565 3265 678 3330 Iustus
693 3269 806 3328 autern
827 3267 885 3328 etc.
901 3261 954 3328 llic
978 3261 1065 3346 ponit
1081 3261 1323 3346 comparativam
1346 3279 1430 3328 com-

365 3379 455 3426 Dicsio·
472 3367 703 3436 mandationem
737 3367 893 3434 iustorum
929 3365 1030 3452 quoad
1065 3373 1191 3432 statum
1223 3365 1366 3444 ncr·m;
1398 3373 1431 3434 θῖ

472 3475 577 3560 primo
598 3473 773 3542 ostenditur
798 3473 863 3552 bia,
884 3491 945 3538 nou
960 3489 1028 3538 θεεθ
1046 3471 1166 3538 Sanctis
1189 3473 1336 3540 damnosa
1352 3477 1431 3540 tem-

472 3581 588 3664 poralis
610 3579 721 3648 mortis
746 3577 955 3658 acceleratio,-
978 3577 1117 3646 secundo
1139 3579 1288 3646 subditur
1313 3577 1430 3646 accele-

472 3685 615 3752 rationis
650 3685 759 3766 ratio,
792 3685 857 3750 ibi:
894 3685 1034 3752 Placeas
1070 3685 1157 3760 bea,-
1193 3683 1286 3752 tcrtio
1319 3683 1428 3768 populi

471 3793 650 3878 aspicientis
671 3791 774 3858 stulta
798 3789 927 3878 opinio:
950 3791 1075 3876 Populi
1096 3799 1206 3856 autera
1230 3789 1382 3856 uidentes.

563 3897 661 3984 (Vers.
689 3901 743 3982 7.).
767 3897 882 3964 Iustus
903 3903 1014 3964 uatem
1037 3903 1117 3976 eta,
1139 3897 1230 3992 quasi
1261 3895 1361 3964 dicat:
1384 3895 1429 3964 sic

308 4003 716 4090 auctura-est[terniqu133
734 4011 864 4082 autem,
881 4021 939 4088 pro
953 4003 1024 4084 sed;
1042 4003 1152 4078 iustus
1167 4003 1199 4072 si
1211 4011 1317 4070 morte
1328 4023 1429 4090 prae-

329 4069 454 4174 rffii'f'de
472 4117 652 4194 occupatus
686 4107 810 4196 (uerit,
845 4107 878 4174 id
910 4115 957 4176 θεῖ
992 4111 1161 4176 accelerata
1196 4117 1267 4176 ante
1304 4117 1428 4196 tempus

307 4177 456 4274 ssiiiigniffoe'
471 4221 575 4282 morte
596 4221 803 4300 praeventos,
837 4215 1012 4282 secundum
1043 4215 1121 4282 illud
1148 4215 1244 4286 isaiae
1266 4215 1428 4300 trigesimo

470 4321 604 4388 οθῖθθθ2
616 4345 624 4386 z
652 4345 668 4378 r
685 4321 766 4386 Dum
788 4319 892 4386 adhuc
914 4319 1047 4398 ordirer,
1071 4321 1203 4386 succidit
1224 4337 1274 4386 me
1291 4345 1321 4384 n.
1346 4321 1429 4390 Bene

470 4425 569 4492 dixit:
590 4433 870 4510 praeoccupatus,
894 4423 967 4508 quia
992 4423 1093 4490 subita
1111 4431 1227 4504 morte,
1253 4423 1283 4490 id
1308 4431 1354 4492 θεῖ
1370 4429 1429 4492 im-

471 4531 610 4616 provisa,
645 4549 708 4596 non
743 4535 843 4616 potest
879 4531 957 4594 mori
992 4531 1109 4610 iustos,
1143 4519 1218 4616 quia
1251 4529 1367 4598 dicitur
1393 4533 1427 4600 iu

472 4637 592 4704 Psalmo
614 4635 654 4702 de
676 4651 811 4722 persona
827 4635 917 4702 iusti:
948 4661 963 4692 «
983 4633 1187 4702 Providebam
1211 4633 1380 4702 Dominum
1394 4635 1429 4700 in

471 4749 641 4830 conspectu
655 4759 725 4810 meo
750 4757 873 4826 semper
888 4765 903 4798 »
926 4747 1002 4820 etc.;
1025 4739 1116 4806 item:
1145 4765 1161 4798 r
1178 4741 1285 4804 Anima
1311 4741 1428 4806 meain

470 4849 616 4916 manibus
639 4849 716 4916 meis
747 4865 870 4932 semper
885 4873 915 4926 l,
945 4845 1033 4930 quasi
1065 4843 1162 4912 dicat:
1196 4849 1324 4930 paratus
1356 4863 1427 4912 sum

472 4955 602 5022 reddere
626 4973 712 5036 eam,
748 4953 1010 5038 quandocumque
1037 4951 1101 5018 Deo
1136 4949 1308 5036 placuerit,
1342 4951 1428 5035 quod

470 5079 528 5148 ego
549 5053 676 5128 moriar.
701 5061 830 5140 Iustus,
852 5059 1001 5143 inquam,
1022 5059 1056 5122 si
1073 5063 1340 5144 praeoccupatus
1355 5053 1429 5142 fue-

469 5167 530 5248 rit,
546 5167 583 5236 in
597 5167 775 5254 refrigerio
789 5165 868 5244 erit,
893 5165 1010 5232 scilicet
1025 5171 1172 5232 aeternae
1196 5161 1325 5250 quietis;
1343 5163 1428 5230 Psal-

471 5291 555 5340 mas:
579 5273 821 5342 «transivimus
842 5287 900 5356 per
924 5271 1026 5356 ignem
1059 5279 1089 5338 θῖ
1125 5289 1255 5356 aquam,
1287 5277 1319 5338 et
1349 5265 1428 5336 edu-

471 5379 544 5446 xisti
570 5395 626 5446 nos
648 5379 679 5446 in
704 5377 903 5462 refrigerium
914 5403 947 5444 ».

456 5533 457 5536 ,
561 5485 660 5572 (Vers.
690 5487 719 5550 8.
746 5485 798 5566 a).
830 5483 979 5550 Seruatus
1005 5483 1089 5548 enirn
1115 5487 1190 5562 θῖθ.,
1213 5479 1304 5568 quasi
1326 5479 1427 5548 dicat:

471 5607 528 5656 uec
551 5589 641 5656 obest
660 5587 900 5676 praeoccupatio
914 5587 1040 5668 aetatis;
1066 5593 1210 5656 senectus
1225 5587 1314 5654 eninr
1334 5605 1428 5654 uene·-

470 5695 590 5762 rabitis
603 5701 677 5774 etc.;
703 5695 847 5760 Glossai:
872 5721 888 5752 «
902 5695 967 5760 Non
992 5699 1077 5760 aetas
1091 5695 1253 5776 corporis,
1275 5693 1330 5758 sod
1345 5693 1428 5758 vitae

471 5801 639 5868 maturitas
659 5807 691 5866 θῖ
713 5817 840 5866 morum
862 5799 1002 5884 probitas
1023 5797 1171 5866 laudatar
1195 5821 1230 5878 »3
1259 5797 1428 5862 uenerabi—
1484 5795 1485 5804 ’

472 5905 528 5988 lis,
550 5905 695 5992 inquam,
717 5905 813 5970 idest
834 5903 927 5988 digna
948 5903 1146 5970 veneratione
1168 5903 1254 5986 apud
1274 5899 1377 5968 Deum
1396 5907 1428 5968 et

541 6349 551 6378 ¹
572 6349 621 6406 Ch.
642 6365 720 6418 supra
738 6365 800 6416 pag.
822 6351 888 6414 l33,
904 6355 965 6404 nota
983 6353 1011 6404 6.

541 6437 552 6468 u
573 6441 648 6494 Vers.
667 6443 710 6496 la.
727 6469 764 6482 --
782 6443 932 6508 Sequuntur
950 6443 990 6496 Ps.
1012 6441 1059 6506 lb,
1079 6443 1109 6508 8;
1131 6441 1191 6504 lta,
1210 6439 1268 6492 tce.
1282 6441 1309 6490 et
1322 6435 1370 6502 65,
1385 6435 1426 6486 tc.

542 6523 553 6554 ⁵
573 6529 671 6594 Nempe
697 6527 892 6598 interlinearis,
913 6543 945 6584 ex
961 6529 1085 6596 Rabona,
1103 6529 1149 6584 ubi
1167 6543 1217 6594 pro
1236 6525 1306 6582 oilae
1323 6523 1428 6592 ponitur

471 6613 577 6668 mentis
588 6641 624 6654 -
636 6617 693 6670 Duo
707 6631 780 6684 seqq.
793 6617 842 6670 loci
857 6623 918 6670 sant
930 6617 974 6672 lob
995 6621 1041 6686 32,
1063 6621 1087 6672 9.
1106 6625 1134 6672 et
1150 6619 1206 6672 lsai.
1225 6619 1273 6684 65,
1293 6617 1340 6670 20:
1361 6615 1428 6682 Quo-

471 6697 541 6752 niam
560 6713 628 6766 puer
647 6703 752 6758 centum
771 6709 820 6760 etc.

542 6781 553 6814 ⁴
575 6787 674 6844 Scilicet
696 6789 888 6846 interlinearis.
908 6821 945 6834 ·-
965 6795 1025 6848 Post
1045 6793 1109 6850 cani
1131 6797 1240 6862 Vulgata
1265 6797 1356 6848 autam
1379 6805 1427 6856 pro

471 6873 550 6928 cuim.
571 6877 720 6940 Sequuntur
737 6879 800 6930 Dan.
823 6881 870 6942 t3,
890 6879 937 6948 50;
956 6881 1001 6934 lob
1021 6883 1068 6946 tc,
1087 6885 1129 6938 lc.
1148 6889 1173 6934 θῖ
1193 6885 1268 6938 Εθθῖί.
1286 6883 1335 6946 25,
1354 6883 1380 6934 8.

1155 553 1347 622 combam.
1371 555 1410 622 lN
1431 553 1649 622 strtcrrlttl
1672 555 1703 622 C.
1720 555 1776 622 itt.

1496 729 1626 818 hugelos
1651 739 1680 802 et
1700 733 1845 800 homines
1866 731 1982 810 iustos;
2006 737 2052 796 est
2074 747 2142 794 raon
2164 727 2348 808 dicturum,
2371 733 2454 796 mul-

1496 837 1629 904 titudine
1653 839 1790 918 dierum;
1814 837 1866 904 lob
1889 835 2049 924 trigesimo
2071 833 2225 902 secundo:
2254 859 2271 892 «
2290 835 2356 902 Non
2378 843 2454 904 sunt

1496 943 1637 1026 longaeti
1662 943 1815 1028 sapientes
1833 967 1867 1022 »3
1890 961 1949 1008 nec
1973 959 2109 1006 numero
2126 957 2295 1004 unctorum
2309 957 2454 1024 compu-

1491 1055 1584 1126 tata,
1609 1047 1640 1114 id
1664 1053 1710 1114 est
1737 1063 1795 1114 nec
1817 1047 2019 1114 multitudine
2041 1061 2206 1112 annorum.
2230 1045 2343 1110 «Puer
2368 1045 2451 1110 enim

1498 1159 1624 1220 centum
1648 1169 1802 1218 annorum
1825 1153 1992 1232 morietur,
2010 1159 2049 1228 ¹et
2072 1157 2217 1238 peccator
2246 1157 2373 1216 centum
2397 1169 2451 1216 an-

1496 1275 1612 1324 norum
1634 1257 1818 1326 maledictas
1850 1257 1911 1323 erit
1925 1285 1957 1336 l,
1981 1259 2075 1324 isaiae
2105 1257 2298 1342 sexagesimo
2330 1255 2449 1342 quinto.

1499 1361 1585 1428 Cani
1606 1363 1692 1428 enirn
1715 1369 1929 1426 suntsensus
1952 1359 2111 1444 hortinis,
2137 1365 2238 1432 idest
2261 1361 2329 1428 loco
2358 1379 2451 1428 cano-

1496 1483 1587 1546 rum,
1604 1465 1749 1534 Glauci:
1781 1493 1796 1524 r
1810 1465 1922 1548 Quasi:
1946 1465 2028 1534 bene
2049 1475 2098 1534 est
2111 1487 2210 1536 canus
2233 1469 2288 1554 qui
2302 1469 2382 1534 bene
2405 1473 2453 1534 θεῖ

1496 1579 1639 1640 sensatas
1654 1597 1685 1650 a,
1718 1569 1890 1638 secandum
1922 1571 1999 1636 illud
2023 1573 2159 1642 Danielis
2189 1575 2308 1642 decimo
2341 1573 2449 1646 tertio:

1500 1703 1516 1736 ι(
1534 1675 1602 1742 Tibi
1623 1677 1707 1744 dedit
1731 1677 1814 1742 Deus
1843 1675 1992 1742 bonorem
2027 1679 2193 1746 senectutis
2211 1707 2241 1758 ε,
2263 1679 2297 1744 id
2328 1687 2373 1746 θεῖ
2405 1679 2451 1746 di-

1496 1781 1682 1848 scretionem
1704 1787 1737 1848 θῖ
1751 1777 1947 1864 sapientiam,
1973 1797 2052 1864 qaae
2068 1783 2148 1848 solet
2170 1801 2237 1850 esse
2252 1783 2286 1848 in
2308 1783 2450 1864 senibus,

1496 1887 1670 1974 secuudum
1695 1885 1774 1954 illud
1807 1885 1860 1952 lob
1892 1883 2099 1952 duodecimo:
2127 1913 2145 1946 «
2171 1889 2204 1954 ln
2237 1889 2373 1972 antiquis
2388 1943 2392 1948 ,
2405 1897 2452 1954 θεῖ

1496 1993 1661 2080 sapientia,
1676 1999 1707 2062 et
1723 1991 1753 2060 iu
1777 1992 1875 2058 multo
1900 1999 2041 2078 tempore
2055 1993 2224 2078 prudentia
2238 2019 2274 2074 »;
2297 1993 2371 2062 item
2396 1997 2450 2062 Ec-

1495 2101 1656 2168 clesiastici
1691 2101 1842 2188 vigesimo
1874 2101 2001 2184 quinto:
2033 2125 2049 2158 «
2063 2097 2184 2164 Corona
2219 2117 2329 2168 senum
2352 2103 2451 2168 multa

1496 2205 1654 2290 peritia».
1671 2243 1712 2256 -
1731 2209 1770 2272 at
1793 2215 1882 2272 aetas
1898 2205 2085 2284 senectutis,
2110 2203 2204 2273 idest
2228 2207 2336 2272 θθῖθῖῖε
2352 2207 2450 2274 vicen

1495 2313 1660 2398 supplens,
1682 2315 1751 2380 cita
1774 2311 2007 2392 immacculata,
2040 2313 2163 2398 «quasi
2177 2311 2274 2380 dicat:
2297 2313 2375 2380 heae
2404 2323 2449 2382 est

1495 2435 1593 2484 senex
1616 2419 1752 2486 mundus
1776 2425 1806 2484 et
1829 2419 2041 2502 simplex⁶»;
2065 2417 2306 2486 Protcrhiorum
2331 2419 2449 2486 decimo

1496 2527 1605 2590 sexto:
1634 2549 1650 2582 «
1670 2523 1791 2590 Corona
1822 2523 1982 2608 dignitatis
2015 2531 2178 2606 senectus,
2204 2543 2295 2612 wqaae
2328 2525 2360 2592 in
2391 2525 2449 2592 viis

1495 2619 1631 2694 institiae
1647 2627 1835 2712 reperietur
1850 2653 1879 2692 ε.

1583 2731 1726 2800 Ρῖθθθθε
1757 2733 1819 2798 Dec
1844 2739 1901 2800 etc.
1930 2731 1984 2800 Hic
2013 2735 2141 2820 ponitur
2171 2737 2339 2820 multiplex
2369 2737 2448 2804 ratio
2489 2743 2599 2794 secunao,

1495 2837 1712 2906 accelerandae
1736 2837 1864 2918 mortis,
1879 2855 2016 2922 quarum
2033 2839 2133 2922 prima
2150 2845 2195 2906 θεῖ
2221 2843 2384 2908 iustorum
2401 2845 2449 2908 di·
2468 2797 2569 2896 5i¹t¹i⁵3n⁰r¹s²·
2588 2797 2603 2840 ὅ

1487 2931 1625 3028 pallas:
1648 2941 1938 3022 serenianum
1970 2943 2116 3010 utititas:
2142 2947 2271 3030 Raptus
2300 2953 2445 3026 asceta:

1495 3049 1602 3128 tertia,
1625 3049 1711 3116 vitae
1730 3047 1983 3136 periculositas:
2007 3049 2199 3116 Fascinutt'o
2218 3057 2294 3132 etc.;
2318 3061 2444 3138 quarta,
2547 3103 2550 3106 -

1496 3153 1650 3240 temporis
1674 3153 1923 3238 opportunitas:
1948 3153 2204 3222 Consummatur
2222 3163 2297 3238 etc.;
2320 3157 2444 3244 quinta,

1493 3259 1685 3346 beneplacita
1708 3259 1770 3326 Dei
1793 3257 1963 3326 uoluntas:
1989 3259 2121 3328 Placita
2144 3268 2202 3329 etc.
2260 3313 2262 3322 ,
2303 3301 2304 3304 =
2492 3259 2496 3264 ’

1581 3367 1683 3452 cren.
1710 3367 1785 3448 tc).
1820 3365 1962 3432 Placeas
1994 3367 2073 3444 Dec,
2111 3367 2228 3436 scilicet
2261 3385 2316 3454 per
2342 3387 2447 3438 veram
2467 3377 2588 3476 bageam-
2695 3437 2696 3440 ,

1493 3471 1603 3552 iidem,
1619 3471 1793 3538 secundum
1809 3471 1884 3538 illud
1901 3471 1941 3538 ad
1955 3471 2111 3538 Hebraeos
2126 3473 2327 3542 undecimoi:
2352 3475 2448 3544 «Sine
2538 3463 2544 3476 ’

1493 3577 1555 3646 lide
1575 3577 1765 3664 impossibile
1801 3583 1848 3644 est
1870 3577 1993 3662 placere
2015 3579 2079 3646 Deo
2101 3603 2135 3658 »3
2159 3577 2271 3666 (actus
2294 3581 2447 3662 titianus,

1469 3691 1623 3770 propter
1645 3683 1815 3770 perlectam
1832 3683 2044 3766 dilectionem,
2066 3685 2240 3754 secundum
2267 3685 2345 3754 illud
2375 3687 2447 3754 Pro-

1493 3789 1675 3856 rerhioram
1704 3795 1830 3856 octavo:
1862 3815 1876 3846 «
1898 3789 1959 3874 Ego
1991 3789 2153 3876 diligentes
2182 3811 2233 3858 me
2258 3791 2396 3878 diligam
2420 3801 2448 3858 θῖ

1492 3895 1619 3976 nuens,
1642 3897 1758 3964 scilicet
1783 3913 1839 3980 per
1870 3895 2017 3980 gratiam,
2042 3915 2105 3964 non
2126 3899 2264 3966 moriens
2294 3917 2352 3984 per
2381 3901 2447 3966 cul-

1493 4019 1583 4086 pam;
1602 4003 1703 4090 ,inter
1737 4009 1942 4090 peccatores,
1980 4003 2097 4070 scilicet
2129 4003 2327 4090 impollutus,
2363 4007 2444 4090 qaod

1492 4107 1579 4174 valde
1612 4125 1759 4194 maguum
1784 4111 1848 4186 θεῖ,
1872 4123 1944 4174 cum
1977 4109 2128 4194 scriptum
2159 4111 2196 4176 sit
2228 4111 2257 4176 in
2284 4111 2445 4178 Psalmo⁷2

1497 4213 1603 4280 «Cum
1619 4231 1767 4300 perverso
1784 4213 2016 4298 perverteris»;
2039 4213 2091 4282 sed
2114 4215 2217 4284 iustus
2236 4217 2324 4302 quasi
2349 4217 2446 4284 liliam

1491 4319 1572 4386 inter
1597 4319 1717 4402 spinas,
1743 4317 1817 4402 quia
1839 4335 1896 4384 nec
1925 4319 2039 4386 amittit
2061 4339 2135 4388 suec
2167 4321 2311 4406 puritatis
2336 4323 2446 4390 cando-

1492 4441 1559 4490 rem
1580 4441 1638 4490 nec
1662 4441 1737 4492 suae
1766 4423 1867 4490 lamae
1888 4425 2038 4504 odorem;
2070 4425 2268 4494 Canticorum
2293 4429 2444 4496 secundo:

1498 4553 1512 4586 l
1528 4527 1615 4594 Sicut
1637 4527 1738 4594 liliam
1760 4527 1842 4594 inter
1865 4529 2000 4612 spinas»
2022 4537 2079 4596 etc.
2114 4531 2311 4600 Translatus
2326 4541 2391 4614 est,
2409 4535 2445 4608 de

1492 4633 1586 4700 exilio
1611 4633 1706 4698 buius
1730 4633 1837 4698 mundi
1862 4633 1898 4698 ad
1924 4633 2057 4720 patriam
2081 4637 2261 4714 caelestem,
2287 4637 2324 4702 de
2345 4645 2444 4706 morte

1492 4737 1530 4804 ad
1554 4737 1665 4816 vitam,
1688 4737 1726 4804 de
1751 4737 1920 4804 certamine
1942 4739 1982 4804 ad
2005 4757 2162 4806 coronam.

1580 4843 1768 4922 Notandum,
1795 4843 1877 4928 quod
1900 4843 2067 4929 multiplex
2090 4852 2137 4913 θεῖ
2162 4847 2355 4916 translatio:
2381 4849 2446 4936 pri-
2466 4857 2584 4956 utinquam

1491 4967 1556 5030 ma,
1578 4947 1619 5016 de
1641 4951 1734 5034 culpa
1764 4947 1795 5014 in
1816 4949 1986 5034 pralium,-
2007 4951 2128 5035 primae
2160 4951 2280 5020 loannis
2303 4955 2394 5020 tertio
2411 4957 2444 5022 8:
2489 4923 2564 4966 Μ’

1498 5055 1587 5122 «Νθε
1613 5055 1742 5134 εθῖιεθε,
1765 5055 1839 5140 quia
1863 5057 2004 5123 translati
2028 5077 2138 5128 sumus
2153 5059 2191 5126 de
2215 5065 2316 5128 morte
2330 5087 2364 5140 »‚
2386 5063 2445 5130 sci-

1492 5163 1563 5230 lcet
1577 5163 1698 5248 calpae,
1715 5189 1731 5222 «
1745 5161 1781 5230 ad
1795 5161 1888 5228 uitam
1901 5189 1934 5242 a,
1949 5163 2077 5248 gratiae,
2096 5191 2113 5224 «
2123 5167 2269 5252 quoniam
2288 5167 2445 5254 diligimus

1491 5269 1646 5334 iratres».
1665 5267 1819 5348 Secttma,
1843 5267 1881 5334 de
1895 5269 1998 5354 gratia
2015 5269 2197 5356 imperfecta
2212 5273 2251 5338 ad
2261 5271 2443 5358 perfectam

1490 5373 1656 5462 gratiam:
1679 5371 1832 5440 secundae
1856 5373 1893 5440 ad
1917 5375 2093 5442 Corinthios
2117 5377 2226 5444 tertio:
2256 5403 2271 5434 «
2285 5377 2445 5454 Translor-

1491 5497 1617 5576 memor
1638 5479 1671 5548 in
1694 5479 1822 5548 eandem
1846 5479 2011 5566 imaginem
2048 5503 2066 5548 θ
2088 5483 2229 5550 claritate
2258 5481 2291 5548 in
2321 5481 2445 5548 clarita-

1493 5593 1572 5666 tem,
1596 5591 1745 5676 taoquam
1767 5603 1787 5650 a
1809 5585 1931 5652 Domini
1955 5587 2119 5672 Spiritu».
2144 5589 2261 5666 Tertia,
2286 5587 2327 5654 de
2348 5587 2445 5674 gratia

1492 5691 1630 5776 perlecta
1651 5691 1692 5758 ad
1709 5691 1877 5776 gloriam,-
1898 5691 1938 5758 de
1960 5711 2023 5776 qua
2046 5693 2115 5758 hic:
2145 5691 2344 5760 Translatus
2367 5701 2421 5760 est.

1580 5795 1680 5878 (Vers.
1700 5795 1773 5878 ῖῖ.).
1793 5797 1922 5878 Raptus
1944 5805 2007 5874 est,
2024 5797 2115 5882 quasi
2136 5797 2237 5864 dicat:
2257 5815 2319 5866 non
2343 5801 2443 5868 solum
2465 5809 2569 5854 secula.

1494 5899 1679 5964 translatus
1708 5905 1768 5976 est,
1802 5899 1855 5966 sed
1886 5909 2024 5988 raptus,
2050 5901 2124 5986 quia
2153 5903 2214 5968 cito
2238 5911 2382 5974 mortuus
2414 5915 2442 5974 θῖ

1562 6339 1572 6370 ⁵
1591 6343 1682 6396 Glossa
1700 6343 1896 6400 interlinearis:
1916 6347 2009 6412 Quasi:
2028 6347 2094 6404 bene
2114 6357 2152 6406 est
2171 6367 2248 6406 senex
2265 6353 2311 6420 qui
2328 6355 2443 6408 mundus

1491 6433 1529 6482 est
1549 6427 1617 6500 [eti]
1636 6433 1753 6508 simplex.
1772 6461 1808 6472 -
1826 6433 1948 6500 Sequitur
1967 6435 2044 6490 Prov.
2064 6439 2111 6508 tc,
2129 6441 2186 6494 Sl.v

1562 6515 1665 6574 ‘Vera
1686 6523 1710 6574 6.
1729 6547 1765 6562 -·
1783 6521 1901 6574 Subinde
1925 6529 1985 6590 post
2000 6525 2088 6596 [actus
2108 6531 2220 6596 Vulgata
2240 6531 2370 6586 interserit
2385 6533 2439 6598 cst,

1492 6607 1564 6672 qaod
1582 6607 1655 6662 deest
1673 6611 1699 6664 in
1718 6610 1791 6664 card.
1809 6613 1927 6676 hugone.
1946 6613 2007 6682 Seq.
2024 6617 2097 6670 locus
2117 6623 2154 6670 θεῖ
2173 6621 2250 6674 Prov.
2268 6619 2300 6682 8,
2319 6619 2362 6672 tr.

1563 6691 1573 6724 l
1593 6699 1686 6754 Psalm.
1705 6701 1753 6768 li,
1772 6701 1816 6754 at.
1833 6729 1869 6742 -
1888 6703 2011 6772 Sequitur
2030 6705 2152 6772 Carth,
2172 6711 2196 6760 2.

1562 6781 1665 6840 8ῖῖθθε.
1687 6787 1728 6842 ll.
1748 6817 1780 6826 -
1801 6787 1917 6844 Subinde
1936 6793 2061 6858 allegatur
2078 6796 2106 6846 ll.
2126 6793 2184 6850 Cor.
2202 6795 2235 6860 3,
2254 6795 2298 6848 lS.
