5916 8276
470 597 514 662 80

470 771 713 838 proverbiorum
736 769 846 838 tertio:
877 767 1080 852 «longitudo
1100 767 1224 848 dierum
1242 769 1275 850 in
1297 767 1429 834 dextera

470 877 556 956 aim,
581 877 612 942 in
638 877 764 944 sinistra
785 873 870 940 illius
892 873 1017 940 divitiae
1039 879 1071 940 et
1093 871 1193 958 gloria
1207 899 1239 940 a.
1256 871 1331 940 Vult
1352 891 1428 958 ergo

470 977 591 1062 dicere,
615 981 701 1068 quod
722 979 878 1066 sapientes
899 979 1035 1066 cogitant
1058 979 1140 1046 bona
1168 985 1296 1048 aeterna
1319 985 1349 1048 θῖ
1373 997 1428 1048 cu-

470 1087 579 1172 piunt,
602 1093 636 1154 et
658 1087 745 1154 stulti
763 1085 961 1170 temporalia;
986 1085 1102 1152 Cantici
1127 1087 1281 1154 secunda:
1301 1089 1428 1156 «Laeva

471 1191 539 1258 eius
564 1189 623 1256 sab
647 1191 747 1276 capite
776 1207 864 1272 mea,
895 1197 926 1256 et
956 1189 1089 1258 dextera
1119 1193 1203 1260 illius
1232 1193 1427 1276 amplexabi-

470 1303 525 1362 tur
548 1315 598 1362 me
613 1323 645 1362 s.
668 1297 787 1382 Cogitat
812 1295 906 1380 igitur
930 1297 1046 1366 stultus
1075 1317 1153 1366 vana
1185 1307 1215 1366 et
1245 1301 1343 1366 nescit
1370 1299 1426 1366 ali-

469 1421 534 1486 quo
557 1403 650 1468 modo
672 1403 894 1470 considerare¹
916 1403 1069 1498 discreta,
1092 1423 1150 1474 uec
1185 1407 1216 1474 in
1249 1423 1281 1474 se
1313 1423 1370 1474 nec
1394 1405 1425 1470 in

471 1507 558 1588 aliis,
584 1507 668 1594 qnod
692 1513 738 1576 θεῖ
754 1507 854 1576 maius
873 1509 1100 1602 inconveniens.
1125 1513 1196 1580 ldeo
1218 1511 1338 1580 subdit:
1364 1511 1428 1576 Sed

470 1621 500 1682 et
530 1615 565 1708 t'n
594 1615 652 1682 nia
681 1615 801 1680 stultns
833 1617 1028 1698 atnbnians,
1063 1621 1093 1684 in
1125 1619 1175 1686 via
1206 1617 1323 1684 scilicet
1352 1615 1426 1692 illa,

470 1739 550 1806 quae
575 1721 779 1790 viuctarstbt
804 1723 900 1806 bona;
934 1725 1173 1792 Proverbiorum
1197 1721 1425 1790 duodecimo¹z

474 1853 490 1886 «
506 1827 569 1894 Via
585 1827 672 1894 stulti
697 1837 780 1896 recta
804 1831 836 1896 in
858 1831 958 1899 oculis
980 1831 1091 1898 eius».
1119 1831 1203 1896 Cam
1224 1827 1269 1894 sit
1290 1825 1360 1910 ipse
1376 1825 1426 1890 irt-

468 1933 608 2020 aptans,
634 1933 663 2000 id
699 1943 765 2014 est,
788 1951 861 2002 cum
891 1935 1073 2024 insipienter
1097 1933 1261 2008 ambulet,
1283 1929 1359 2014 quia
1393 1927 1425 1992 in

468 2039 621 2120 tenebris,
646 2059 743 2126 supra
767 2041 918 2108 secundo:
950 2041 1102 2106 «Stultus
1133 2035 1335 2104 intenebris
1358 2051 1425 2098 am-

468 2143 557 2214 bulat
573 2173 602 2212 v.
632 2147 748 2214 Omnes
777 2147 893 2214 stnttos
919 2145 1091 2222 aestimat,
1127 2143 1210 2208 uude
1242 2137 1425 2206 Proverbia-
1489 2155 1495 2170 ·

468 2267 540 2316 rum
566 2251 715 2338 vigesimo
737 2259 842 2320 sexto:
873 2279 889 2310 «
904 2249 1077 2336 Sapientior
1105 2247 1163 2314 sibi
1189 2245 1314 2314 videtur
1336 2245 1425 2330 piger

470 2363 588 2440 septem
611 2357 688 2424 viris
711 2355 912 2444 loquentibus
935 2353 1149 2422 sententias».

866 2567 1031 2650 Quansrto.

466 2789 467 2792 ’
559 2781 666 2848 incidit
689 2779 740 2846 ltic
764 2777 903 2862 quaestio
926 2777 964 2842 de
987 2777 1047 2842 boc
1070 2775 1153 2860 quod
1169 2775 1286 2842 dicit³:
1306 2775 1372 2858 Qui
1391 2775 1427 2842 in

469 2905 535 2954 tino
554 2887 739 2972 peccaverit
763 2891 822 2950 etc.
1073 2917 1074 2920 =

563 2997 588 3058 l.
612 2993 642 3058 Si
659 2991 741 3058 enim
758 2989 841 3056 Deus
857 3007 980 3074 semper
998 2989 1182 3074 punitcitra
1198 2989 1386 3074 condignam
1399 2989 1424 3068 ¹,

468 3117 543 3184 ergo
567 3097 621 3184 qui
645 3103 753 3182 peccat
775 3095 807 3162 in
830 3115 894 3162 nno
910 3113 972 3160 nou
989 3095 1081 3164 debet
1095 3097 1201 3182 puniri
1218 3095 1277 3162 nisi
1294 3095 1326 3160 iu
1342 3113 1424 3160 ano:

467 3223 542 3290 ergo
566 3221 627 3268 nou
650 3201 743 3268 debet
765 3201 1031 3286 parderbrunne,
1056 3201 1109 3268 sed
1134 3219 1244 3268 unum

557 3311 586 3376 i.
611 3307 705 3388 Item,
727 3327 770 3376 ex
792 3307 852 3374 hoc
877 3307 1018 3388 videtur,
1043 3307 1128 3392 quod
1150 3307 1190 3374 sit
1213 3305 1368 3374 connexio
1392 3307 1423 3370 in

467 3415 568 3494 vitiis,
593 3413 674 3480 sicut
698 3415 728 3478 in
753 3411 964 3492 virtutibus⁵;
989 3413 1078 3498 quia,
1103 3413 1129 3480 si
1153 3413 1265 3478 vitiam
1288 3419 1335 3478 θεῖ
1358 3411 1424 3496 pri-

468 3521 550 3586 vatio
568 3519 657 3600 boni,
674 3539 750 3604 ergo
766 3517 791 3586 si
807 3537 871 3584 una
887 3523 1013 3604 peccato
1027 3517 1194 3604 privantur
1214 3517 1315 3584 multa
1329 3517 1423 3596 bona,

467 3643 541 3712 ergo
574 3643 637 3692 uuo
668 3631 800 3710 peccato
826 3623 960 3690 incurrit
989 3625 1083 3692 bomo
1114 3625 1214 3700 multa
1245 3623 1342 3702 vitia;
1370 3623 1424 3716 spd

467 3733 528 3798 hoc
562 3751 624 3798 non
657 3739 706 3798 θεῖ
726 3729 785 3796 uisi
810 3747 867 3814 per
898 3733 1142 3796 connexionem:
1166 3749 1242 3814 ergo
1269 3727 1423 3796 connexio

467 3839 569 3906 estin
593 3839 684 3904 vitiis

556 3945 585 4012 3.
609 3947 704 4024 ltelu,
727 3943 813 4030 quod
835 3943 875 4010 sit
897 3943 1051 4010 connexio
1068 3943 1099 4010 in
1115 3943 1199 4012 vitiis
1214 3949 1368 4030 quantum
1384 3943 1422 4008 ad

466 4051 586 4132 omnia,
609 4051 752 4132 videtur;
768 4049 885 4116 dicitur
900 4049 1001 4116 iacobi
1024 4049 1161 4116 secondo
1173 4051 1204 4114 ¹:
1223 4047 1289 4132 Qni
1304 4049 1338 4114 in
1354 4067 1422 4114 nno

462 4157 646 4240 peccauerit
675 4155 787 4244 factas
811 4163 856 4222 est
880 4155 1027 4222 ananiam
1050 4175 1150 4222 rens:
1181 4173 1255 4240 ergo
1277 4153 1421 4234 videtur,

466 4261 549 4348 quod
575 4261 629 4348 qni
651 4267 813 4350 perpetrat
835 4279 936 4326 anum
959 4261 1071 4328 vitium
1094 4261 1135 4328 sit
1156 4261 1316 4340 itareus,
1339 4279 1376 4328 ac
1396 4261 1421 4326 si

465 4367 570 4432 omnia
588 4370 794 4452 perpetraret.

541 4475 614 4540 'San
638 4457 777 4540 aaaron:
796 4475 825 4538 l.
848 4473 927 4556 Quia
950 4471 1056 4558 aliqua
1070 4469 1146 4540 vitia
1160 4477 1236 4540 sunt
1251 4471 1421 4538 contraria:

300 4587 540 4666 Fundamenta-ergo
564 4579 589 4646 si
611 4579 644 4646 in
661 4579 751 4666 vitiis
781 4585 865 4644 esset
886 4579 1056 4656 connexio,
1080 4585 1155 4672 tunc
1178 4579 1242 4644 duo
1265 4577 1422 4644 contraria

466 4685 560 4752 simul
584 4685 614 4750 in
638 4685 765 4762 eodem,
788 4683 873 4768 quod
894 4683 979 4750 nefas
1004 4691 1050 4750 est
1073 4683 1176 4750 dicere
1190 4685 1211 4748 ¹.

499 4801 500 4804 ’
554 4795 584 4858 b.
608 4793 701 4870 bem,
724 4789 799 4858 vitia
824 4807 885 4856 uon
907 4795 1022 4856 sunta
1043 4789 1125 4868 Dea,
1142 4789 1197 4856 sed
1211 4787 1365 4872 acquisita
1380 4807 1421 4856 ex

464 4915 558 4984 opere
581 4903 706 4978 nostro;
731 4895 784 4964 sed
808 4902 930 4966 certum
953 4901 1014 4974 est,
1038 4897 1124 4980 quod
1146 4915 1207 4960 non
1223 4893 1333 4960 eodem
1347 4899 1421 4960 actu

464 5005 640 5092 acquiritur
662 5005 696 5070 in
725 5001 819 5070 nobis
854 5001 1059 5086 temperantia
1081 5005 1112 5068 θῖ
1135 4999 1270 5078 iustitia,
1295 4999 1420 5084 quanda

464 5119 537 5178 sunt
561 5107 874 5180 consuetudinalem:
898 5125 973 5194 ergo
998 5107 1197 5176 similiter'et
1218 5107 1253 5200 in
1274 5105 1368 5172 vitiis.

552 5219 750 5304 llespondeo:
773 5215 1066 5300 dicandum‚qaan
1099 5221 1146 5282 θεῖ
1169 5209 1255 5300 loqui
1286 5213 1325 5278 de
1348 5229 1421 5298 pec-

306 5333 447 5430 addititii
464 5329 532 5392 cato
555 5323 675 5392 ratione
698 5321 919 5410 deformitatis
942 5329 972 5388 et
996 5321 1115 5386 ratione
1142 5317 1351 5408 obtiqationis
1376 5317 1421 5384 ad

299 5439 449 5484 llemhrumt
461 5449 611 5516 poenam.
638 5431 665 5498 Si
692 5431 811 5498 ratione
833 5425 1071 5514 deformitatis,
1094 5425 1147 5494 illa
1170 5425 1298 5512 quidem
1321 5423 1420 5510 respi-

326 5545 447 5608 vadslit·
464 5523 507 5604 cit
529 5539 606 5618 tria,
632 5537 748 5606 scilicet
767 5535 989 5622 privationem
1023 5533 1100 5600 boni
1120 5533 1282 5620 pratniti,
1302 5531 1422 5618 prina-

353 5603 404 5642 etto.

465 5643 584 5710 tionem
606 5643 684 5710 boni
704 5641 874 5710 naturalis
890 5659 891 5664 ¹
907 5641 972 5734 sive
1008 5641 1158 5708 naturalis
1193 5639 1363 5706 habilitatis
1389 5643 1420 5704 θῖ

317 3109 351 3154 nt
365 3109 451 3166 opposi-

355 3165 408 3206 tum.

536 6025 545 6058 ²
566 6025 766 6094 Retragantlbus
783 6025 840 6076 aliis
858 6025 937 6076 codd.
956 6029 981 6076 θῖ
1001 6025 1071 6086 Vat,
1090 6023 1110 6076 d
1126 6023 1255 6090 capitana.

534 6115 545 6148 ¹
566 6121 639 6172 Vens.
651 6119 694 6172 lb.
703 6145 738 6156 --
748 6117 804 6168 Duo
816 6127 890 6180 seqq.
899 6113 947 6166 loci
958 6119 1018 6164 sunt
1027 6113 1107 6166 Erote.
1119 6115 1143 6178 2,
1154 6111 1196 6164 tt.
1206 6117 1231 6164 et
1240 6111 1317 6162 Prov.
1327 6109 1371 6172 26,
1379 6109 1387 6160 l
1395 6107 1420 6172 6,

465 6205 512 6258 arbi
529 6205 609 6260 aab
629 6205 717 6260 decent
735 6217 783 6270 pro
802 6205 909 6270 arpina.
1115 6209 1116 6212 ’
1214 6195 1225 6226 ⁸
1244 6197 1309 6262 Cep.
1326 6197 1358 6260 9,
1379 6199 1421 6248 l8.

534 6291 545 6322 ⁴
565 6295 613 6346 Pro
628 6299 675 6346 bac
689 6291 867 6358 propositione
882 6291 907 6344 S.
920 6289 1018 6342 Bonav.
1031 6289 1057 6340 in
1070 6289 1229 6352 expositione
1244 6287 1339 6338 Thren.
1352 6287 1382 6348 2,
1396 6283 1421 6338 5.

464 6381 558 6446 allegat
578 6385 637 6448 Sap.
656 6385 700 6446 ll,
719 6385 767 6436 27:
785 6379 873 6434 Parcis
890 6387 976 6432 eutem
996 6377 1133 6440 omnibus,
1151 6377 1277 6446 quoniam
1291 6381 1335 6426 tua
1348 6379 1421 6436 suut,

464 6469 590 6536 Domine,
607 6473 654 6538 qui
671 6469 876 6526 amas-animas.
893 6469 943 6524 Cir.
962 6471 1007 6522 lv.
1024 6469 1095 6520 Sent.
1114 6469 1141 6520 d.
1160 6467 1203 6520 lt.
1221 6481 1246 6520 a.
1264 6467 1290 6518 2.
1309 6479 1335 6532 q.
1353 6465 1380 6516 2.

536 6553 546 6582 ⁵
566 6559 603 6608 De
622 6559 780 6612 connexione
798 6559 924 6610 vlrtutum
944 6559 992 6610 clr.
1010 6559 1047 6610 lll.
1067 6559 1136 6610 Sent.
1154 6555 1182 6608 d.
1201 6555 1245 6608 36.
1262 6567 1287 6620 q.
1309 6553 1332 6604 l.
1352 6557 1381 6604 et
1396 6551 1421 6604 3.

536 6639 546 6670 ὓ
567 6645 642 6698 vers
661 6649 704 6700 to.
721 6647 774 6700 Clr.
791 6661 872 6712 supra
891 6661 953 6712 pag.
970 6647 1020 6710 79,
1037 6653 1097 6700 nota
1118 6645 1143 6698 5.

536 6727 684 6796 ¹nrtstot.‚
702 6737 730 6788 ll.
753 6735 895 6788 Porilxerm.
917 6751 942 6788 c.
960 6735 984 6786 l.
1006 6721 1043 6802 (c.
1058 6733 1126 6802 tt.):
1150 6735 1233 6786 Simul
1258 6737 1344 6784 autem
1370 6745 1421 6782 noa

465 6819 591 6884 contingit
610 6823 696 6874 eidem
716 6823 800 6876 inesse
819 6823 954 6876 bonnaria.
972 6853 1006 6862 -
1025 6827 1044 6874 E
1064 6823 1142 6876 codd.
1155 6823 1337 6890 supplevimus
1350 6817 1422 6890 qaod

464 6907 540 6976 nasas
560 6909 599 6960 est
617 6905 711 6962 dicere.

1132 591 1323 658 COMMENT.
1347 589 1386 658 IN
1408 589 1677 658 nccttstlsttlt
1699 589 1730 656 C.
1756 589 1791 656 X.

1491 765 1626 834 ulterius
1636 767 1886 834 inclinationem
1907 767 1954 832 ad
1968 771 2079 832 actam
2101 763 2341 844 inordinatam,
2366 785 2448 850 quae

1489 865 1604 940 dicitur
1628 871 1802 940 habilitatio
1830 873 1994 958 quaedam.
2024 869 2151 936 Ratione
2183 867 2276 954 primi
2304 871 2377 936 boni
2399 879 2446 938 θεῖ

1490 981 1569 1048 bene
1592 979 1800 1048 connexioin
1824 979 1921 1056 vitiis,
1945 977 2017 1062 quia
2041 975 2094 1062 qui
2121 979 2226 1060 peccat
2244 973 2274 1040 in
2296 993 2361 1040 uno
2375 993 2445 1058 pec-

1490 1092 1559 1154 cato
1587 1087 1703 1154 amittit
1731 1085 1865 1172 gratiam
1895 1091 1926 1150 et
1958 1101 2067 1150 omnes
2101 1081 2254 1160 virtutes,
2291 1087 2446 1166 quatenus

1490 1199 1564 1260 sunt
1586 1193 1750 1276 gratuitae.
1775 1189 1902 1256 Ratione
1934 1207 2008 1256 vero
2027 1185 2229 1276 privationis
2263 1183 2445 1252 tantillam·

1488 1315 1551 1362 non
1574 1303 1623 1364 θεῖ
1644 1297 1816 1372 connexio,
1836 1295 1893 1362 sed
1916 1315 2025 1362 eorum
2050 1295 2223 1372 distinctio,
2240 1291 2315 1378 quia
2329 1309 2445 1358 unuln·

1488 1405 1636 1488 qnodque
1659 1403 1769 1468 vitium
1793 1401 1952 1486 propriam
1975 1401 2078 1486 privat
2094 1403 2297 1468 habilitatem.
2317 1399 2444 1464 Ratione

1489 1507 1590 1586 tertii,
1607 1507 1722 1574 scilicet
1748 1507 1970 1570 inclinationis
1994 1507 2040 1572 aci
2060 1517 2190 1588 cattam,
2205 1525 2267 1574 non
2284 1511 2331 1572 θεῖ
2346 1505 2445 1570 omni-

1489 1613 1580 1678 moda
1601 1611 1759 1678 distinctio
1780 1627 1838 1676 nea
1861 1611 2037 1678 omnimoda
2060 1615 2231 1692 connexio,
2249 1631 2306 1678 nec
2326 1611 2359 1678 in
2375 1611 2444 1696 qui-

1488 1717 1620 1784 busdam
1643 1733 1743 1780 unum
1766 1715 1893 1780 inclinat
1916 1715 1955 1780 ad
1977 1717 2130 1796 alterum,
2145 1717 2178 1784 in
2194 1717 2380 1802 quibusdam
2397 1717 2444 1782 in-

1489 1819 1582 1886 clinat
1604 1819 1788 1904 aliquando,
1814 1817 1893 1886 sicut
1916 1825 2079 1902 peccatum
2106 1823 2197 1906 gulae
2219 1821 2259 1888 ad
2283 1827 2442 1904 peccatum

1488 1925 1653 2006 luxuriae,
1678 1923 1821 1992 similiter
1843 1925 1875 2002 in
1898 1925 2116 2010 spiritualibus
2144 1925 2295 2012 superbia
2323 1927 2364 1990 ad
2396 1927 2442 1990 in-.

1488 2029 1613 2108 vidiam.

1577 2137 1629 2204 Est
1652 2137 1766 2206 iterum
1791 2137 1878 2222 loqui
1900 2137 1939 2206 de
1961 2137 2095 2224 peccatis
2119 2143 2271 2224 qnantum
2304 2137 2342 2204 ad
2366 2137 2443 2206 obti—
2458 2127 2614 2190 luebunt—

1485 2243 1653 2328 potionem
1673 2263 1816 2330 poenae,
1839 2251 1871 2312 et
1894 2245 1938 2312 sic
1960 2245 2099 2330 obligant
2122 2245 2161 2310 ad
2183 2243 2338 2330 duplicem
2370 2263 2442 2330 poe-

1487 2367 1579 2428 nam,
1602 2349 1719 2416 scilicet
1743 2351 1897 2418 carentiae
1932 2351 2061 2418 visionis
2093 2357 2125 2416 et
2146 2349 2325 2418 acerbitatis
2353 2349 2440 2434 ignis.

1488 2453 1647 2536 Quantum
1670 2455 1709 2522 ad
1727 2455 1881 2542 primam
1901 2462 1950 2524 est
1972 2455 2145 2536 connexio,
2162 2455 2238 2542 quia
2252 2455 2308 2538 qni
2330 2453 2364 2520 in
2378 2473 2442 2520 utto

1488 2565 1616 2644 peccato
1637 2569 1745 2644 peccat
1767 2561 1882 2626 amittit
1903 2563 2034 2646 gloriam
2059 2561 2194 2628 debitam
2217 2561 2364 2630 omnibus
2379 2561 2442 2626 vic-

1380 2665 1382 2668 ’
1489 2665 1619 2732 tutibus.
1643 2667 1802 2750 Quantum
1824 2673 1929 2734 autem
1951 2667 1991 2732 ad
2012 2669 2193 2760 secandam
2214 2685 2276 2734 non
2301 2673 2347 2734 est
2371 2685 2442 2734 coia-

1487 2769 1596 2848 nexio,
1622 2771 1674 2838 sed
1697 2769 1873 2850 distinctio,
1892 2771 1967 2854 quia
1989 2773 2160 2858 unicuique
2184 2773 2351 2860 respondet
2371 2789 2442 2856 pro-

1488 2875 1557 2960 pria
1579 2875 1742 2944 acerbitas.
1765 2913 1811 2924 --
1832 2875 1916 2942 lstud
1940 2893 2015 2962 ergo
2038 2879 2171 2944 verbum
2189 2877 2388 2944 Ecclesiastae
2412 2887 2442 2944 θῖ

1487 2983 1569 3048 beati
1592 2983 1692 3050 lasabi
1715 2981 1899 3066 intelligitur
1924 2989 2076 3068 qnantum
2092 2983 2131 3050 ad
2150 2983 2348 3052 amissionem
2372 3003 2441 3070 gra-

1487 3087 1548 3154 tiae
1571 3095 1601 3154 et
1625 3087 1741 3172 gloriae
1754 3087 1774 3152 ¹.

1578 3197 1605 3258 l.
1631 3193 1718 3278 Qtaod
1742 3193 1838 3278 igitur
1870 3193 2030 3274 obiicitur,
2060 3194 2144 3280 quod
2179 3195 2310 3280 punitur
2344 3215 2440 3280 supra
2455 3205 2610 3262 Adtollu-

1487 3301 1692 3384 condignnm;
1715 3301 1803 3378 dico,
1826 3301 1911 3386 quod
1934 3301 2047 3368 falsum
2070 3309 2134 3382 est,
2159 3303 2234 3388 quia
2255 3301 2310 3386 qui
2333 3309 2441 3388 peccat

1486 3405 1517 3472 in
1541 3425 1605 3472 nno
1628 3413 1701 3472 actu
1723 3413 1830 3492 peccat
1845 3415 1954 3474 contra
1970 3409 2102 3494 gratiam
2120 3409 2258 3476 omnium
2274 3409 2439 3488 virtutum,

1486 3517 1518 3578 θῖ
1539 3511 1608 3580 ideo
1633 3519 1731 3580 totum
1755 3519 1895 3580 meretur
1919 3515 2071 3582 amittere.

1576 3619 1614 3686 Si
1635 3619 1775 3706 spiritns
1796 3625 1985 3704 potestatem
2018 3619 2177 3688 babeatis.
2200 3623 2373 3690 Praemissa
2394 3629 2441 3688 est
2456 3629 2487 3672 ⁰³
2501 3627 2520 3672 3·
2537 3631 2611 3682 turb⁵¹

1486 3745 1583 3810 supra
1620 3727 1767 3810 sapientis
1806 3725 1962 3810 despectio
1997 3733 2027 3794 et
2061 3735 2189 3796 econtra
2222 3727 2321 3814 ipsius
2360 3729 2441 3796 iusta
2483 3723 2484 3726 ’

1485 3831 1726 3910 commendatio;
1751 3831 1953 3918 subiungitur
1977 3833 2026 3898 hic
2052 3835 2142 3902 tertio
2165 3835 2343 3902 stallorum
2363 3853 2440 3922 pro-

1484 3937 1593 4004 motio.
1620 3939 1653 4004 Εῖ
1677 3939 1752 4024 quia
1773 3938 1923 4024 praelatio
1946 3943 2117 4008 stultorum
2139 3949 2187 4008 est
2201 3959 2351 4020 onerosa,
2373 3943 2440 4008 ideo
2460 3947 2565 4042 quggfr

1485 4045 1697 4128 praemittitur
1730 4045 1911 4132 patientioe
1948 4057 2145 4126 ornvotaro,
2171 4055 2201 4116 et
2240 4047 2463 4132 subiungitur

1484 4151 1663 4218 stultorum
1690 4151 1854 4240 praelatio
1885 4153 2094 4234 inordinata,
2120 4155 2178 4222 ibi:
2213 4159 2271 4222 Εεῖ
2294 4155 2439 4232 mainan,

1484 4257 1573 4346 qaod
1593 4257 1665 4324 nidi
1687 4263 1745 4324 etc.

1574 4363 1674 4450 (Vers.
1698 4365 1754 4450 la).
1779 4365 1993 4432 praemittitur
2015 4385 2090 4452 ergo
2122 4367 2302 4454 patientiae
2323 4387 2439 4434 arma·
2454 4369 2611 4468 fflfflgib

1485 4475 1583 4548 tarn,
1616 4477 1871 4554 propterquam
1903 4471 2079 4540 habendam
2114 4473 2202 4540 dicit:
2229 4473 2266 4540 Si
2300 4471 2439 4558 spiritns
2459 4477 2491 4522 ¹³0
2504 4477 2582 4532 rim·

1481 4581 1671 4658 potestatem
1695 4573 1860 4656 babeatis,
1884 4577 1915 4644 id
1940 4585 1986 4644 est
2015 4577 2106 4644 furor
2129 4579 2276 4662 praelati;
2301 4575 2440 4664 spiritns

1452 4677 1453 4682 ’
1484 4681 1568 4746 enim
1597 4677 1689 4748 furor
1709 4681 1826 4750 dicitur
1850 4683 1944 4750 lsaiae
1967 4683 2104 4752 secundo
2118 4685 2163 4750 ¹⁰:
2192 4683 2379 4768 «Quiescite
2401 4685 2441 4750 ab

1485 4787 1624 4866 homine,
1648 4789 1739 4854 cuius
1762 4789 1891 4870 spiritus
1926 4789 1956 4854 in
1982 4789 2112 4872 naribus
2133 4789 2201 4858 eius
2216 4815 2248 4870 »;
2271 4789 2356 4857 tertii
2384 4791 2440 4858 lle-

1484 4909 1560 4978 gnm
1582 4891 1702 4960 decimo
1725 4909 1822 4960 nouo:
1851 4921 1868 4952 s
1883 4895 2018 4978 Spiritus
2033 4895 2159 4980 grandis
2183 4903 2213 4962 et
2237 4895 2342 4976 lortiS,
2368 4897 2440 4962 sub-

1484 5003 1611 5064 vertens
1634 5005 1755 5066 montes
1777 5003 1809 5064 θῖ
1832 5005 2025 5066 conterens»
2048 5007 2105 5068 etc.
2126 4999 2319 5068 'ascenderit
2340 5021 2441 5088 snper

1485 5113 1527 5182 te,
1541 5103 1580 5170 aa
1602 5103 1842 5190 opprimendum
1860 5105 1994 5186 scilicet;
2010 5107 2156 5174 leremiae
2173 5113 2303 5194 quarto:
2325 5109 2439 5188 «Ecce,

1484 5209 1573 5296 quasi
1607 5209 1708 5278 nubes
1742 5211 1903 5290 ascendet,
1940 5217 1971 5296 et
2001 5213 2091 5298 quasi
2123 5221 2290 5299 tempestas
2324 5231 2440 5282 currus

1484 5311 1570 5396 eius;
1594 5335 1650 5384 vae
1682 5315 1784 5394 nobis,
1817 5317 1963 5402 quoniam
1983 5319 2106 5386 ‘vastati
2137 5337 2247 5386 sumus
2263 5347 2294 5386 ».
2318 5321 2440 5386 Locum

1484 5429 1578 5488 tnnm
1601 5443 1642 5488 ne
1664 5423 1849 5502 dimiseris,
1874 5423 1904 5488 id
1928 5431 1975 5490 θεῖ
1998 5425 2101 5492 locum
2125 5425 2291 5510 patientiae
2313 5429 2345 5490 et
2368 5443 2440 5490 con-

1484 5529 1632 5610 stantiae,
1655 5527 1695 5598 in‘
1710 5547 1774 5618 quo
1797 5529 1899 5596 anima
1935 5531 2142 5616 conquiescit,
2167 5529 2340 5598 secuudum
2365 5531 2440 5596 illud

1484 5631 1752 5722 tucaavigasino
1765 5635 1869 5720 primo
1883 5637 1926 5702 ¹¹:
1944 5663 1959 5694 ε
1972 5637 2004 5702 ln
2020 5637 2169 5722 patientia
2184 5641 2289 5704 vestra
2304 5635 2440 5722 posside-

1451 6023 1455 6076 t
1556 6017 1703 6082 ⁸Aristot.,
1722 6023 1751 6074 ll.
1774 6021 1854 6072 Etbic.
1874 6035 1895 6072 a.
1916 6021 1940 6088 l,
1958 6033 2040 6084 egens
2064 6019 2097 6072 de
2123 6019 2217 6074 virtute
2243 6021 2347 6086 morali,
2372 6037 2439 6088 quoe

1488 6129 1501 6154 s
1514 6121 1545 6160 ex
1564 6123 1650 6172 more,
1670 6109 1695 6164 id
1715 6115 1754 6162 est
1771 6109 1939 6160 assuetudine
1956 6109 2134 6174 acquiritur»,
2152 6111 2277 6172 ostendit,
2291 6111 2375 6176 ipsam
2386 6127 2439 6164 non

1485 6201 1609 6248 anatona
1629 6195 1704 6250 nobis
1722 6211 1780 6250 esse
1799 6195 1917 6262 insitam,
1936 6211 2019 6262 troque
2039 6211 2096 6250 θεεθ
2121 6205 2223 6262 praeter
2241 6205 2375 6266 naturam,
2393 6201 2439 6252 secl

1484 6285 1705 6338 accusaretudine
1724 6283 1911 6338 electionibus
1929 6285 2022 6338 nostris
2042 6285 2114 6340 oriri.
2132 6289 2169 6340 De
2187 6287 2325 6342 virtutibus
2338 6287 2441 6356 protat-

1484 6369 1518 6424 tit
1537 6373 1693 6436 tenendum,
1710 6373 1782 6442 quod
1810 6373 1881 6438 ipsae
1898 6387 1959 6424 cum
1987 6375 2067 6438 gratia
2087 6375 2165 6428 simul
2189 6375 2373 6442 intunduntur3
2390 6377 2436 6426 θῖθ.
2507 6435 2508 6440 ¹

1485 6461 1523 6512 lll.
1542 6461 1614 6514 Sent.
1628 6463 1656 6514 d.
1679 6463 1718 6514 36.
1739 6477 1767 6530 q.
1785 6463 1812 6514 ῖ.
2171 6471 2174 6478 ’

1557 6545 1653 6604 ⁹Vide
1672 6552 1708 6605 ttl.
1727 6555 1800 6606 Seut.
1818 6551 1844 6604 d.
1864 6547 1906 6604 36.
1926 6567 1952 6620 q.
1971 6553 1998 6606 l.

1558 6633 1578 6666 ¹⁰
1598 6639 1673 6692 Vera
1692 6643 1735 6694 22.
1754 6665 1788 6678 -
1808 6641 2083 6706 sompniantium.
2106 6643 2151 6708 tlt,
2174 6643 2215 6696 vt.
2234 6647 2259 6692 et
2277 6641 2323 6692 ler.
2343 6637 2373 6700 i,
2393 6637 2439 6690 t3.

1486 6729 1546 6778 Post
1564 6739 1664 6780 carras
1682 6727 1739 6784 aias
1758 6729 1869 6792 Vulgata
1887 6729 1961 6782 addit
1979 6727 2122 6784 velociores
2139 6727 2238 6798 aquiiis
2256 6727 2319 6796 eqni
2335 6725 2418 6778 illias.

1557 6811 1578 6844 ¹¹
1598 6817 1674 6868 Vers.
1693 6819 1735 6870 ta.
1748 6845 1782 6858 -
1796 6821 1856 6884 Seq.
1875 6819 1948 6872 locus
1965 6825 2004 6872 est
2022 6823 2041 6872 l.
2061 6821 2127 6872 Petr.
2139 6821 2169 6882 2,
2183 6819 2225 6870 ts.
2238 6823 2262 6868 et
2277 6817 2324 6868 ln:
2337 6815 2439 6868 Servi...

1486 6903 1615 6968 dominis,
1634 6919 1685 6958 non
1703 6913 1805 6958 tantum
1823 6905 1898 6958 bonis
1916 6913 1943 6960 et
1959 6907 2100 6974 modestis,
2120 6909 2167 6958 sed
2184 6907 2261 6959 etiam
2274 6906 2378 6958 discolis
2389 6911 2440 6958 etc.
