5908 8266
529 559 590 624 lta

524 737 771 822 praesuirentes
800 733 935 814 hubent,
968 735 1008 828 td,
1030 743 1078 802 θεῖ
1106 735 1292 820 acquirunt3
1330 735 1478 802 utossa1:

532 841 645 908 «Nihil
667 841 770 918 iners,
791 839 870 906 nibil
905 840 1094 908 desidiosum
1126 841 1155 904 in
1193 841 1341 924 operibus
1364 841 1433 908 eius
1451 869 1478 908 a.

429 953 431 958 '
518 945 735 1012 ¹Sobrietatem
765 945 851 1012 etaim
874 951 949 1026 etc.;
968 947 1105 1012 'Glossa
1139 973 1152 1004 c
1168 945 1311 1030 Quatuor
1346 947 1479 1014 virtutes

526 1049 713 1136 principales
732 1049 822 1134 ponit
838 1073 867 1114 »ε
892 1051 1116 1130 sobrietatem,
1148 1051 1209 1118 vid
1231 1057 1279 1120 est
1302 1057 1479 1138 temporan-

525 1157 622 1224 tiam²
637 1183 668 1236 »,
692 1157 723 1222 in
746 1157 885 1224 cavendo
906 1159 1104 1242 superlluum
1130 1159 1262 1240 malum;
1285 1159 1366 1226 inira
1384 1179 1478 1226 nono:

530 1289 543 1322 c
559 1263 699 1332 Deducat
722 1281 772 1330 me
794 1263 827 1330 in
849 1263 998 1348 oporibus
1020 1265 1095 1332 meis
1118 1265 1222 1334 sobrie
1237 1261 1271 1348 »;'
1292 1273 1323 1332 et
1347 1267 1479 1354 sopien-

525 1369 630 1436 tton³
656 1369 762 1448 docet,
785 1371 817 1436 in
841 1369 1043 1462 discernendo
1068 1379 1097 1440 et
1121 1373 1275 1458 diligendo
1298 1375 1435 1454 bonum;
1452 1379 1479 1438 et

524 1475 702 1556 iustitium,
719 1477 749 1540 in
769 1477 922 1544 reddendo
944 1477 1099 1558 debitom;
1117 1485 1148 1546 et
1162 1479 1336 1558 uirtutem,
1355 1507 1372 1538 (ι
1385 1477 1412 1544 id
1433 1481 1479 1546 est

493 1663 494 1666 Ἴ
523 1581 809 1660 tortitudinem4»,
828 1583 876 1648 cui
902 1583 1000 1670 magis
1023 1585 1166 1654 convenit
1192 1603 1304 1652 nonren
1325 1585 1477 1662 uirtutis,

522 1687 609 1774 quasi
635 1687 664 1754 vi
689 1687 804 1756 tuentis
829 1689 859 1756 in
886 1691 1068 1760 sustinendo
1083 1691 1255 1760 difficilest
1270 1689 1476 1776 aggrediendo

523 1793 666 1858 miluum.
692 1795 735 1860 De
759 1793 924 1864 histribus
944 1795 1360 1866 1Ρῖθῖθθῖῖῖοθθθῖοθῖθνοὸε
1385 1821 1399 1852 «
1412 1797 1477 1886 llea

521 1903 567 1966 est
589 1899 743 1984 aequitas,
769 1907 838 1970 mea
859 1911 906 1970 est
929 1905 1109 1990 prudentia,
1127 1921 1197 1968 mea
1219 1909 1267 1968 est
1280 1897 1433 1968 tortitudo
1446 1927 1475 1982 »3

520 2001 645 2074 Glossai
665 2035 680 2066 «
699 2009 756 2074 llas
773 2009 906 2078 virtutes
920 2011 1029 2078 nullus
1044 2007 1170 2088 habuit,
1190 2007 1249 2074 nisi
1265 2007 1316 2074 cui
1336 2007 1476 2076 omnium

522 2109 672 2180 virtutum
699 2113 798 2200 origo,
818 2117 917 2194 Deus,
935 2115 1081 2196 contulit,
1097 2131 1298 2202 qrvooumque
1323 2121 1476 2200 tempore,

521 2237 720 2304 quacumque
743 2221 829 2306 lege,
851 2239 1053 2308 quacumque
1078 2227 1177 2308 gente.
1211 2221 1342 2306 Quidam
1375 2231 1476 2288 tauron

447 2413 449 2416 Ι
522 2325 655 2408 speciem
677 2327 800 2410 pietatis
825 2327 973 2394 habentes
997 2327 1148 2392 virtutem
1169 2323 1443 2416 ignoraverunt».

609 2431 667 2498 Sed
692 2431 836 2516 nunquid
858 2429 1037 2516 philosophi
1053 2433 1203 2498 virtutem
1220 2431 1426 2498 habuerunt?
1443 2431 1478 2496 Et

363 2551 499 2608 clausas.
521 2539 662 2616 videtur,
695 2539 777 2624 quod
800 2537 860 2616 sio;
887 2537 975 2622 quia,
1007 2537 1177 2604 secundum
1211 2537 1477 2620 Philosophuml,

521 2643 621 2710 virtus
646 2643 780 2710 habetur
803 2659 859 2728 per
885 2641 1131 2728 acquisitionem.
1178 2665 1184 2668 ·

606 2747 796 2826 Dicendum,
824 2745 906 2832 orrod
929 2767 991 2814 non
1016 2749 1199 2814 habuerunt
1219 2747 1353 2814 virtutes
1376 2749 1476 2834 perle-

433 2869 499 2926 θεν·
521 2863 600 2934 θῖθε,
623 2853 676 2920 sed
702 2854 913 2938 imperfectas,
939 2853 1014 2940 quia
1035 2855 1101 2920 sine
1128 2855 1240 2920 vnerito
1263 2861 1293 2920 et
1318 2853 1475 2920 informes.

520 2963 576 3028 Vel
597 2961 779 3028 habuerunt
802 2977 854 3028 aas
878 2979 896 3026 a
917 2959 981 3028 Deo
1007 2977 1062 3046 per
1085 2959 1215 3046 gratiam
1241 2961 1338 3046 gratis
1361 2961 1475 3040 datam,

519 3067 590 3134 licet
611 3083 674 3132 nori
700 3063 908 3150 pergratiam
933 3073 1059 3152 gratum
1082 3065 1247 3132 facientem
1261 3067 1281 3130 l.

500 3195 502 3198 ·
607 3171 733 3256 Quibus
755 3163 841 3238 'nint
863 3179 909 3238 ast
930 3171 1046 3240 utilius
1072 3173 1105 3238 in
1122 3171 1192 3250 citu
1214 3169 1418 3252 horninibus,
1444 3173 1473 3238 id

518 3283 564 3346 θεῖ
588 3279 615 3344 ῖθ
643 3279 707 3346 vita
728 3278 867 3372 humana
884 3277 1018 3346 hominis
1040 3279 1081 3346 ad
1103 3277 1272 3346 hominem.

604 3383 663 3452 Sed
687 3383 832 3470 nunquid
853 3383 1043 3482 theologicae
1069 3385 1202 3452 virtutes
1235 3381 1378 3450 utiliores
1400 3391 1474 3450 sunt

359 3491 734 3566 mmuffiffll

604 3599 794 3676 Dicendum,
820 3597 921 3684 quod,
947 3599 1027 3666 sicut
1051 3605 1167 3666 tactum
1193 3603 1254 3676 θεῖ,
1277 3597 1419 3684 loquitur
1436 3599 1473 3666 de

431 3719 497 3774 tuso·
518 3703 582 3772 vita
602 3705 741 3772 humana
764 3703 900 3772 hominis
920 3703 955 3772 in
977 3703 1209 3790 comparatione
1232 3703 1271 3770 ad
1295 3705 1473 3784 homiuem,

517 3829 580 3880 non
602 3811 642 3876 ad
663 3811 783 3890 Deum,
808 3811 957 3897 quoniam
978 3811 1221 3896 praesupponit;
1240 3811 1410 3878 bisantem
1427 3811 1474 3876 ni-

518 3917 561 3984 hil
586 3921 633 3984 ast
655 3915 765 3984 utilius
786 3915 984 3996 bominibus,
1010 3915 1083 4000 quia
1105 3915 1275 4002 proliciunt
1299 3915 1417 3984 homini
1443 3917 1472 3982 in

518 4023 645 4110 wando
667 4031 699 4090 θῖ
725 4021 758 4088 in
780 4021 957 4108 potiendo:
983 4015 1020 4090 in
1048 4023 1195 4110 aperitin,
1217 4021 1293 4108 quia
1316 4039 1374 4108 per
1396 4041 1473 4108 pru-

518 4129 653 4198 dentiam
677 4135 723 4196 θεῖ
747 4121 939 4214 agendorum
974 4135 1062 4196 rocla
1091 4129 1216 4208 electio,
1242 4147 1298 4214 per
1322 4129 1471 4196 iustitiam

473 4287 474 4292 1
518 4243 600 4300 rocta
624 4233 805 4312 eusectctio;
830 4235 859 4300 in
879 4235 1054 4318 potiendo,
1072 4235 1146 4320 quia
1160 4239 1217 4318 per
1235 4233 1472 4318 temperantiam

517 4347 600 4408 recte
624 4357 681 4406 uos
706 4339 858 4404 hahemus
882 4339 919 4404 ad
944 4339 1102 4424 passiones
1126 4337 1320 4416 rreulcebres,
1336 4357 1393 4422 per
1408 4335 1472 4402 for-

518 4445 681 4512 titudinem
705 4443 742 4510 ad
767 4443 924 4528 passiones
942 4443 1128 4510 tristchiles.
1144 4441 1214 4510 ldeo
1229 4441 1306 4508 dicit
1321 4425 1428 4508 Glos‘sa
1441 4441 1470 4506 8:

521 4579 536 4612 «
551 4551 609 4636 Qui
637 4555 814 4638 temperans
830 4557 891 4630 θεῖ,
905 4549 1045 4634 prudens
1063 4559 1091 4638 et
1107 4549 1197 4616 lortis
1211 4555 1245 4616 et
1259 4549 1373 4630 iustus,
1395 4549 1471 4634 quid

516 4657 558 4724 illi
582 4657 667 4726 deest
680 4665 714 4724 »t
1301 4705 1303 4708 -

603 4765 705 4848 (Vers.
728 4765 783 4848 8.).
821 4765 846 4830 Ε
888 4763 919 4828 si
946 4763 1193 4830 multitudinem
1220 4761 1377 4828 scientiae
1410 4769 1468 4830 etc.

390 4891 499 4948 Quartum.
516 4871 615 4956 Aliqui
629 4871 642 4912 ⁹
659 4871 788 4938 hahent:
807 4873 845 4936 dc
869 4867 1119 4936 similitudinarie
1133 4867 1308 4948 scientiae,
1325 4867 1380 4936 sed
1393 4867 1471 4936 falsa

515 4985 561 5046 θεῖ
584 4977 687 5044 littera
718 4975 788 5056 illa,
823 4975 965 5062 quamvis
1001 4991 1148 5062 praesens
1184 4973 1314 5042 scientia
1334 4973 1470 5040 hominis

363 5101 494 5146 nonnula.
514 5083 611 5170 magis
636 5083 730 5168 possit
762 5083 822 5150 dici
850 5081 1032 5150 similitudo
1056 5079 1209 5148 scientius
1241 5097 1335 5166 quam
1367 5079 1470 5146 scien-

587 5501 595 5532 ¹
615 5505 714 5568 Nempe
733 5501 888 5568 ordinario,
906 5507 993 5556 sumta
1020 5517 1051 5556 ex
1078 5503 1201 5570 llabano,
1222 5503 1371 5556 secundum
1389 5517 1470 5570 quem

515 5597 552 5646 θεῖ
572 5591 648 5646 etiam
668 5605 722 5658 seq.
743 5593 832 5644 Glossa
850 5589 1041 5644 interlinearis.

584 5677 594 5710 ²
614 5683 647 5734 Ut
663 5681 700 5734 att
716 5681 807 5734 Glossa
827 5677 1014 5734 interlinearis.
1034 5679 1209 5746 ——Sequitur
1229 5683 1291 5746 Sap.
1311 5683 1338 5742 9,
1361 5681 1401 5732 tl.

584 5767 594 5798 ³
615 5773 650 5822 lta
669 5771 747 5824 etiam
767 5769 906 5834 Rabanus;
927 5769 1036 5832 Vulgata
1053 5767 1238 5836 praeduratum.

584 5857 594 5888 ⁴
613 5861 649 5912 Ex
672 5861 763 5912 Glosse
786 5857 963 5914 interlineari.
989 5857 1092 5922 Cicero,
1114 5857 1140 5908 ll.
1160 5857 1266 5908 Tuscul.
1285 5857 1358 5920 hisp.
1378 5871 1400 5908 c.
1421 5857 1470 5910 l8:

514 5948 648 6014 Appellato
666 5953 706 6000 θεῖ
722 5947 792 5998 enim
813 5961 842 5998 er
861 5947 918 5998 viro
939 5943 1042 6010 cir·lus,·
1056 5943 1104 5996 viri
1125 5947 1211 5996 autem
1232 5943 1337 6008 propria
1359 5943 1471 5996 maxime

515 6043 552 6090 θεῖ
572 6035 709 6100 tortitudo,
727 6035 804 6088 cuivis
824 6047 931 6088 anunera
956 6033 1010 6086 duo
1030 6037 1091 6084 sunt
1109 6031 1238 6096 maxima,
1256 6031 1347 6082 mortis
1367 6031 1472 6084 doloris·

515 6121 824 6192 qoecorrtemptio.l31'r.
844 6133 925 6186 supra
944 6135 1005 6186 pag.
1024 6119 1073 6184 78,
1094 6123 1153 6174 note
1174 6121 1198 6172 6.

584 6211 594 6242 ⁵
614 6211 754 6266 Verssti,
771 6239 807 6250 -
827 6211 949 6278 Sequitur
966 6211 1056 6262 Glossa
1080 6205 1224 6262 ordinario
1249 6221 1277 6258 er
1305 6203 1428 6262 sabano,
1446 6205 1471 6256 in

515 6303 588 6356 cuius
605 6301 657 6356 line
677 6303 801 6366 allegatur
827 6301 853 6352 tt.
875 6299 942 6352 Tim.
960 6299 992 6366 3,
1011 6301 1043 6352 b:
1061 6297 1192 6352 Habentes
1218 6295 1334 6362 speciem
1364 6293 1470 6362 quidem

514 6389 771 6456 pietatiS,v1rtutem
790 6391 879 6441 avitam
898 6385 954 6440 eius
972 6385 1143 6454 abnegantes.

584 6475 684 6532 ⁶Libr.
702 6479 728 6530 ll.
749 6475 829 6528 Ethio.
847 6489 873 6528 c.
894 6475 919 6526 l.
938 6489 1011 6544 seqq.
1034 6475 1087 6530 Cir.
1112 6487 1192 6538 supra
1215 6487 1277 6538 pag.
1298 6473 1346 6536 80,
1367 6475 1427 6526 nota
1445 6469 1470 6522 8.

584 6565 593 6596 ²
613 6567 664 6622 Cir.
686 6569 721 6620 lll.
742 6569 812 6620 Sent.
830 6565 856 6618 d.
876 6565 917 6618 33.
938 6581 964 6632 q.
983 6565 1010 6618 5.

583 6649 594 6682 ⁸
614 6655 714 6708 Scilicet
733 6653 876 6708 ordirmriu
893 6669 924 6706 ex
944 6655 1061 6708 liabeno.
1079 6683 1116 6696 -
1133 6655 1172 6706 bo
1196 6653 1319 6718 passione
1341 6647 1474 6706 mulcebri

515 6743 558 6792 otr.
579 6745 642 6794 torn.
663 6745 785 6808 lupae.
808 6743 1092 6810 1l37,nota6;etde
1118 6741 1224 6796 obiectis
1253 6747 1367 6810 qvvatoor
1393 6739 1473 6792 virtu·

515 6833 570 6880 turn
587 6827 650 6880 vide
668 6831 707 6882 lll.
725 6831 795 6882 Sent
817 6831 840 6884 d.
862 6833 903 6884 33.
923 6847 949 6898 q.
968 6831 994 6884 d.

583 6911 594 6942 ⁹
614 6917 646 6968 Ut
662 6913 734 6968 eard.
755 6919 839 6982 Hogo.

1196 559 1389 626 conturbor.
1412 561 1450 628 ΙΝ
1472 561 1746 628 sitriensibus.
1771 563 1841 628 Vlll.

1544 737 1608 816 cio,
1623 739 1707 824 ,quia
1728 739 1845 804 multae
1869 739 2018 806 dubietati
2043 745 2074 806 θῖ
2096 739 2212 806 multae
2242 741 2434 826 ignorantiae
2454 750 2502 808 est
2570 795 2571 798 ,

1543 845 1711 928 permixta.
1738 845 1776 910 S'
1799 843 2059 924 multitudinem,
2075 847 2221 932 inquam,
2246 847 2418 924 scientiae,
2442 847 2502 914 sci-

1545 949 1617 1014 licet
1631 949 1846 1034 speculativae,
1865 949 2028 1018 elucidaret
2044 951 2130 1040 puis,
2146 951 2320 1018 secundum
2334 951 2412 1018 illud
2432 953 2515 1018 Phi-v

1544 1053 1664 1138 losophi
1681 1057 1722 1120 ¹⁰:
1744 1055 1887 1122 «Omnes
1901 1055 2044 1124 homines
2060 1063 2175 1124 natura
2187 1057 2265 1124 scire
2277 1057 2454 1124 desiderant
2468 1083 2499 1138 »ς

1543 1159 1606 1228 scit
1626 1159 1828 1246 praeterito,
1845 1159 1962 1228 scilicet
1979 1163 2130 1248 sapientia
2151 1161 2234 1248 ipsa,
2257 1169 2286 1228 et
2309 1163 2346 1228 de
2369 1161 2499 1248 futuris

1543 1267 1706 1346 destinant,
1730 1267 2010 1350 certitudinaliter,
2025 1287 2097 1336 cum
2116 1269 2298 1336 tamensim
2320 1269 2442 1336 occulta
2456 1275 2499 1336 ex

1542 1371 1717 1438 conditione
1743 1373 1901 1458 temporie,
1919 1373 1995 1460 quia
2009 1377 2179 1462 praeterita
2201 1375 2262 1442 iam
2288 1375 2499 1456 transierunt,

1541 1477 1650 1544 futura
1673 1495 1750 1544 varo
1772 1479 1910 1546 nondum
1936 1489 2118 1548 evenerunt.
2135 1483 2217 1562 Seii,
2237 1483 2379 1568 inquam
2398 1501 2500 1566 proe-

1543 1581 1640 1648 terito
1662 1589 1737 1662 etc.;
1762 1585 1843 1650 unde
1868 1585 2046 1670 peripsam
2070 1587 2199 1656 edoctus
2221 1591 2340 1672 Moyses
2364 1586 2499 1672 prophe-

1543 1687 1620 1754 tavit
1635 1687 1672 1754 de
1685 1689 1895 1774 praeteritis:
1918 1685 2045 1756 Genesis
2067 1691 2169 1774 primo
2184 1693 2225 1756 ²¹:
2255 1719 2270 1750 «
2288 1693 2319 1758 ln
2343 1691 2498 1778 principio

1541 1795 1659 1860 creavit
1683 1795 1767 1862 Deus
1790 1795 1910 1864 caelum
1943 1799 1973 1862 et
1998 1801 2116 1862 terram
2131 1819 2162 1876 »;
2194 1797 2267 1864 item
2292 1799 2329 1864 de
2352 1795 2496 1884 futuris,

1540 1903 1773 1968 Deuteronomii
1803 1903 1923 1970 decimo
1952 1907 2079 1968 octavo:
2120 1903 2334 1986 «prophetam
2367 1903 2497 1970 suscita-

1541 2005 1586 2074 bit
1608 2007 1762 2074 Donrinus
1776 2007 1816 2076 de
1831 2013 1923 2092 gente
1940 2013 1995 2072 tua
2016 2013 2049 2074 et
2069 2005 2108 2098 de
2129 2005 2279 2074 iratribus
2301 2007 2404 2074 tuis».
2432 2007 2499 2074 Scit

1540 2115 1706 2182 versutius
1729 2133 1937 2194 sermonum,
1960 2111 2065 2182 idest
2093 2113 2282 2198 simplicium
2314 2113 2496 2200 propositio·

1540 2239 1631 2300 num,
1650 2227 1688 2288 ut
1709 2221 1938 2308 aenigmatum,
1961 2221 2115 2288 obscuras
2136 2221 2285 2298 astutias,
2303 2239 2361 2286 nec
2375 2225 2497 2288 tantum

1541 2329 1729 2412 simplicium
1765 2329 2012 2414 propositionum
2052 2327 2221 2406 versutias,
2258 2325 2312 2392 sed
2338 2333 2376 2398 ,et
2411 2345 2499 2394 com-w

1541 2433 1731 2518 positarum;
1756 2421 1837 2504 unde
1871 2435 2031 2520 sequitur:
2064 2437 2105 2500 lit
2134 2433 2364 2502 dissolutiones
2391 2449 2496 2518 orpra-

1541 2547 1738 2618 cnontorrun,
1763 2541 1792 2608 id
1817 2547 1863 2608 est
1893 2541 2187 2622 ratiocinationum,
2210 2557 2292 2626 quae
2325 2544 2430 2606 tamen
2451 2539 2496 2606 la-

1541 2649 1607 2710 tent
1631 2661 1671 2710 ex
1695 2645 1899 2730 perplexione
1932 2647 2086 2712 humanae
2119 2645 2310 2726 calliditatis3
2347 2645 2496 2714 Ecclesia-

1541 2749 1611 2816 stlci
1645 2749 1807 2834 trigesimo
1829 2749 1971 2814 nono12:
2003 2749 2163 2816 «Occulta
2193 2749 2361 2834 proverbia
2381 2751 2495 2836 exqui-

1542 2861 1589 2920 ret
1601 2881 1634 2934 »,
1650 2851 1767 2920 scilicet
1783 2853 1921 2938 sapiens,
1943 2859 2003 2920 «et
2018 2851 2050 2918 in
2066 2853 2255 2920 absconditis
2274 2853 2494 2938 parabolarum

1540 2959 1822 3028 conversabitur».
1839 2959 1928 3026 Unde
1949 2957 2103 3038 Christus,
2132 2983 2147 3016 c
2165 2959 2196 3024 in
2221 2977 2284 3044 quo
2309 2967 2397 3026 erant
2428 2961 2495 3028 the-

1539 3065 1627 3130 sauri
1649 3065 1819 3150 sapientiae
1841 3071 1874 3130 ot
1895 3063 2043 3130 scientiae
2064 3063 2235 3132 absconditi
2251 3091 2283 3144 a,
2300 3065 2330 3130 in
2353 3083 2496 3132 sermone

1539 3169 1607 3256 capi
1631 3191 1694 3238 non
1715 3171 1833 3256 potuit,
1847 3176 1884 3238 ut
1907 3175 1992 3256 patet
2007 3169 2152 3246 lllatthaei
2170 3169 2317 3256 vigesimo
2340 3171 2494 3252 secundo;

1538 3283 1570 3344 et
1610 3277 1805 3346 Salomonem
1838 3277 1985 3344 edoctum
2019 3277 2172 3362 sapientia
2203 3277 2325 3344 nullum
2363 3277 2494 3344 verbum

1539 3381 1665 3466 reginae
1697 3383 1775 3450 Saba
1799 3385 1895 3448 latero
1931 3381 2050 3468 potuit,
2074 3391 2110 3448 ut
2139 3387 2226 3466 patet
2257 3381 2341 3456 tertii
2376 3385 2493 3468 Regum
2556 3381 2557 3384 ’

1537 3487 1667 3556 decimo.
1700 3487 1824 3576 Sipnu,
1848 3487 1965 3556 scilicet
1989 3487 2127 3568 minora,
2150 3507 2232 3574 quae
2254 3495 2379 3574 praeter
2403 3495 2494 3556 natu-

1537 3613 1608 3662 ram
1631 3595 1728 3674 fiunt,
1753 3601 1780 3662 et
1805 3601 1970 3672 nromtru,
2000 3613 2079 3681 quae
2112 3601 2220 3662 contra
2252 3601 2383 3664 naturae
2411 3613 2495 3664 com·

1536 3721 1664 3768 munem
1700 3719 1830 3768 cursum
1865 3701 1963 3778 dvrnt,
1997 3701 2076 3780 scit,
2115 3709 2293 3788 cntepnonc
2320 3701 2421 3784 dont,
2450 3701 2495 3768 lta

1537 3807 1632 3886 bene,
1652 3807 1736 3874 sicut
1759 3809 1884 3892 quando
1907 3807 1969 3874 iam
1997 3807 2076 3874 lacta
2106 3815 2193 3874 sunt.
2219 3809 2262 3874 De
2288 3807 2336 3874 his
2371 3799 2495 3876 duobus

1538 3915 1659 3982 loannis
1685 3919 1797 4000 quarto
1811 3915 1855 3980 1³:
1886 3913 1980 3982 «Nisi
2005 3913 2091 4000 signa
2123 3919 2154 3980 et
2177 3913 2314 4000 prodigia
2340 3913 2495 4016 videritis,

1536 4039 1599 4086 non
1624 4019 1750 4088 creditis
1764 4045 1796 4084 a.
1820 4019 1899 4088 llaec
1924 4027 2028 4086 autem
2054 4019 2195 4086 similiter
2219 4021 2340 4086 ocorrlta
2375 4021 2495 4088 ratione

1535 4125 1690 4192 naturalis
1718 4123 1928 4204 difficultatis,
1951 4123 2027 4210 quia
2058 4123 2296 4204 «miraculum,
2319 4125 2493 4192 secundum

1536 4229 1764 4312 Augustinum,
1797 4237 1842 4298 est
1878 4247 1957 4314 opus
1989 4231 2125 4298 arduum
2149 4237 2181 4298 et
2202 4229 2364 4298 insolitum
2397 4249 2495 4316 supra

1535 4353 1624 4422 spem
1646 4341 1679 4402 θῖ
1700 4335 1880 4404 facultatem
1903 4335 2084 4404 admirantis
2102 4363 2131 4402 ε).
2158 4339 2198 4402 bt
2221 4345 2352 4404 euentus
2375 4345 2493 4424 ternpo-

1535 4463 1632 4522 rurn,
1658 4443 1689 4510 id
1712 4449 1759 4510 est
1782 4461 1892 4510 eorum
1917 4461 1998 4528 quae
2020 4443 2171 4512 eveniunt
2192 4443 2380 4528 intempore
2403 4463 2494 4530 prae-

1535 4549 1632 4630 senti,
1655 4559 1686 4616 et
1706 4549 1937 4628 soeculorum,
1961 4549 1992 4614 id
2015 4555 2064 4616 θεῖ
2078 4549 2298 4634 sequentium,
2318 4567 2399 4636 quae
2423 4569 2493 4618 eve·

1535 4655 1628 4720 niunt
1649 4655 1683 4720 ln
1704 4655 1888 4722 aeternitate
1912 4661 1943 4722 θῖ
1965 4653 1998 4720 in
2020 4655 2138 4722 futuro.
2173 4657 2250 4724 llaec
2273 4661 2377 4726 θθῖθῖῖῖ
2402 4675 2494 4724 nosse

1533 4779 1596 4828 non
1621 4765 1668 4828 est
1691 4759 1839 4840 hominis;
1866 4759 1948 4828 unde
1979 4761 2113 4828 dotuum
2136 4761 2239 4846 primo
2250 4761 2295 4828 ¹4:
2324 4787 2341 4820 (ι
2358 4761 2424 4828 Non
2445 4769 2494 4828 est

1534 4873 1677 4934 vestrum
1707 4885 1800 4934 nosse
1829 4873 1972 4950 tempora
2003 4867 2053 4934 vel
2086 4875 2260 4948 momenta,
2294 4887 2373 4952 quae
2395 4853 2493 4936 'Pater

1534 4973 1639 5058 posuit
1661 4973 1694 5038 iu
1718 4989 1776 5040 sua
1799 4977 1950 5056 potestate
1965 4997 1997 5052 »;
2026 4973 2105 5040 haec
2133 4979 2241 5040 autem
2269 4975 2391 5050 occulta
2420 4981 2494 5048 sunt

1535 5077 1655 5146 ratione
1680 5095 1792 5146 causae
1816 5077 1948 5146 latentis.

1608 5499 1629 5532 ¹⁰
1647 5501 1717 5554 Libr.
1739 5503 1754 5554 l.
1774 5503 1885 5566 bletaph.
1905 5515 1929 5552 c.
1949 5499 1974 5550 l.

1607 5587 1629 5620 ¹¹
1648 5593 1722 5644 Vers.
1745 5591 1767 5642 l.
1781 5617 1816 5630 ·-
1829 5587 1952 5656 Sequitur
1972 5587 2046 5638 Dent
2060 5587 2108 5652 lS,
2122 5585 2169 5638 l5:
2188 5585 2346 5650 prophetam
2365 5585 2398 5638 de
2417 5591 2493 5652 gente

1535 5687 1578 5732 toa
1611 5685 1635 5732 at
1666 5681 1698 5732 da
1732 5677 1854 5730 tratribus
1884 5677 1936 5728 tuis
1965 5675 2033 5728 sicut
2060 5687 2103 5726 me
2129 5673 2265 5728 suscitabit
2294 5673 2339 5728 tibi
2366 5675 2493 5730 Minimus

1536 5767 1607 5820 Devvs
1625 5773 1694 5818 tirus.

1609 5851 1629 5882 ¹²
1649 5855 1724 5904 Vers.
1744 5853 1776 5904 3:
1790 5853 1893 5906 Occulta
1909 5841 2110 5914 proverbiorum
2129 5851 2247 5920 exqrriret
2261 5857 2312 5906 etc.
2326 5881 2363 5894 ·-
2375 5853 2493 5908 Subinde

1536 5944 1682 6006 allegantur
1699 5941 1754 5994 Col.
1773 5945 1805 6004 2,
1823 5941 1857 5994 3:
1875 5941 1903 5994 ln
1922 5953 1976 6006 quo
1994 5945 2055 5994 sunt
2077 5953 2170 5996 omnes
2187 5943 2301 5996 thesauri
2319 5949 2382 6006 etc.;
2403 5945 2491 5996 hlatth.

1537 6033 1585 6094 22,
1601 6031 1640 6082 lb
1654 6043 1740 6098 seqq,
1757 6031 1804 6082 nbi
1820 6033 1950 6094 narratur,
1963 6031 2036 6098 quod
2054 6031 2199 6096 Pharisaei,
2216 6053 2230 6080 a
2243 6037 2271 6084 ut
2290 6037 2414 6096 caperent
2430 6045 2493 6084 eum

1535 6121 1563 6172 in
1580 6133 1701 6172 sermone
1714 6139 1740 6184 a,
1759 6125 1887 6172 tentarent
1915 6121 1999 6172 lesum
2027 6133 2107 6186 sopor
2124 6135 2203 6174 censu
2225 6121 2312 6176 dando
2330 6107 2448 6184 Caesari,
2468 6125 2493 6174 et

1537 6207 1684 6262 Sadducaei
1700 6223 1782 6274 super
1800 6205 2006 6272 resurreetione;
2025 6209 2061 6262 lll.
2079 6211 2144 6274 Reg.
2167 6211 2206 6274 lll,
2228 6213 2260 6262 3:
2282 6211 2310 6262 Et
2327 6209 2418 6262 docuit
2433 6223 2493 6262 eam

1536 6295 1660 6348 Salomon
1679 6297 1766 6348 omnia
1787 6295 1882 6360 verba,
1898 6307 1968 6360 quae
1987 6303 2175 6364 proposueram
2192 6311 2245 6352 non
2264 6295 2312 6350 luit
2331 6309 2431 6360 sermo,
2447 6295 2493 6364 qni

1536 6397 1626 6448 regem
1654 6391 1744 6448 posset
1769 6385 1863 6450 latere,
1880 6387 1906 6434 θῖ
1925 6397 1980 6436 non
2005 6385 2177 6452 responderet
2194 6385 2228 6436 ei.
2249 6413 2281 6422 —
2300 6383 2426 6448 Superius
2444 6397 2493 6448 pro

1532 6469 1707 6538 perplectens
1726 6473 1747 6526 A
1761 6469 1932 6542 proliciente.

1608 6557 1629 6588 ²³
1648 6561 1724 6614 Vens.
1745 6561 1788 6616 lc.
1806 6589 1842 6602 -·
1863 6563 2067 6628 ch.se11teutia
2087 6561 2196 6626 August
2216 6565 2255 6614 est
2272 6559 2300 6610 in
2311 6559 2368 6612 Lib.
2387 6559 2423 6612 de
2439 6559 2493 6614 Uti·

1535 6645 1606 6700 litete
1622 6649 1761 6714 credendi,
1773 6667 1796 6704 c.
1811 6649 1853 6702 tc.
1865 6665 1890 6702 n.
1904 6649 1955 6702 al:
1976 6649 2127 6702 llliraculum
2147 6661 2214 6702 voco
2232 6647 2361 6714 quidquid
2378 6649 2492 6700 arduum

1536 6741 1580 6788 aut
1598 6737 1731 6790 insolitum
1750 6753 1828 6806 supra
1848 6751 1923 6806 spem
1941 6739 1985 6792 vel
2004 6739 2152 6794 facultatem
2172 6735 2289 6790 mirantis
2306 6741 2422 6802 apparet.

1608 6823 1629 6854 ¹⁴
1647 6827 1722 6880 Vens,
1742 6827 1767 6880 7.
1781 6855 1818 6868 -
1832 6829 1959 6894 Superius
1978 6841 2007 6880 ex
2027 6829 2049 6880 A
2066 6825 2248 6892 supplevimus
2261 6825 2296 6880 Εῖ
2307 6827 2416 6880 euentus
2430 6829 2493 6880 teut-

1531 6925 1660 6982 perum...
1676 6915 1822 6982 praesenti.
