5916 8276
531 529 596 596 aab

530 705 591 782 ris,
617 705 670 770 sed
695 705 830 772 *aerbrrm
845 705 1038 790 spiritualem
1057 705 1149 770 habet
1166 707 1407 790 generationem.
1427 705 1489 768 lla-

530 809 654 876 nifestat
686 809 897 894 spiritualem,
925 809 1016 896 quia,
1045 809 1127 878 siout
1154 809 1230 876 dioit
1260 809 1451 894 angustinus
1463 809 1488 888 ¹,

497 899 499 904 ’
530 915 661 982 verbum
688 915 916 982 induitionem
942 923 970 982 et
996 933 1058 980 nnn
1081 915 1194 982 transit
1220 915 1254 980 in
1282 931 1413 992 rnoem3
1443 911 1488 980 sia

443 1027 445 1032 ’
529 1019 667 1088 Verbum
692 1026 854 1088 aeternum
878 1019 978 1086 induit
1003 1037 1137 1086 earnem.

620 1127 669 1192 3-1.
697 1127 822 1210 Quaest.
843 1127 881 1192 V.
903 1127 979 1194 Item
1005 1125 1167 1210 quaeritur
1192 1125 1229 1192 de
1253 1125 1314 1192 hoo
1332 1125 1417 1208 quod
1441 1123 1488 1190 ai-

530 1233 585 1300 eit:
608 1235 751 1298 Factam
774 1241 821 1298 est
841 1251 947 1310 aaro‚·
968 1231 1043 1316 qnia
1067 1239 1122 1298 aut
1144 1239 1192 1298 est
1207 1251 1338 1300 sensus:
1355 1229 1487 1316 foetam

463 1373 464 1376 ¹
529 1345 576 1406 est
596 1357 697 1418 earo,
718 1337 751 1404 id
773 1346 822 1404 est
842 1343 999 1404 mutatum
1029 1337 1062 1404 in
1092 1355 1242 1418 earnem3
1272 1345 1328 1406 aut
1353 1337 1486 1432 fartam

529 1461 629 1520 earo,
656 1443 688 1510 id
709 1451 757 1508 est
778 1443 912 1522 laetum,
939 1449 972 1508 ut
998 1443 1035 1510 sit
1058 1449 1140 1512 narn.
1165 1445 1281 1512 Neuter
1307 1445 1485 1510 intelleatns

529 1565 624 1616 sanus
640 1555 696 1616 est.
710 1585 751 1598 --
766 1549 801 1616 Si
818 1557 851 1616 tn
869 1549 1074 1634 atenaquon
1092 1551 1318 1634 synecdoehiaa
1339 1555 1387 1638 est
1409 1565 1484 1614 eou-

424 1691 425 1694 ¹
529 1655 675 1734 struatin,
693 1661 723 1722 et
743 1655 890 1724 carathi
911 1661 1034 1724 tantum
1060 1657 1142 1724 valet
1163 1663 1320 1742 quantum
1340 1651 1437 1720 bomo
1450 1655 1483 1732 l,-

528 1757 609 1826 nude
641 1755 770 1844 [aetam
800 1781 898 1848 earn,
930 1761 1031 1828 idest
1055 1757 1172 1836 domm·
1196 1767 1270 1826 tuna
1294 1757 1458 1844 quaeritur
1473 1773 1498 1824 ε’

528 1883 627 1952 quare
648 1865 746 1952 magis
770 1867 868 1934 voluit
889 1865 1113 1958 humanitatem
1130 1865 1258 1952 intelligi
1274 1883 1332 1948 per
1346 1883 1482 1930 earnem

527 1989 621 2056 quam
652 1991 709 2056 per
738 1973 907 2054 animam,
941 1991 1013 2038 aum
1034 1973 1140 2036 anima
1161 1971 1203 2036 sit
1223 1969 1359 2036 nobilior
1382 1977 1482 2056 pars‘l

527 2115 570 2126 -
594 2079 630 2144 Et
652 2097 751 2164 quare
774 2099 849 2146 usus
874 2078 1004 2146 esthan
1025 2075 1181 2144 lunatione
1204 2075 1388 2162 figurativa,
1409 2095 1482 2144 oum

526 2193 631 2274 posset
652 2187 699 2252 uti
721 2187 876 2272 propria?

564 2277 567 2292 ’
612 2293 818 2360 Nesrounno:
840 2289 1030 2368 Dioendnm,
1056 2291 1140 2374 qnod
1169 2289 1222 2356 illa
1255 2291 1329 2356 nnio
1352 2289 1412 2354 init
1443 2289 1481 2354 ad

382 2439 384 2444 .
442 2405 507 2460 Rese-
526 2407 662 2468 nostram
696 2397 909 2466 eruditionem
939 2403 971 2462 et
1003 2403 1142 2462 nostram
1164 2397 1307 2462 salntem
1319 2419 1330 2474 ‚·
1353 2403 1385 2462 et
1406 2413 1481 2462 eru-

525 2505 599 2572 ditio
623 2505 699 2582 init,
722 2501 795 2588 qnia
820 2501 980 2578 risibilis;
1005 2507 1034 2568 et
1059 2501 1217 2582 liberatio,
1243 2501 1318 2588 quia
1335 2501 1490 2598 passibi-¹

525 2615 586 2690 lis‚·
608 2619 641 2678 et
662 2627 734 2678 earo
758 2609 833 2676 dieit
853 2615 973 2692 partem
1001 2609 1152 2678 risibilem
1185 2617 1214 2678 et
1244 2609 1381 2676 maxime
1410 2627 1481 2696 pas-

524 2716 664 2786 sibilem:
690 2715 782 2780 ideo8
806 2723 863 2780 eta.

599 2927 765 3006 Sarnade,
788 2927 828 2992 de
849 2925 924 3012 ipsa
950 2925 1180 2992 incarnatione
1203 2927 1314 3014 quoad
1335 2903 1406 2990 eins

743 3029 1044 3118 manifestationem
1068 3031 1254 3116 dupliciter.
1313 3019 1323 3088 ſs

611 3239 663 3308 35.
682 3245 723 3308 Et
737 3241 883 3308 oid'mns
895 3239 1038 3328 pieriam
1055 3241 1137 3314 eins,
1154 3243 1257 3326 Supra
1271 3241 1479 3310 determinata

413 3347 684 3418 1111110·θε111θ1111
710 3347 901 3428 incarnati03
925 3347 958 3414 in
979 3347 1039 3414 hae
1063 3355 1152 3434 parte
1175 3349 1404 3416 determinatur
1428 3347 1479 3414 ia-

455 3521 457 3540 ,
523 3455 658 3524 earnatt
678 3455 774 3522 Verbi
786 3455 927 3542 aequitio
944 3455 1010 3522 sire
1023 3455 1239 3522 manifestatio.
1258 3455 1352 3524 Habet
1373 3461 1479 3522 antem

522 3563 598 3628 haee
621 3563 695 3646 pars
718 3559 813 3638 dum,
838 3559 911 3644 quia
935 3557 1035 3644 primo
1068 3559 1131 3644 agit
1160 3559 1201 3626 de
1229 3559 1478 3626 manifestatione

522 3667 590 3734 eius
604 3665 637 3732 in
652 3665 799 3754 peneratt
809 3689 823 3744 ;
845 3665 981 3734 seeundo
1010 3683 1097 3744 vero,
1114 3665 1317 3752 insperanti,
1334 3665 1377 3730 ibi
1389 3665 1420 3730 4:
1442 3667 1480 3732 lit

522 3773 581 3842 boe
602 3781 649 3838 est
671 3771 892 3840 testimoninm
914 3771 1053 3840 Ioannis
1078 3779 1136 3840 ete.

614 3979 734 4070 Primo,
761 3981 797 4052 de
821 3979 1077 4052 manifestatione
1098 3979 1196 4052 Verbi
1217 3979 1381 4052 inearnaii

893 4087 926 4156 in
952 4087 1104 4176 generali.

608 4301 711 4366 Prima
738 4319 813 4384 pars
842 4301 936 4366 habet
969 4299 1065 4378 duas,
1099 4301 1174 4384 qnia
1205 4301 1307 4386 primo
1337 4301 1476 4386 tangitur

368 4415 498 4462 sanarum.
518 4407 615 4494 ipsius
627 4405 721 4472 Verbi
733 4405 886 4472 incarnati
899 4403 1055 4490 rapnitim
1073 4405 1305 4484 secundovero,
1319 4405 1475 4492 aequitio-

518 4515 571 4580 nis
587 4511 684 4590 ratio,
703 4511 743 4578 ibi
758 4511 790 4576 ⁶:
808 4513 951 4578 Ioannes
965 4509 1185 4576 testimodium
1194 4509 1341 4596 perhibet
1355 4517 1413 4576 eta.

608 4617 755 4704 Cnpnitin
772 4635 846 4684 vero
866 4617 960 4684 Verbi
983 4615 1155 4694 incarnati,
1176 4633 1272 4700 qnam
1292 4617 1474 4682 habuerunt

352 4735 502 4832 Externum
516 4721 651 4808 Apostoli
666 4729 698 4788 et
714 4721 885 4800 nannenten,
898 4719 957 4787 init
971 4727 1126 4806 qnantum
1142 4719 1181 4784 ad
1197 4711 1366 4806 utramque
1383 4727 1474 4786 natu-

388 4789 461 4832 erahs.
630 4827 636 4838 .
1024 4825 1029 4838 .
1052 4825 1058 4838 .
1234 4825 1240 4838 .
1418 4825 1424 4838 .
1455 4825 1461 4838 .

516 4847 605 4908 ram;
629 4847 661 4892 m
683 4845 823 4914 quornm
844 4845 978 4912 persona
1001 4827 1077 4892 droit
1098 4825 1318 4912 Evangehsta:
1335 4827 1376 4890 m
1390 4827 1472 4892 ordr-

516 4955 593 5002 mns
620 4933 767 5020 ebriam
796 4935 887 5012 eins,
914 4933 1033 5012 idest,
1057 4931 1280 5018 eognovimus3
1303 4931 1470 5020 pieriam,

587 5325 596 5358 ¹
614 5327 684 5380 Libr.
704 5327 763 5380 XV.
781 5327 814 5380 de
836 5327 906 5380 Prin.
924 5339 948 5378 θ.
968 5327 1011 5380 11.
1028 5339 1054 5378 n.
1076 5327 1122 5378 20:
1144 5329 1172 5378 Et
1199 5327 1265 5380 siant
1288 5325 1401 5380 verbum
1426 5339 1473 5378 uo-

515 5425 598 5470 strum
615 5413 646 5466 m
668 5429 720 5468 vox
741 5429 790 5468 nee
815 5419 929 5468 mutatur
959 5415 983 5466 in
1009 5427 1116 5480 vocem,
1137 5415 1170 5468 ita
1197 5415 1315 5468 Verbum
1340 5413 1387 5466 Dei
1410 5427 1472 5468 earo

515 5501 622 5570 uiridem
641 5503 807 5564 factumest,
828 5501 874 5554 sed
894 5501 974 5568 absit,
993 5507 1023 5554 nt
1040 5507 1185 5554 mutaretur
1205 5503 1231 5554 in
1258 5515 1372 5556 earnem.
1391 5501 1472 5566 Chry-

514 5597 591 5656 sost,
608 5591 636 5642 in
654 5591 723 5642 lnan.
740 5589 832 5642 homil.
849 5591 874 5642 2.
896 5587 968 5656 (alias
986 5587 1023 5656 t.)
1040 5603 1068 5642 n.
1088 5589 1116 5642 iz
1136 5591 1225 5658 Neque
1243 5591 1314 5642 enim
1333 5603 1472 5642 commune

514 5679 652 5750 quidpiam
677 5677 816 5732 nobiseum
845 5677 936 5740 habet,
962 5677 1009 5728 sed
1033 5679 1108 5744 longe
1135 5685 1172 5732 est
1199 5693 1213 5732 a
1235 5677 1472 5732 communicatione

514 5783 575 5824 anm
594 5769 744 5822 creaturis...
764 5767 823 5820 iden
847 5765 962 5820 Verbum
983 5763 1054 5816 illum
1081 5769 1229 5830 appellavit.
1249 5767 1317 5822 Cum
1340 5767 1409 5820 enim
1427 5767 1472 5820 do·

514 5867 603 5914 aturus
620 5861 702 5924 esset,
716 5859 765 5908 hoo
778 5855 895 5908 Verbum
914 5867 972 5906 esse
989 5855 1154 5918 umgenitum
1171 5857 1267 5908 Filium
1284 5855 1345 5918 nen
1365 5855 1471 5922 nequis

513 5945 708 6014 generationem
727 5943 876 6010 passibilem
898 5945 1082 6008 suspiceretur,
1100 5945 1244 6008 praemissa
1268 5943 1346 5998 Verbi
1357 5945 1473 6010 appella<

513 6039 583 6092 tione
602 6049 709 6090 omnem
727 6035 791 6088 tollit
808 6035 905 6086 malam
923 6033 1102 6098 suspicionem
1120 6037 1170 6086 eta.
1189 6031 1239 6086 Ctr.
1260 6035 1276 6086 1,
1293 6035 1363 6094 Sem.
1382 6033 1407 6086 d.
1427 6033 1470 6086 21.

512 6141 541 6192 p.
557 6125 588 6178 Il.
605 6139 632 6190 q.
653 6125 1062 6188 t.-1nlerinspostearnem
1082 6119 1124 6174 ed.
1146 6119 1219 6174 addit
1242 6125 1270 6176 et
1290 6135 1347 6176 non
1371 6119 1470 6176 transit

512 6209 541 6266 in
558 6223 678 6266 earnem.

583 6297 594 6328 ⁹
612 6297 664 6352 Cir.
682 6313 763 6366 snpra
781 6313 845 6366 pag.
863 6299 929 6366 l85,
950 6305 1010 6352 nota
1028 6299 1053 6350 7.

584 6383 735 6442 ³Vide'lll.
755 6391 825 6442 Seut.
845 6389 871 6442 d.
891 6391 915 6440 2.
934 6403 959 6440 a.
983 6389 1010 6440 2.
1029 6401 1055 6454 q.
1076 6389 1099 6440 2.
1124 6387 1158 6440 ad
1178 6387 1203 6440 1.
1222 6413 1257 6426 -·
1277 6389 1326 6440 Pro
1349 6383 1470 6438 manime

512 6479 553 6530 ed.
572 6475 750 6530 materialem.

582 6559 685 6616 ⁴Vers.
708 6565 749 6616 12.
769 6593 802 6604 -
822 6565 951 6630 Superius
971 6569 996 6616 et
1019 6563 1125 6618 interius
1148 6577 1196 6630 pro
1218 6557 1356 6618 incarnati
1377 6557 1468 6626 Verbi,

512 6651 586 6718 quod
612 6651 654 6704 bis
679 6653 813 6716 babath,
834 6659 858 6706 et
883 6653 948 6704 intra
973 6653 1050 6704 etiam
1070 6655 1089 6704 E
1109 6653 1135 6716 (a
1160 6651 1275 6706 sectanda
1298 6647 1406 6716 mann),
1424 6647 1470 6698 alii

510 6737 590 6792 eodd.
607 6741 649 6790 vel
671 6739 750 6794 Verbi
767 6739 976 6806 inaarnationis,
994 6743 1036 6794 vel
1055 6755 1116 6794 eum
1136 6741 1178 6794 ed.
1199 6735 1402 6794 incarnationis.

581 6821 686 6878 ὅ11θ1ε.
709 6827 749 6880 ta.

1253 527 1444 596 CONNENT.
1469 529 1506 596 IN
1529 527 1749 594 talamana.
1774 527 1796 592 l.

1552 703 1668 770 soilieet
1683 709 1835 788 qnantum
1853 703 1890 768 ad
1914 701 2122 771 Divinitatem.
2138 703 2307 788 Propterea
2320 703 2413 772 dioit:
2430 703 2502 770 Gin—
2522 715 2667 812 “lig}{³,⁰„}³³·

1551 809 1640 874 riam
1664 809 1763 896 qnasi
1799 807 1963 894 Unipem'ti
1986 827 2007 874 a
2033 811 2157 884 Patre,·
2180 809 2218 874 de
2242 827 2304 892 qna
2326 809 2427 896 gloria
2456 827 2503 878 se·
2640 801 2646 812 ’

1550 915 1670 980 eundae
1693 913 1772 980 Petri
1798 913 1944 998 primolz
1976 939 1992 972 «
2006 913 2129 996 haaepit
2151 931 2171 980 a
2191 915 2255 980 Dea
2287 917 2375 982 Patre
2407 917 2502 980 honn-

1550 1035 1616 1086 rem
1647 1027 1680 1086 et
1708 1019 1858 1104 gloriam,
1889 1035 1964 1086 vnoe
1994 1019 2120 1102 delapsa
2140 1019 2181 1086 ad
2201 1037 2276 1086 enm
2300 1037 2317 1086 a
2340 1019 2501 1104 magnifica
2555 1011 2556 1014 ’

1549 1127 1668 1210 gloria:
1700 1125 1753 1190 Hie
1775 1129 1822 1190 est
1845 1123 1940 1190 Filius
1962 1143 2053 1192 meus
2074 1123 2206 1192 ditemus
2224 1151 2253 1190 ».
2279 1161 2319 1172 —
2345 1127 2502 1208 Quantum
2521 1137 2667 1233 neqhqqma·

1549 1249 1624 1298 vern
1646 1231 1684 1296 ad
1709 1229 1935 1296 humanitatem
1958 1229 2073 1296 dieitur
2095 1229 2228 1314 phuam
2246 1229 2430 1322 pratiaeet
2450 1247 2502 1294 oe·
2626 1221 2631 1234 '

1548 1335 1671 1414 ritatt's,
1689 1333 1718 1400 id
1736 1339 1796 1412 est,
1812 1333 1968 1414 vidimus,
1984 1333 2112 1420 supple:
2128 1351 2215 1412 eum,
2226 1333 2361 1418 plenam
2370 1333 2502 1420 prutina

1547 1449 1575 1508 et
1596 1439 1758 1520 ueritatis,
1782 1459 1857 1508 vere
1883 1443 2036 1526 plenam,
2061 1441 2134 1526 qnia
2158 1441 2189 1506 in
2214 1441 2299 1526 ipso,
2322 1441 2404 1528 sieut
2427 1441 2501 1508 diel-

1547 1553 1603 1612 tnr.
1623 1547 1661 1612 ad
1685 1535 1879 1614 Colossenses
1895 1547 2031 1614 seeundo
2045 1547 2067 1626 ⁷,
2088 1573 2106 1604 <c
2121 1547 2222 1612 omnis
2238 1547 2397 1632 plenitudo
2418 1547 2500 1614 Divi-

1547 1651 1649 1718 nitatls
1682 1651 1885 1736 corporaliter
1909 1651 2109 1730 inhahitat»;
2129 1651 2263 1736 plenam
2287 1653 2437 1740 oratioe,
2462 1651 2499 1718 ad

1546 1757 1761 1824 exhaurienda
1784 1763 1932 1842 pennata;
1952 1757 2085 1844 plenam
2103 1757 2269 1838 ueritatis,
2288 1759 2324 1826 ad
2347 1757 2500 1842 implenda

1547 1863 1711 1948 promissm
1726 1863 1930 1932 Ecclesiastiei
1943 1865 2091 1950 vigesimo
2108 1869 2239 1948 quarto:
2256 1889 2272 1922 «
2285 1865 2316 1930 ln
2336 1883 2384 1930 me
2399 1863 2500 1930 nmrris

1545 1969 1644 2054 gratia
1655 1969 1739 2034 ritae
1751 1973 1780 2034 et
1799 1969 1937 2036 veritatis
1948 1997 1980 2034 ».
1999 1971 2032 2036 Et
2049 1967 2229 2048 notandum,
2243 1969 2325 2054 qnod
2342 1971 2400 2036 hoa
2418 1967 2499 2054 quod

1544 2073 1638 2140 dieit:
1672 2075 1770 2162 qnasi
1798 2075 1962 2162 daipeaiti
1990 2083 2127 2144 nonest
2159 2081 2232 2142 nota
2261 2075 2500 2162 comparationis

1544 2183 1592 2246 vel
1618 2179 1843 2260 similitudinis,
1870 2183 1922 2248 sed
1945 2183 2156 2268 expressionis
2168 2183 2189 2248 ⁸.

1634 2287 1686 2354 36.
1712 2287 1851 2354 loannes
1875 2289 2103 2354 testimoninm.
2129 2289 2294 2372 Postquam
2324 2289 2425 2372 posita
2453 2295 2501 2354 est
2514 2297 2665 2396 Rgcqqgoqq

1544 2393 1697 2478 cognitio,
1712 2393 1840 2476 ponitur
1866 2393 1915 2460 hia
1939 2393 2152 2480 eepnoseendi
2174 2395 2268 2462 ratio.
2288 2395 2363 2462 Nam
2381 2395 2499 2480 triplex
2531 2367 2606 2462 ulex-¹
2647 2367 2655 2396 ¹

1543 2499 1602 2565 init
1619 2501 1649 2564 in
1667 2499 1710 2566 eis
1727 2499 1808 2564 ratio
1822 2501 2042 2584 cognoscendi:
2059 2501 2174 2586 prima,
2189 2501 2499 2584 periermeniarum

1544 2603 1697 2678 secunda,
1714 2621 1770 2686 per
1784 2603 1992 2690 amputarem
2006 2603 2151 2690 effaetam
2159 2629 2172 2684 ;
2188 2607 2297 2686 tertia,
2312 2625 2370 2692 per
2384 2609 2499 2692 sinpo-

1545 2709 1617 2776 iare
1639 2709 1878 2774 duramentum.

1634 2815 1734 2900 (Vens.
1763 2817 1836 2898 ta).
1862 2813 1964 2882 Prima
1992 2833 2066 2900 ergo
2098 2815 2178 2882 ratio
2207 2815 2411 2902 cognoscendi
2438 2817 2498 2882 fnit
2516 2829 2595 2874 Prima·

1544 2937 1599 3004 per
1625 2919 1844 2986 testimoninm
1869 2917 2112 3000 anthenlienm,
2129 2921 2245 2986 soiliaet
2265 2939 2419 3006 personae
2439 2939 2496 2986 au-

1544 3025 1716 3104 theatinae,
1733 3025 1854 3092 loannis
1877 3025 2034 3106 videlieet,
2054 3027 2106 3112 qni
2124 3033 2250 3092 sanatus
2271 3027 2330 3093 init
2347 3045 2388 3094 ex
2404 3035 2496 3094 utero

1543 3131 1662 3200 matris.
1677 3132 1842 3216 Propterea
1859 3131 1949 3198 dioit:
1962 3133 2103 3200 Ioannes
2121 3131 2340 3200 testimoniam
2352 3131 2498 3218 perbibet

1542 3235 1581 3302 rie
1592 3235 1662 3322 apso
1672 3263 1685 3316 ,·
1697 3235 1938 3304 Proverbiorum
1949 3237 2070 3304 deaimn
2081 3237 2236 3320 quarto⁹:
2255 3239 2381 3304 «Testis
2396 3237 2496 3302 tidelis

1541 3363 1604 3410 non
1622 3341 1820 3410 mentitur».
1838 3335 1878 3414 m
1892 3341 2031 3422 elamat,
2056 3343 2184 3410 loannes
2198 3349 2307 3428 aperte
2322 3349 2354 3410 et
2370 3359 2496 3422 seanre,

1542 3451 1715 3518 seeundum
1731 3449 1809 3514 illud
1825 3449 1919 3516 Isaiae
1936 3449 2194 3536 quinquagesimo
2208 3455 2334 3518 ootaro:
2355 3477 2371 3508 «
2381 3449 2496 3528 Clama,

1541 3573 1581 3622 ne
1604 3575 1722 3634 nasses,
1748 3557 1835 3640 qnasi
1863 3557 1938 3622 tuba
1956 3557 2062 3622 exalta
2084 3573 2192 3622 rorem
2214 3563 2303 3622 tuam
2318 3581 2353 3638 »3
2372 3557 2495 3624 dieens:

1543 3661 1609 3744 Qui
1628 3669 1704 3746 pest
1724 3679 1774 3726 me
1798 3661 1884 3728 oenit
1906 3669 1982 3728 ante
2004 3683 2055 3728 me
2075 3659 2189 3746 faetus
2203 3669 2272 3738 est;
2289 3661 2358 3728 iden
2373 3661 2495 3748 dignior

1541 3785 1591 3834 me
1616 3767 1787 3836 seeundum
1814 3769 1982 3834 humanam
2006 3775 2150 3834 naturam
2177 3767 2323 3848 esleotus;
2340 3767 2379 3834 ad
2396 3769 2497 3854 Ephe-

1540 3875 1602 3940 sios
1626 3875 1727 3960 primn
1742 3875 1784 3938 ²⁰:
1816 3873 1958 3940 «Omnia
1982 3873 2115 3940 subierit
2136 3875 2197 3940 snb
2219 3873 2351 3958 pedibus
2374 3873 2442 3942 eius
2464 3883 2496 3940 et

1539 3979 1643 4064 ipsum
1666 3979 1750 4046 dedit
1772 3985 1868 4064 eaput
1890 3997 1987 4064 supra
2009 3995 2132 4046 omnem
2156 3977 2322 4046 Eoolesiam
2338 4005 2369 4044 ε.
2393 3977 2430 4046 Et
2444 3997 2495 4044 ra-

1462 4145 1463 4148 ,
1541 4085 1584 4152 tio
1606 4085 1703 4152 huius
1725 4091 1788 4152 est:
1815 4085 1895 4172 qnia
1914 4085 2013 4170 prior
2035 4103 2085 4152 ma
2115 4091 2205 4164 erat,
2239 4085 2355 4150 soilieet
2384 4103 2496 4152 seeun-

1538 4191 1614 4256 dum
1639 4191 1858 4270 Dirinitatem3
1884 4191 1962 4258 inira
1988 4197 2118 4258 notaio:
2143 4215 2158 4248 r
2177 4191 2289 4268 tmen,
2313 4209 2403 4256 amen
2427 4189 2496 4256 dian

1538 4297 1644 4376 vobis,
1676 4301 1842 4382 antequam
1868 4297 2022 4364 Abraham
2046 4299 2148 4376 tieret,
2174 4315 2231 4382 ego
2255 4315 2373 4378 sum»;
2396 4297 2495 4364 etsie

1538 4403 1626 4486 prior
1648 4401 1770 4468 loanne.

1629 4507 1681 4574 37.
1705 4505 1806 4592 (Veis,
1833 4507 1907 4584 1111.
1934 4509 1972 4574 m
1997 4507 2033 4574 de
2053 4507 2256 4598 plenitudine
2277 4509 2358 4574 eino.
2382 4507 2495 4592 Tangi·
2512 4525 2618 4570 seelera.

1538 4619 1591 4680 tur
1623 4613 1674 4688 hie
1705 4613 1840 4678 senunda
1873 4613 1952 4680 ratio
1983 4613 2204 4700 cognoscendi,
2237 4614 2320 4699 qnod
2351 4615 2495 4682 Christus

1537 4723 1604 4786 erat
1628 4717 1682 4784 Dei
1706 4717 1818 4796 Filias,
1835 4717 1952 4785 sallinet
1967 4725 2097 4804 propter
2113 4719 2319 4806 sinprrlarem
2334 4719 2493 4808 effaetam,

1536 4823 1649 4892 eliste
1671 4823 1732 4892 fuit
1755 4823 1878 4892 collatio
1900 4825 2027 4910 gratiae.
2063 4825 2228 4910 Propterea
2258 4825 2352 4892 dieit:
2385 4829 2426 4892 Et
2456 4829 2495 4892 ale

1533 4931 1749 5018 plenitudine,
1772 4931 1862 5016 quasi
1886 4931 1989 5000 tlieat:
2013 4949 2086 5000 vere
2110 4933 2312 5018 eognovimus
2333 4951 2406 5000 enm
2428 4931 2496 5020 pte-

1607 5321 1712 5378 611θ1ε.
1733 5325 1776 5380 lt.

1607 5411 1617 5444 ⁷
1637 5417 1711 5468 Vers.
1731 5415 1811 5468 9.-
1829 5417 1953 5484 Sequitur
1970 5417 2047 5470 Eeali.
2068 5415 2115 5482 21,
2135 5415 2229 5468 251111
2250 5425 2292 5468 me
2312 5415 2392 5480 gratia
2405 5417 2493 5468 omnis

1535 5505 1595 5558 viee
1619 5511 1644 5558 et
1667 5503 1793 5558 veritatis.
1812 5533 1846 5546 -
1867 5505 1993 5570 Superius
2017 5519 2067 5570 pro
2090 5501 2194 5572 supple,
2213 5505 2286 5570 qriod
2312 5503 2409 5558 habent
2426 5507 2491 5572 DN,

1535 5593 1614 5648 codd.
1634 5593 1806 5646 communiter
1825 5591 1984 5646 substituunt
2003 5605 2092 5660 snper,
2113 5593 2154 5644 ed.
2175 5591 2294 5660 insuper.

1606 5677 1617 5710 ⁸
1637 5681 1782 5746 chrysost,
1796 5681 1822 5734 in
1833 5683 1902 5734 loen.
1916 5681 2006 5734 homil.
2020 5681 2064 5732 12.
2082 5679 2154 5748 (θ1ῑθε
2168 5679 2220 5746 11.)
2236 5695 2260 5732 n.
2275 5681 2315 5734 l.:
2328 5681 2390 5736 lllnd
2403 5689 2492 5736 antem

1535 5769 1616 5840 qnasi
1633 5771 1684 5822 non
1703 5769 1878 5822 similitudinis
1895 5773 1935 5822 est
1953 5783 2037 5836 neque
2055 5765 2208 5836 parabolae,
2223 5771 2270 5822 sed
2289 5769 2493 5830 confirmationis

1535 5861 1561 5910 et
1579 5855 1734 5912 deantaonis
1751 5857 1815 5908 nulli
1833 5855 1914 5908 dnbio
1935 5855 2076 5920 obnoxiae,
2095 5869 2127 5908 ae
2145 5855 2166 5908 si
2180 5855 2287 5910 diceret:
2307 5857 2427 5912 Vidimus
2439 5859 2493 5922 glo·

1534 5945 1616 6008 riam,
1636 5945 1743 6014 qualem
1761 5943 1872 5998 decebat
1889 5943 1986 5996 habere
2007 5945 2168 6012 unigenitum
2188 5951 2212 5998 et
2230 5959 2385 6012 gernrannm
2397 5933 2490 5998 Filium

1533 6033 1593 6096 Dei,
1612 6035 1797 6088 universorum
1818 6031 1897 6096 regis.
1914 6031 2038 6100 Gnaeos,
2059 6035 2146 6086 XVlll.
2163 6035 2251 6088 bloral.
2270 6049 2293 6088 e.
2315 6035 2337 6086 6.
2357 6035 2490 6088 11121111

1533 6135 1608 6174 sacro
1628 6121 1730 6190 eloquin
1750 6119 1821 6176 siant
1835 6125 1862 6172 et
1881 6119 1961 6188 qerasi
1976 6123 2117 6190 aliqnando
2135 6137 2190 6176 uon
2202 6137 2250 6188 pro
2263 6123 2431 6178 similitudine
2442 6137 2491 6188 po-

1532 6209 1612 6276 nitur,
1632 6213 1678 6266 sed
1698 6223 1746 6276 pro
1766 6209 1884 6264 veritate.
1901 6211 1975 6264 Unde
1994 6221 2032 6266 est
2051 6211 2114 6266 illud
2133 6209 2211 6280 [loen.
2232 6215 2257 6276 l,
2276 6211 2343 6280 1111
2369 6209 2490 6266 Vidimus

1533 6297 1651 6366 aleriam
1676 6293 1884 6364 etmalorum
1908 6299 1989 6366 pansi
2012 6299 2146 6370 Unipeniti
2167 6304 2214 6352 eto.
2241 6299 2292 6352 Ctr.
2317 6299 2380 6352 ibid.
2404 6299 2488 6352 XXV.

1533 6401 1555 6440 a.
1578 6389 1620 6440 ro.
1638 6405 1665 6440 n.
1685 6387 1727 6440 25.
1748 6413 1783 6426 -
1802 6387 1848 6440 Ed.
1868 6385 1914 6440 sed
1931 6387 2214 6456 eapressieoeritatir.

1536 6473 1538 6478 '
1603 6473 1808 6542 911θ1ε.5,111
1835 6489 1890 6542 qun
1916 6479 1991 6530 multi
2018 6479 2095 6530 codd.
2124 6475 2274 6530 nmatirtar.
2305 6505 2337 6514 -
2368 6477 2490 6542 Sequitur

1532 6563 1590 6616 lsai.
1607 6565 1656 6632 58,
1677 6567 1703 6636 1.
1719 6591 1757 6602 -
1774 6563 1901 6630 Superius
1913 6567 2052 6632 respicitur
2065 6567 2128 6618 Luc.
2142 6567 2150 6616 t
2164 6605 2170 6632 ,
2186 6565 2232 6618 lii:
2246 6569 2275 6617 Et
2288 6565 2385 6632 Spiritu
2399 6569 2489 6618 saneto

1532 6651 1675 6716 replebitur
1695 6653 1780 6706 adhue
1799 6659 1922 6708 extitero
1943 6655 2031 6708 matris
2050 6669 2122 6708 sune.

1603 6735 1626 6768 ¹⁰
1645 6743 1719 6796 Vera
1739 6743 1781 6794 22.
1799 6771 1836 6804 -,-
1853 6745 1913 6812 Seq.
1933 6745 2007 6798 loeus
2024 6749 2064 6796 est
2082 6743 2150 6796 ioan.
2171 6743 2202 6808 8,
2220 6743 2265 6796 58.
