5900 8266
498 545 563 652 aas

497 759 642 830 Matthaei
668 757 855 826 undecimo:
882 781 900 816 ι
916 755 1072 826 oiscttea
1095 771 1162 838 me,
1185 757 1261 844 quia
1286 757 1369 824 mitis
1385 775 1458 824 sum

497 873 530 934 et
551 865 681 934 humilis
703 865 844 932 corde».
869 865 906 930 lit
927 861 1013 950 quod
1037 865 1068 932 in
1100 865 1248 950 operibus
1271 863 1459 930 humilitatis

372 937 374 940 Ι
449 1001 450 1004 ¹
498 973 540 1040 sit
570 969 758 1048 imitandus,
788 969 923 1038 ostendit
957 969 1011 1036 tali
1045 969 1183 1036 ratione:
1216 967 1379 1054 quianon
1411 973 1458 1036 cst

498 1093 612 1144 servus
634 1075 735 1144 maior
756 1075 884 1144 domino
908 1093 982 1144 suo:
1006 1091 1083 1162 ergo
1106 1075 1130 1144 si
1155 1075 1309 1142 dominus
1325 1093 1387 1142 non
1404 1075 1458 1142 de-

404 1175 409 1180 '‘
440 1169 443 1174 “
494 1183 645 1270 'dignatur
668 1181 846 1262 humiliari,
868 1182 970 1250 multo
992 1179 1098 1248 minus
1120 1197 1242 1248 servus.
1268 1181 1304 1246 Et
1326 1181 1386 1246 006
1410 1187 1458 1248 &Si

497 1289 583 1376 quod
606 1287 697 1356 dicit:

587 1397 639 1462 ao.
662 1393 763 1480 (Vens.
791 1393 865 1478 ld).
890 1397 1012 1472 Amen,
1037 1411 1135 1462 urnac
1158 1393 1231 1460 dico
1253 1393 1359 1474 ccots,
1389 1399 1458 1468 ton·-

411 1531 413 1576 :
497 1517 595 1588 quam
617 1515 730 1568 rerum
752 1505 944 1568 etcertum:
968 1499 1041 1566 Nou
1063 1507 1111 1566 est
1131 1515 1249 1566 seroces
1273 1501 1383 1568 oculor
1401 1501 1457 1566 do-

496 1605 587 1672 miuo
609 1625 690 1684 atto,
715 1621 816 1696 oeque
839 1605 1008 1692 apostolus
1029 1607 1140 1672 nautor
1163 1615 1212 1672 cat
1232 1623 1269 1672 eo
1284 1603 1344 1694 qui
1364 1603 1458 1672 misit

496 1713 612 1792 illora-
635 1709 780 1780 llattbaei
803 1711 968 1780 oecim01:
989 1713 1089 1780 «Non
1103 1717 1151 1780 est
1166 1711 1341 1798 discipulus
1360 1729 1457 1798 super

496 1819 681 1906 magistrum
693 1843 726 1900 o,
740 1823 774 1884 et
789 1817 870 1884 infra
881 1817 1002 1884 decimo
1014 1817 1143 1904 quinto:
1160 1843 1175 1876 «
1187 1813 1249 1886 Nec
1265 1835 1377 1886 servus
1393 1833 1458 1882 ma-

496 1925 544 1992 ior
563 1925 690 1992 domino
714 1941 772 1992 suo
788 1951 817 1990 ι.
833 1925 879 2012 ΙΕι
896 1923 964 1991 ideo
980 1941 1089 1992 omues
1104 1923 1187 1992 sarri
1205 1923 1320 1990 Christi
1343 1923 1458 1990 debent

495 2029 656 2098 conservis
689 2027 827 2108 serri‘ro3
861 2017 930 2096 ideo
966 2029 1161 2096 consuetudo
1190 2035 1238 2096 est
1274 2029 1389 2114 Papae,
1420 2033 1458 2094 ut

495 2137 613 2204 scribat
636 2151 669 2204 sc
696 2155 831 2204 cornuue
863 2155 1039 2204 seruorum
1072 2137 1139 2204 Dei.
1163 2135 1250 2204 Unde
1274 2137 1458 2222 Chrysosto-

450 2305 451 2308 ,
495 2245 592 2312 ιιιιιε2
602 2269 609 2310 :
631 2269 648 2304 ι
663 2239 721 2312 Ubi
736 2249 810 2310 suut
826 2245 881 2330 qui
898 2243 1075 2330 despiciunt
1090 2251 1279 2312 conservos?
1303 2243 1358 2310 Ubi
1383 2250 1458 2311 sunt

319 2779 321 2784 ’
347 2785 476 2830 Secundum.

495 2353 550 2440 qui
574 2353 712 2420 honores
733 2357 918 2438 expetunt?
941 2349 1111 2422 Proditoris
1135 2351 1229 2436 pedes
1252 2351 1328 2418 lavit
1351 2351 1456 2418 Domi-

494 2477 555 2528 nus
579 2467 609 2528 et
633 2453 777 2546 sacrilegi
798 2466 842 2526 etw
860 2459 942 2526 furis
973 2465 1114 2544 ternpore
1138 2457 1341 2544 proditionis;
1364 2463 1398 2524 et
1418 2464 1457 2524 tu

495 2581 608 2650 inagna
631 2565 715 2650 sapis
737 2565 824 2632 etin
848 2563 984 2632 sublime
1007 2563 1139 2650 erigeris
1156 2569 1191 2628 »t
1244 2605 1246 2608 -

585 2671 637 2740 il.
661 2673 762 2754 (Vers.
793 2667 1134 2752 lausannensem
1157 2675 1215 2734 etc.
1236 2667 1290 2734 Hic
1317 2667 1455 2734 secundo

495 2779 643 2846 hortatur
665 2773 914 2844 adimendum
938 2773 1456 2860 considerationeerupuitudiuis

491 2881 658 2968 praeerit.-
694 2881 769 2966 quia
802 2877 856 2966 qui
889 2881 949 2946 hoc
971 2879 1044 2946 facit
1076 2879 1188 2944 beatus
1220 2877 1290 2946 erit.
1325 2877 1455 2962 Propter

495 2989 581 3074 quod
602 2987 694 3052 dicit:
719 2985 758 3052 st
779 2983 857 3052 haee
879 2985 982 3064 scitis,
1009 2983 1095 3052 beuti
1115 2981 1227 3062 eritis,
1252 2983 1284 3050 si
1309 2981 1455 3070 feceritis

494 3113 552 3172 en,
578 3109 640 3160 non
663 3091 836 3160 sitantum
860 3091 963 3170 scitis,
987 3091 1084 3156 immo
1106 3091 1201 3158 etiam
1223 3087 1251 3156 si
1267 3089 1385 3170 lacitis;
1408 3089 1455 3154 la'-

495 3199 563 3266 cubi
588 3199 730 3284 primot:
762 3197 851 3282 «Qui
876 3199 975 3264 factor
998 3203 1045 3264 est
1068 3191 1188 3282 operis,
1213 3193 1264 3262 hic
1286 3197 1399 3262 beatus
1420 3193 1453 3262 in

495 3307 577 3372 lacto
593 3323 651 3372 suo
666 3303 727 3372 erit
735 3329 767 3384 »;
790 3303 936 3372 Matthaei
953 3305 1080 3390 quinto:
1100 3329 1117 3362 (ι
1133 3303 1194 3388 Qui
1209 3303 1338 3370 solverit
1352 3321 1455 3370 unum

451 3427 452 3430 ’
491 3411 707 3478 demandatis
728 3411 796 3478 istis
820 3409 957 3478 minimis
991 3415 1023 3478 et
1057 3409 1201 3478 docuerit
1223 3409 1268 3478 sic
1290 3409 1452 3490 homineS,

493 3517 645 3586 minimus
669 3517 832 3584 vocabitur
858 3517 898 3584 in
923 3533 1020 3604 regno
1050 3517 1209 3584 caelorum
1225 3539 1258 3582 a.
1295 3517 1332 3582 lit
1363 3522 1453 3602 post:

498 3651 516 3684 a
530 3625 590 3708 Qui
626 3629 730 3692 autem
755 3623 863 3690 fecerit
886 3629 917 3690 et
944 3623 1104 3704 docuerit,
1130 3623 1182 3690 hic
1205 3639 1338 3710 magnus
1361 3641 1453 3692 roca-

492 3731 579 3800 bitur
601 3731 635 3796 in
657 3739 755 3816 'regno
778 3733 983 3798 caelorum».
1010 3731 1045 3796 Et
1080 3731 1155 3816 quia
1190 3729 1380 3824 promiserat
1406 3731 1452 3798 eis

382 3843 396 3864 ⁴
493 3837 732 3916 beatitudinem;
759 3855 796 3906 ne
821 3837 1036 3916 madescam
1067 3835 1220 3922 proditori
1256 3837 1452 3922 promisisse,

551 3961 552 3964 ’
578 3943 616 4008 'tt

493 3943 634 4114 SUhdlhb.
659 4049 761 4132 (Vers.
785 4047 859 4132 ta).
886 4047 961 4114 Nou
983 4049 1023 4114 dc
1038 4049 1216 4114 omnioust
1232 4047 1317 4128 dico,
1334 4047 1452 4116 scilicet

492 4155 578 4242 quud
599 4153 681 4222 beati
707 4155 809 4236 eritiS,
834 4153 888 4246 sed
911 4157 951 4222 de
972 4156 1097 4236 electis;
1115 4155 1200 4222 uude
1221 4155 1281 4222 ait:
1301 4159 1369 4242 Epo
1385 4155 1452 4222 scio

491 4277 573 4348 quos
595 4261 767 4346 ceperim
789 4261 935 4328 Matthaei
959 4261 1128 4348 vigesimo:
1156 4285 1173 4318 s
1190 4261 1277 4328 llulti
1301 4267 1377 4328 sunt
1398 4279 1452 4328 ro·

381 4357 412 4404 ’·
492 4363 570 4448 cati,
598 4367 693 4450 pauci
721 4385 798 4436 vero
828 4369 918 4436 electi
932 4393 962 4448 »3
995 4367 1151 4434 secundae
1181 4367 1221 4434 ad
1252 4367 1451 4434 Timotheum

492 4473 648 4544 secundo:
686 4473 808 4540 «Novit
839 4473 994 4540 Dominus
1025 4471 1079 4558 qui
1108 4479 1184 4540 suut
1216 4473 1284 4540 eius
1301 4495 1335 4552 »t
1369 4473 1452 4540 Ufldfl
1730 4565 1732 4568 ,

491 4579 576 4666 qarod
598 4579 684 4646 dixi:
714 4579 830 4646 «Beati
852 4579 942 4648 eritis
957 4605 989 4658 »,
1013 4579 1052 4646 de
1074 4579 1233 4664 aliquibus
1256 4584 1398 4646 restrum
1422 4583 1452 4644 et

491 4685 639 4772 pluribus
661 4691 709 4752 est
731 4685 983 4772 intelligendum·
996 4685 1059 4752 Sed
1082 4693 1120 4750 nt
1135 4681 1338 4772 implentur⁵
1363 4683 1452 4752 Scri-

488 4795 610 4878 ptura:
638 4791 703 4888 Qui
723 4791 907 4884 manducet
922 4783 1050 4858 roccum
1064 4807 1201 4878 ponem,
1226 4789 1258 4858 td
1277 4797 1325 4858 ost
1347 4791 1452 4858 sotius

563 5221 573 5254 ²
591 5225 666 5278 Vens.
686 5223 734 5278 nl:
754 5223 809 5278 lion
827 5231 867 5278 est
884 5223 1029 5290 discipulus
1049 5227 1128 5290 super
1147 5225 1319 5290 magistrum,
1337 5237 1387 5278 nec
1399 5239 1451 5278 ser·

491 5327 541 5366 rus
561 5328 639 5380 super
657 5313 796 5366 dominum
815 5309 901 5368 ouum.
922 5317 991 5366 loon.
1011 5313 1059 5378 t5,
1078 5317 1127 5366 20:
1141 5315 1197 5368 Non
1208 5321 1248 5368 est
1259 5327 1354 5368 servus
1367 5315 1450 5368 maior
1473 5363 1477 5374 ,

492 5397 599 5456 domino
614 5413 729 5476 'suot—f
749 5401 919 5456 servavimus
942 5403 1080 5456 lectionem
1106 5403 1164 5466 ed.;
1184 5401 1357 5456 condentur
1382 5403 1450 5456 duos

492 5489 539 5544 bos
559 5489 631 5562 locos
647 5491 761 5554 allegant
778 5491 819 5542 his
836 5487 927 5544 verbis
945 5489 1020 5560 iufra
1037 5489 1137 5546 decimo
1151 5489 1258 5560 quinto,
1271 5491 1450 5546 omissoMui·

492 5581 564 5638 thuec'
580 5581 690 5638 decemo.
709 5611 744 5620 -
761 5583 831 5634 loen.
844 5579 990 5650 Diaconos,
1004 5585 1030 5635 ll.
1045 5587 1070 5636 S.
1082 5583 1203 5648 Gregorii
1217 5581 1306 5648 blogni
1315 5583 1370 5636 vita
1382 5595 1405 5634 c.
1420 5583 1448 5634 l:

492 5663 592 5726 Primus
617 5671 741 5726 omnium
761 5685 789 5724 se
813 5671 838 5722 in
864 5665 993 5738 principio
1016 5673 1185 5736 epistolarum
1210 5665 1450 5726 serarumserouut

491 5755 632 5816 aereorum
650 5755 700 5814 net
716 5755 795 5814 scribi
815 5761 878 5812 satis
897 5759 1026 5812 humiliter
1046 5761 1173 5814 definivit.
1187 5747 1249 5814 Cir.
1272 5759 1399 5814 Praelmm
1424 5761 1449 5812 in

491 5841 615 5916 epistolas
627 5853 651 5902 S,
665 5841 785 5914 Gregorii
804 5849 903 5914 blegni,
917 5863 942 5900 n.
957 5845 986 5902 ll
999 5887 1005 5912 ,
1017 5847 1068 5902 obt
1076 5849 1238 5902 abiectiones
1250 5851 1449 5902 iu‘eoutrarium

449 5949 451 5954 ’
493 5935 573 5992 tactae
597 5931 747 6006 solvuntur,
773 5945 799 5992 et
819 5931 960 6004 probatur,
977 5937 1144 6004 aragonum
1166 5939 1245 5992 luisse
1259 5937 1382 6006 primurn
1402 5937 1449 5992 Pu·

491 6043 568 6096 pum,
587 6027 634 6094 qui
652 6041 716 6080 usus
737 6027 813 6080 luerit
831 6029 881 6078 hoc
899 6025 987 6088 titulo,
1005 6023 1065 6076 licet
1089 6025 1132 6076 alii
1157 6023 1274 6088 episcopi
1299 6025 1351 6076 iarn
1376 6025 1449 6088 prius

491 6097 562 6166 illum
581 6107 762 6188 adhibuerint,
780 6121 810 6166 ut
827 6099 952 6178 braeost,
973 6111 1053 6178 Epist.
1070 6111 1131 6164 Cli.
1152 6109 1227 6178 (alias
1246 6109 1332 6178 007οι
1361 6113 1449 6178 hogtr-

491 6201 573 6256 stinus
592 6203 858 6268 episcopusservus
876 6199 971 6254 Christi
989 6205 1014 6252 et
1032 6211 1080 6264 per
1099 6199 1186 6264 ipsum
1205 6191 1299 6250 sericus
1311 6207 1448 6250 servornm

492 6291 587 6358 ipsius,
608 6293 684 6346 Vitali
702 6291 772 6344 lratri
794 6291 894 6356 inipso
915 6290 1035 6342 salutem.

561 6377 571 6408 ⁹
591 6381 618 6434 ln
637 6383 705 6434 loan.
725 6379 814 6434 homil.
831 6379 876 6432 tr.
893 6373 1042 6446 (eliasib.)
1061 6393 1088 6430 u.
1108 6379 1142 6430 l.v

562 6465 674 6544 ilices.¹
686 6469 730 6538 25.
748 6497 783 6508 -
803 6469 859 6522 Duo
877 6483 951 6536 seqq.
971 6467 1021 6520 loci
1042 6465 1105 6520 suut
1127 6465 1265 6528 mattha,
1279 6467 1329 6518 00.
1348 6493 1382 6540 -7-
1401 6463 1449 6516 nti·

489 6543 712 6634 quantoiuf'eriu's
732 6569 781 6626 prb
799 6553 945 6632 recredet
962 6559 1087 6634 adeum
1107 6571 1159 6610 rano
1182 6555 1319 6634 ‘alteroque
1345 6553 1404 6632 cod.
1424 6559 1449 6606 et

491 6637 814 6718 Gomano'eecredut'nr.
859 6663 887 6670 ·¹
1118 6665 1129 6672 ·¹
1208 6715 1209 6720 η
1378 6667 1379 6670 ¹

539 6717 541 6722 '
561 6725 573 6760 ³⁴
591 6721 702 6800 sargan
721 6727 795 6788 canu
811 6725 896 6808 cotti..
912 6755 947 6776 -
967 6729 1119 6802 sequuntur
1136 6735 1224 6786 ltattb.
1243 6733 1293 6798 ao,
1313 6733 1357 6784 ra.
1373 6735 1401 6784 er
1419 6731 1446 6784 u.

492 6815 712 6884 tinnulas
932 6835 938 6846 ·
1149 6817 1156 6834 ’·
1260 6817 1285 6848 -’

561 6897 709 6972 ‘'vulgatn
723 6905 915 6978 adimpleatur.
931 6929 968 6952 ··-·
986 6895 1074 6964 Verbe
1093 6907 1187 6966 Psalmi
1207 6911 1254 6976 tu,
1266 6901 1316 6964 00.
1343 6909 1449 6966 interius

1191 581 1386 658 COMMENT,
1410 583 1446 648 IN
1470 579 1635 650 lOANNEll
1659 583 1693 648 C..
1716 583 1788 648 Xlll.

1523 757 1756 838 commensalis,
1781 757 1899 826 eccon
1921 759 2113 834 calcaneum
2144 777 2244 826 suurn
2269 767 2387 826 contro
2408 781 2476 842 nce,

1523 863 1552 930 in
1578 865 1716 946 Psalmo;
1739 865 1912 932 seeundum
1946 867 2038 934 aliam
2071 865 2322 934 translationem:
2351 869 2478 934 «Homo

1523 969 1607 1054 pacis
1628 987 1734 1052 meae,
1759 971 1790 1036 in
1813 989 1878 1058 quo
1901 973 2040 1058 sperari,
2063 971 2118 1060 qui
2144 973 2253 1040 edebat
2268 991 2363 1058 panes
2381 989 2477 1052 meos

1521 1075 1731 1162 magnificavit
1766 1095 1862 1162 snper
1903 1097 1955 1146 me
1987 1077 2334 1164 supplantationem»,
2353 1081 2478 1144 Laome

1520 1189 1625 1252 antem
1652 1183 1860 1264 calcaneum,
1885 1189 1920 1252 ut
1952 1185 2028 1252 dicit
2056 1183 2336 1270 chrysostomusi,
2362 1189 2410 1252 est
2435 1183 2503 1254 le„

1520 1307 1596 1358 rare
1618 1289 1882 1370 calcitrationern,
1905 1291 2013 1358 dolum
2036 1299 2068 1360 et
2090 1291 2232 1358 fraudem
2250 1295 2281 1358 et
2295 1289 2477 1358 occultatio-

1520 1413 1593 1464 nem
1614 1395 1808 1464 insidiarum.
1835 1397 1869 1462 Et
1894 1397 2034 1482 loquitur
2049 1415 2106 1482 per
2123 1383 2373 1466 similitudinem:
2396 1395 2477 1464 sicut

1520 1505 1628 1582 homo,
1653 1501 1779 1588 qnando
1800 1503 1870 1570 vult
1893 1503 2078 1572 conculcare
2093 1521 2175 1584 reru,
2199 1505 2280 1572 levat
2295 1501 2475 1570 cucaneun

1520 1623 1615 1690 super
1640 1625 1725 1686 eam3
1749 1607 1794 1674 sic
1826 1607 1915 1674 ludas
1943 1609 2138 1676 conculcarit
2158 1609 2329 1676 Christum.
2354 1609 2392 1674 Et
2417 1607 2477 1674 hoc

1520 1711 1643 1780 dicebat
1664 1713 1703 1780 de
1724 1715 1814 1792 luda,
1839 1731 1901 1782 uon
1923 1731 1997 1780 eum
2021 1717 2214 1796 accusando,
2231 1715 2284 1784 sed
2309 1715 2477 1802 discipulos

1520 1819 1721 1900 instruendo,
1745 1837 1785 1888 ne
1808 1819 1974 1888 crederent
1996 1837 2069 1888 eum
2091 1819 2242 1888 traditum
2267 1831 2302 1888 ut
2318 1821 2476 1888 bominem

1520 1943 1648 2012 purum.
1673 1927 1841 2012 Propterea
1862 1925 1986 1992 subdit:

1553 2053 1555 2056 ·
1607 2035 1660 2102 ⁶23.
1679 2033 1780 2116 (Vers.
1800 2033 1875 2116 la).
1893 2033 2043 2098 Αιιιοιίιι7
2061 2031 2134 2100 dico
2148 2031 2259 2110 vobis,
2271 2031 2475 2120 priusquam

1518 2141 1598 2230 duh
1622 2149 1677 2222 ut,
1702 2159 1779 2208 curra
1799 2139 1930 2228 suctum
1952 2137 2075 2228 fuerit,
2102 2139 2267 2218 credulis,
2303 2137 2385 2228 quin
2418 2155 2475 2226 epo
2500 2207 2502 2212 ,

1518 2269 1609 2330 sura,
1634 2249 1749 2320 scilicet
1773 2251 1876 2330 Deus,
1900 2249 1955 2334 qui
1978 2247 2042 2316 scio
2057 2245 2178 2326 omnia,
2195 2251 2361 2332 aanuam
2385 2245 2473 2326 stant3

1520 2355 1722 2428 Ecclesiastici
1737 2357 1887 2442 vigesimo
1903 2355 2013 2422 tertio:
2034 2381 2051 2414 ι
2063 2353 2194 2422 Domino
2208 2353 2290 2434 Deo,
2308 2359 2475 2438 antequam

1519 2469 1721 2542 crearentur,
1746 2463 1849 2530 omnia
1873 2467 1949 2530 sunt
1969 2461 2074 2548 agnita
2088 2487 2104 2520 ι
2131 2467 2193 2550 etc.
2324 2471 2325 2474 ’

1606 2569 1659 2632 al.
1685 2567 1785 2650 (Vens.
1811 2567 1889 2650 00).
1917 2569 2041 2644 Arnen,
2067 2585 2163 2632 nureo
2194 2565 2266 2632 dico
2297 2563 2397 2632 cobis.
2422 2563 2475 2630 Hic
2495 2573 2596 2620 raretum.

1490 2701 1492 2704 ·
1518 2671 1610 2736 tertio
1635 2671 1781 2736 hortatur
1803 2669 1842 2736 acl
1865 2669 2051 2738 imitandum
2067 2689 2099 2738 se
2124 2673 2155 2738 in
2171 2673 2291 2740 honore
2308 2687 2473 2740 servorum

1518 2793 1650 2843 suorum
1670 2775 1917 2842 consideratione
1933 2777 2177 2860 mephitudinis
2192 2777 2312 2842 meriti.
2328 2779 2472 2862 Magnum

1517 2881 1600 2948 enirn
1626 2881 1775 2948 meritum
1798 2881 1893 2948 habet
1915 2881 1969 2966 qui
1994 2881 2161 2948 Dominum
2185 2881 2335 2962 honorat,
2360 2887 2391 2948 et
2408 2881 2475 2968 ipse

1517 2985 1668 3054 Dominus
1694 2989 1845 3054 bonorem
1869 2987 1984 3054 iactum
2010 3005 2100 3054 servo
2117 2993 2244 3072 reputat
2259 3005 2369 3068 suum;
2385 2995 2417 3052 et
2432 2987 2474 3052 ita

1517 3111 1664 3180 magnum
1689 3093 1836 3161 meritum
1860 3085 1955 3161 habet
1977 3093 2031 3180 qui
2057 3095 2190 3162 honorat
2204 3093 2319 3160 Christi
2335 3111 2473 3160 serrum.

1517 3201 1685 3286 Propterea
1707 3199 1794 3268 dicit:
1823 3201 1888 3284 Qui
1920 3199 2061 3286 occipit,
2082 3199 2116 3266 ιι·
2144 3217 2239 3286 quent
2261 3199 2398 3278 misero,
2423 3217 2474 3264 rue

1517 3305 1657 3390 occipit,
1682 3305 1712 3372 id
1748 3313 1809 3388 est,
1832 3307 1887 3392 qui
1918 3307 2054 3378 honorat
2085 3307 2217 3374 missum
2254 3307 2388 3372 honorat
2425 3325 2475 3372 me

1515 3411 1708 3492 mittentem3
1725 3413 1872 3480 llllatthaei
1886 3411 2033 3498 vigesimo
2046 3413 2156 3498 quinto
2168 3413 2199 3480 ⁸:
2216 3411 2403 3496 «Quamdiu
2419 3411 2474 3478 uni

1516 3535 1558 3586 ex
1583 3517 1719 3586 minimis
1735 3519 1815 3586 meis
1829 3519 1955 3598 fecistis
1971 3519 2049 3586 mihi
2066 3519 2225 3586 lecistis».
2255 3521 2292 3586 Et
2308 3517 2367 3608 qui
2387 3517 2475 3586 ucci—
2504 3509 2506 3514 ’

1511 3625 1566 3712 pit
1585 3625 1637 3692 rue
1658 3625 1781 3712 occipit
1803 3645 1879 3692 eoru
1901 3625 1960 3714 paci
1981 3625 2073 3692 arrisit
2093 3645 2163 3706 rue,
2187 3625 2217 3692 id
2242 3631 2307 3706 est,
2336 3625 2390 3712 qui
2417 3625 2474 3692 ho·

1511 3739 1606 3798 norat
1630 3731 1740 3798 Filium
1763 3731 1897 3798 honorat
1921 3733 2061 3814 Patrem,
2084 3733 2138 3818 qui
2164 3733 2250 3800 misit
2275 3750 2372 3812 eum;
2398 3733 2475 3798 llat-

1516 3839 1599 3906 tbaei
1623 3839 1743 3906 decimo
1765 3837 1881 3906 dicitur
1904 3838 2021 3906 simile:
2051 3837 2137 3922 «Qui
2153 3857 2209 3908 ros
2225 3839 2337 3922 recipit
2360 3855 2409 3904 me
2426 3855 2475 3904 re-

1515 3945 1607 4032 cipit,
1631 3951 1663 4012 et
1686 3945 1740 4030 qui
1763 3963 1815 4012 me
1837 3945 1949 4030 recipit
1971 3943 2081 4032 recipit
2105 3963 2178 4012 eum
2200 3943 2254 4030 qui
2279 3961 2329 4012 me
2345 3943 2472 4012 misit».

1517 4051 1552 4116 nt
1574 4069 1616 4118 ex
1650 4051 1710 4118 hoc
1742 4051 1904 4136 arguitur,
1934 4043 2017 4137 quod
2049 4051 2130 4118 sicut
2152 4057 2199 4118 est
2222 4069 2334 4138 magna
2363 4057 2474 4114 truns-
2494 4059 2624 4104 noenum.

1514 4155 1642 4240 pressio
1665 4157 1765 4222 Deum
1789 4155 1959 4240 despicere,
1977 4160 2007 4222 el
2023 4175 2174 4240 magnum
2188 4155 2346 4222 meritum
2369 4155 2475 4240 ipsum

1517 4261 1692 4340 honorare;
1715 4261 1761 4328 sic
1783 4261 1876 4328 etiam
1900 4261 1934 4328 in
1956 4261 2058 4330 servis
2079 4261 2144 4330 Dei.
2465 4257 2468 4266 ’

1883 4475 2111 4558 Quansrronns

1571 4707 1572 4710 ¹
1604 4687 1656 4754 00.
1682 4687 1807 4772 Quaest.
1831 4687 1852 4752 l.
1877 4689 1935 4756 Sed
1960 4687 2127 4774 quaeritur
2150 4689 2200 4756 hic
2225 4687 2341 4774 primo:
2370 4707 2471 4774 quare
2563 4657 2570 4666 ἣ

1514 4793 1669 4888 Dominus
1688 4795 1772 4862 dedit
1795 4793 1955 4880 discipulis
1988 4795 2053 4862 suis
2075 4795 2181 4888 magis
2203 4795 2387 4878 exeruplum
2413 4795 2473 4862 bu-

1513 5227 1587 5286 allata
1607 5233 1668 5282 sunt
1686 5227 1827 5294 Vulgatae,
1847 5243 1959 5296 quorum
1980 5227 2097 5280 ultimam
2116 5233 2217 5292 partem
2236 5227 2356 5294 Hieron,
2378 5227 2474 5278 Biblio-

1513 5319 1605 5368 thecae
1622 5317 1729 5370 dirinae
1746 5315 1791 5368 lib.
1811 5317 1988 5380 Psalmorum,
2005 5317 2047 5368 Ps.
2066 5315 2094 5368 dl
2106 5353 2115 5380 ,‚
2126 5315 2277 5368 exhibctite
2287 5335 2293 5368 r
2305 5313 2402 5370 leuumt
2414 5329 2474 5370 cott-

1514 5407 1561 5458 trn
1578 5419 1622 5458 one
1634 5407 1777 5474 plantant,
1798 5407 1923 5470 angust,
1940 5407 2058 5458 Enarrat.
2075 5405 2104 5456 in
2121 5401 2475 5472 tantundemtatutndem

1512 5507 1596 5562 super
1616 5503 1656 5548 rue
1676 5493 1842 5548 colcouenru.
1860 5521 1895 5534 ·-
1915 5493 1959 5546 Ed.
1980 5493 2055 5558 legit,
2074 5493 2284 5558 interpunctione
2307 5491 2421 5554 variata,
2443 5491 2473 5546 iu

1513 5581 1622 5638 Psalmo
1631 5581 1780 5638 sectandum
1793 5581 1876 5638 aliurn
1889 5579 2105 5636 translationem.
2117 5579 2172 5632 Nos
2183 5583 2292 5632 nutent:
2309 5579 2396 5632 Hooco
2409 5585 2473 5644 etc,

1512 5685 1582 5738 quae
1601 5673 1677 5724 lectio
1694 5673 1800 5726 videtur
1817 5685 1849 5724 ex
1868 5673 1893 5724 S.
1914 5671 2013 5722 Thomu
2030 5669 2184 5738 (Conameut.
2197 5669 2225 5720 in
2237 5671 2306 5722 loon.
2320 5669 2361 5722 l3.
2374 5669 2432 5722 lect.
2446 5671 2472 5722 3.

1513 5761 1595 5830 mi.)
1618 5767 1722 5814 sumta:
1751 5763 1830 5814 «Hoc
1856 5765 1893 5814 est
1919 5759 2063 5812 secundum
2090 5759 2167 5810 aliana
2191 5759 2400 5828 translationem,
2425 5759 2472 5812 ubi

1513 5863 1563 5902 nos
1581 5847 1726 5902 babemus:
1745 5851 1843 5902 Etenim
1862 5851 1942 5900 homo
1955 5867 1970 5894 o
1991 5839 2043 5900 eta
2381 5857 2383 5864 ⁴

1583 5935 1638 5990 ilo
1659 5941 1729 5992 loan.
1747 5937 1836 5992 homil.
1854 5937 1898 5988 tt.
1919 5935 1990 6002 (alias
2008 5933 2062 6004 70.)
2085 5951 2110 5988 u.
2128 5939 2156 5990 2,
2174 5937 2198 5988 in
2213 5937 2278 5990 line:
2292 5939 2381 6004 Neque
2394 5937 2474 5992 dixit:

1514 6025 1606 6082 Tradit
1623 6043 1680 6094 me,
1699 6029 1746 6082 sed
1764 6025 1873 6082 Leoucit
1889 6039 1972 6094 super
1989 6037 2033 6080 arte
2049 6025 2222 6094 οαὶιιιιιιιιιιιι,
2240 6033 2271 6082 ut
2290 6027 2378 6080 dolum
2393 6033 2473 6082 ctoc·

1513 6117 1596 6192 cubas
1615 6115 1723 6170 iusidias
1741 6115 1891 6168 declararet.

1569 6199 1594 6236 ¹¹
1613 6205 1697 6260 Codd.
1716 6211 1741 6258 ct
1757 6205 1892 6256 Gerrauos
1912 6203 2008 6268 Areten,
2032 6219 2111 6260 uouere
2134 6205 2253 6274 (tortasse
2279 6211 2387 6272 propter
2408 6219 2472 6260 con-

1514 6291 1641 6346 tusionem
1662 6307 1723 6348 oum
1741 6303 1818 6346 uersu
1837 6293 1915 6360 sep),
1932 6319 1969 6334 -
1987 6293 2110 6362 Soqtritur
2129 6295 2203 6348 E'ccli.
2225 6295 2256 6346 03
2265 6333 2278 6360 ,η
2292 6295 2334 6346 09.
2393 6315 2394 6318 ¹

1584 6379 1689 6436 silers.
1710 6383 1751 6436 to.
1768 6409 1805 6420 ·-
1823 6379 1941 6434 Subinde
1963 6397 2016 6448 -pro
2040 6383 2075 6436 Et
2099 6381 2147 6452 put
2167 6381 2268 6452 accipit
2291 6397 2334 6436 roe
2359 6383 2471 6448 Vulgata

1505 6465 1569 6540 ,Oui
1591 6473 1685 6526 uolent
1704 6467 1807 6538 ¹(accipit
1823 6483 1873 6524 roe.
1893 6471 2016 6552 Sequitur
2036 6473 2121 6526 lletth.
2142 6473 2188 6538 lli,
2210 6471 2250 6524 lo.
2269 6499 2304 6516 -·-
2322 6471 2472 6538 chrysost,

1488 6561 1489 6564 ’
1513 6553 1542 6608 in
1559 6559 1626 6610 toan
1648 6551 1737 6612 homil.
1754 6557 1799 6610 70.
1817 6559 1893 6626 (alias
1912 6559 1969 6628 il.)
1985 6575 2014 6612 n.
2036 6559 2064 6610 l:
2086 6559 2151 6626 Quia
2174 6559 2266 6612 exituri
2291 6553 2365 6612 erant
2384 6559 2473 6628 [apo-

1451 6651 1453 6654 '
1513 6647 1586 6712 stoli]
1607 6653 1631 6700 et
1648 6649 1842 6714 graviamulta
1861 6649 1978 6714 passuri,
1996 6647 2177 6702 duubnsillos
2198 6649 2286 6700 rhodis
2309 6641 2472 6702 consolatur:

1513 6737 1540 6786 et
1553 6747 1571 6816 a
1591 6749 1619 6788 sc
1637 6741 1664 6810 et
1679 6735 1715 6790 ab
1733 6737 1815 6790 aliis...
1835 6737 1951 6790 Primum
1977 6751 2040 6790 vero
2064 6737 2243 6802 significavit,
2258 6751 2320 6790 corn
2344 6735 2421 6790 dixit:
2439 6733 2474 6790 ¹Si

1512 6819 1578 6910 hacc
1595 6821 1725 6900 feceritis,
1745 6823 1815 6880 beati
1830 6825 1925 6892 eritas·
1943 6817 2052 6908 alterum
2071 6839 2229 6890 vero‚·-cum
2253 6825 2334 6910 dicit:
2352 6821 2408 6890 Qct
2423 6837 2472 6878 oca
2520 6821 2521 6826 ’

1511 6907 1608 6978 recipit
1622 6923 1666 6964 me
1682 6913 1785 6982 recipit.
1799 6913 1926 6968 Dmuiuni
1945 6915 2046 6982 quippe
2061 6915 2160 6968 domos
2177 6915 2245 6980 ipsis
2260 6907 2365 6980 aperuit
2380 6919 2428 6966 etc.
2461 6909 2463 6916 ’
