5900 8266
489 541 491 544 ’
529 567 594 634 444

527 747 660 832 septime
677 749 704 810 1:
743 773 758 804 «
784 745 812 812 Si
845 751 927 814 esset
956 747 1125 832 propheta,
1160 745 1275 826 seirat,
1304 745 1418 832 qualis‘
1437 753 1485 814 est

527 853 659 930 mulier,
682 869 762 936 quae
788 851 884 938 tangit
910 869 1002 932 eum,
1029 851 1103 938 quia
1129 853 1291 936 peccatrix
1313 859 1362 918 est
1380 877 1413 916 4.
1439 889 1485 902 -

528 957 693 1044 Respondit
707 957 808 1024 ¹etiarn
824 975 883 1042 pre
900 975 935 1024 ea
957 957 1069 1024 sorori
1085 955 1295 1046 conquerenti
1306 963 1340 1024 et
1354 955 1482 1036 dicenti,

527 1065 627 1130 Lucae
659 1063 796 1130 decime:
825 1089 843 1122 «
859 1063 1001 1142 Domine,
1028 1081 1089 1130 non
1111 1061 1237 1128 esttibi
1261 1081 1376 1142 curae,-
1400 1061 1483 1146 qrrod

527 1187 616 1236 soror
630 1187 700 1236 meu
726 1167 854 1256 reliquit
867 1185 918 1234 me
933 1169 1032 1236 selam
1047 1167 1227 1236 ministrare
1239 1175 1275 1234 »4
1292 1203 1335 1216 -
1348 1167 1483 1252 Respon-

506 1287 510 1320 *
527 1275 570 1342 dit
603 1273 693 1342 etiam
725 1273 885 1360 discipule
917 1273 1153 1340 444444444444
1169 1281 1213 1340 et
1240 1273 1370 1342 dicenti:
1406 1273 1483 1340 «Ut

526 1381 610 1468 quid¹
625 1379 756 1464 perditio
782 1381 890 1446 haee»
919 1385 994 1458 ete,
1020 1381 1164 1446 Matthaei
1196 1379 1347 1466 vigesimo
1372 1385 1482 1460 sexto,

525 1493 556 1554 et
579 1485 699 1552 loannis
723 1487 929 1554 duodecime:
955 1487 1091 1570 «Quare
1112 1491 1311 1570 unguentum
1333 1505 1395 1554 non
1411 1503 1482 1552 rae·

525 1591 582 1658 4444
606 1591 751 1660 trecentis
776 1591 942 1660 denariis»
972 1599 1032 1660 ete.

286 1783 288 1786 Ι
613 1703 643 1766 2.
663 1699 696 1764 Et
713 1703 801 1778 nota,
818 1699 904 1786 qued
920 1697 1111 1784 respondens
1127 1699 1307 1776 Pharisaeo,
1325 1715 1481 1764 commen-

360 1817 510 1916 tggffgaggm·
525 1805 609 1874 444444
631 1803 744 1870 blaciae
769 1803 984 1882 dilectionum
1007 1805 1108 1870 Lucae
1132 1803 1304 1888 septirne²z
1337 1831 1351 1862 «
1370 1801 1480 1870 44444444-

486 1901 492 1914 ’
525 1917 636 1980 444444
661 1911 687 1978 44
702 1915 838 1996 ’4444444
859 1911 977 1990 444444,
1000 1909 1075 1996 quia
1097 1909 1209 1976 dilexit
1230 1907 1368 1978 multum
1391 1939 1419 1974 ».
1437 1945 1479 1960 -

525 2017 723 2104 despondens
737 2003 850 2098 sorori,
866 2015 1095 2082 commendavit
1109 2015 1224 2084 lllariae
1235 2017 1479 2094 discretionum·

524 2129 622 2194 haeae
647 2123 783 2192 decimo:
812 2149 829 2182 «
845 2121 939 2188 llaria
962 2123 1108 2208 optimate
1135 2131 1255 2208 partem
1280 2123 1372 2208 elegit
1390 2149 1419 2190 a.
1436 2159 1481 2172 -

523 2231 721 2318 despondens
742 2229 912 2314 discipule,
929 2229 1159 2296 commendavit
1180 2229 1294 2296 hieriae
1319 2229 1479 2314 operatio·-

524 2359 597 2406 44444
617 2339 737 2418 dicens,
763 2337 908 2418 Matthaei
923 2335 1074 2422 vigesimo
1097 2341 1206 2402 sexto:
1232 2361 1248 2394 «
1265 2335 1383 2402 Bonum
1400 2353 1479 2420 equus

522 2453 651 2532 operata
671 2451 720 2512 est
741 2445 775 2510 44
796 2461 847 2512 444
862 2469 894 2508 u.
918 2481 961 2492 —
983 2443 1070 2510 Unde
1094 2443 1254 2510 invenitur
1277 2443 1373 2508 llario
1396 2461 1478 2510 eorn-

522 2551 706 2622 mendahilis
735 2557 889 2638 quantum
920 2551 960 2616 ad
976 2549 1175 2638 intellectura
1191 2599 1194 2606 .
1208 2567 1250 2616 ex
1277 2549 1477 2630 discretione,

523 2669 675 2746 quantum
701 2659 738 2726 ad
755 2655 906 2746 4444444444
923 2675 966 2722 444
987 2657 1168 2734 dilectione,
1187 2663 1349 2740 ¹qrtantum
1367 2657 1404 2722 ad
1429 2653 1476 2742 ef-

521 2763 642 2852 44444444
665 2779 861 2848 creperum
887 2761 1009 2848 quietate.

869 2989 1031 3046 COLLthO
1050 2989 1130 3042 XLV.

608 3189 710 3274 (Vers.
737 3187 812 3270 44).
843 3189 1044 3272 aeceperunt
1077 3203 1191 3250 444444
1218 3183 1414 3268 putruerunt
1448 3191 1476 3250 44

517 3301 748 3382 precesserunt
770 3291 900 3360 eheiern
922 3291 961 3358 ei.

611 3403 639 3466 l.
662 3389 870 3484 Note,qued
897 3397 1015 3484 triplex
1044 3397 1203 3482 processio
1234 3395 1411 3464 celebretur
1443 3397 1474 3462 in

259 3533 261 3536 ·
353 3513 500 3610 rriggggiouo·
520 3491 662 3576 Ecclesia.
688 3507 872 3574 Celebratur
896 3503 977 3572 enirn
1003 3505 1159 3592 processio
1186 3523 1258 3572 44444
1280 3505 1409 3580 rencia
1437 3505 1474 3572 de

418 3599 498 3664 44444
519 3635 582 3702 qua
614 3615 687 3682 bie:
713 3615 917 3698 deceperunt
950 3617 1027 3690 ete,
1064 3619 1093 3678 et
1130 3613 1206 3678 haee
1241 3611 1473 3678 celebraturis

392 3725 497 3772 stenu.
518 3721 674 3790 Paschate.
704 3757 747 3770 -
775 3721 828 3786 Est
856 3717 1015 3802 processio
1046 3735 1119 3784 44444
1151 3715 1316 3794 luceretu-
1344 3717 1384 3784 de
1412 3735 1474 3802 qua

507 3829 661 3896 ,llatthaei
696 3825 844 3912 vigesimo
880 3823 990 3910 quinto
1008 3823 1037 3888 ³:
1068 3823 1252 3910 «Virgines
1285 3829 1474 3910 acceperunt

518 3935 674 4020 lampades
698 3951 771 4000 suas
797 3939 829 4000 et
851 3931 1002 3998 exierunt
1034 3931 1157 3996 obuiam
1184 3949 1296 4016 sponso
1320 3935 1350 3996 et
1381 3947 1473 4014 spon-

518 4061 570 4110 sae
585 4067 624 4120 »3
647 4041 686 4108 de
709 4059 771 4126 qua
794 4039 888 4108 etiam
904 4039 937 4104 in
959 4039 1096 4104 Psalmo:
1125 4037 1263 4122 «Specie
1279 4043 1334 4104 tua
1358 4043 1389 4104 et
1404 4037 1474 4122 pul-

518 4147 671 4216 critudine
695 4153 751 4212 tua
774 4145 911 4222 intende,
938 4161 1086 4230 prospere
1111 4141 1245 4228 procede
1267 4149 1299 4210 et
1319 4161 1414 4228 regna
1435 4167 1472 4222 »3

417 4257 498 4304 4444·
517 4261 546 4322 44
571 4255 647 4320 haee
662 4251 841 4318 celebratur
866 4251 897 4316 in
913 4249 1142 4316 Purificactone.
1156 4285 1198 4296 -·
1215 4249 1268 4314 Est
1292 4249 1384 4314 etiam
1400 4267 1473 4334 pro-

517 4357 614 4426 cessio
638 4375 710 4422 cum
732 4355 879 4434 porcillis,
914 4359 946 4420 et
975 4359 1050 4420 sunt
1076 4351 1194 4420 vexilla
1223 4351 1473 4420 Christianorum

515 4465 647 4550 insignia
669 4461 839 4548 passionis,
864 4461 955 4528 iuxta
977 4459 1097 4526 illud4:
1128 4485 1142 4516 4
1166 4459 1287 4526 vexilla
1304 4459 1385 4544 regis
1400 4477 1473 4544 pro-

515 4571 644 4638 444444»
671 4579 750 4648 444.;
773 4569 813 4634 ad
835 4585 933 4654 quarn
954 4585 1012 4632 nes
1034 4565 1144 4632 4444444
1167 4565 1331 4650 apostolus
1355 4565 1392 4630 ad
1417 4567 1473 4632 He-

514 4679 627 4744 braeos
641 4675 762 4744 decimo
776 4675 887 4742 tertie:
909 4699 929 4732 <e
940 4675 1095 4740 Exearnus
1112 4671 1234 4738 adeum
1251 4677 1343 4738 extra
1361 4679 1473 4750 eastra,

514 4783 743 4870 improperium
764 4783 831 4848 eius
855 4787 1015 4868 pertentes
1031 4803 1068 4860 »3
1091 4787 1124 4846 et
1145 4777 1224 4846 haee
1249 4777 1472 4846 celebraturin

514 4891 745 4978 Rogationihus.
917 4979 918 4982 Ἴ
990 4897 992 4900 ’

602 5001 633 5064 2.
656 4999 785 5064 attendo
810 4995 925 5080 igitur,
948 4993 1033 5080 qued
1058 4993 1233 5080 precedunt
1255 4991 1374 5060 444444
1396 5011 1469 5060 4444

348 5103 627 5206 &ggqara-ramis,
659 5103 809 5190 uirgines
845 5119 919 5170 44444
953 5101 1092 5170 44444444
1124 5107 1154 5168 44
1190 5101 1363 5186 apostotici
1401 5101 1473 5168 uiri

512 5317 638 5404 gnificat
659 5315 847 5402 obsequium
872 5313 1075 5392 ectieernrn,
1106 5313 1159 5398 qui
1184 5311 1308 5380 Christo
1333 5313 1470 5380 elierunt

512 5441 618 5490 ramos
649 5423 808 5490 honorum
829 5437 973 5506 eperum.
999 5419 1157 5488 Processio
1191 5437 1266 5486 uero
1298 5419 1470 5506 virgineae

512 5529 666 5616 signifieat
698 5527 885 5614 obsequium
926 5527 1275 5612 eercterrrpletieernnr,
1311 5527 1365 5612 qui
1406 5527 1469 5594 Deo

512 5635 648 5704 efferunt
683 5635 826 5702 arderem
866 5633 1077 5718 spiritualium
1118 5631 1356 5700 desideriorum.
1394 5633 1470 5698 Pro-

580 6017 591 6050 ²
612 6019 687 6072 Vers.
704 6019 749 6070 39.
765 6045 803 6058 -
820 6019 885 6072 Tres
911 6031 986 6086 seqq.
1003 6019 1053 6072 leei
1076 6021 1137 6072 sunt
1163 6021 1224 6072 Luc.
1244 6019 1291 6086 te,
1310 6019 1359 6088 403
1380 6019 1469 6070 llattlr.

510 6109 561 6172 26,
579 6109 607 6160 8.
625 6113 649 6158 et
668 6107 740 6160 lean.
757 6107 807 6172 l2,
825 6107 852 6160 5.

580 6193 592 6224 ²
613 6195 687 6250 Vers.
705 6193 748 6248 tr.
766 6223 804 6236 -·
821 6197 975 6262 Sequuntur
992 6197 1055 6248 Luc.
1072 6197 1119 6260 40,
1137 6195 1182 6248 42.
1202 6203 1229 6250 44
1246 6197 1334 6250 4444444.
1356 6197 1405 6260 26,
1425 6195 1468 6246 40.

580 6277 686 6336 ³Vers.
709 6283 740 6334 l:
760 6283 927 6348 decipientes
952 6283 1089 6348 lampades
1116 6295 1191 6350 suas,
1212 6283 1329 6336 exierunt
1348 6287 1396 6334 ete.
1422 6279 1467 6348 (ita

509 6373 588 6424 etiam
608 6371 646 6440 B).
666 6397 702 6412 -—
721 6369 839 6424 Subinde
858 6373 984 6436 allegatur
1002 6373 1044 6424 Ps.
1062 6371 1112 6438 44,
1130 6371 1158 6424 5.

580 6457 592 6488 ⁴
611 6463 732 6526 Hymnus
749 6475 799 6526 pro
816 6461 942 6526 vesperis
965 6461 1113 6514 dominicae
1133 6461 1272 6516 Passionis.
1290 6487 1326 6500 κ·
1346 6459 1469 6538 Sequitur

509 6549 590 6604 Hehr.
611 6551 657 6616 43,
678 6547 943 6616 taenearum,
969 6553 1053 6604 Serm.
1071 6551 1098 6604 4.
1116 6557 1142 6604 44
1162 6553 1184 6604 2.
1205 6551 1231 6604 in
1253 6551 1389 6604 Donrinica
1415 6551 1469 6604 Pal·

508 6651 630 6704 marum;
650 6641 735 6692 Sernr.
753 6639 780 6692 2.
798 6639 831 6692 de
851 6639 1032 6694 purificatione
1050 6641 1077 6692 Β.
1098 6639 1200 6694 4444444.

579 6721 684 6780 54444.
710 6729 736 6780 8.
758 6755 795 6768 -
818 6727 938 6782 Subinde
968 6729 1094 6794 allegatur
1119 6729 1188 6782 leae.
1216 6731 1263 6796 42,
1290 6731 1341 6784 434
1358 6729 1467 6798 deene-

507 6815 604 6866 runt...
620 6817 645 6866 et
665 6811 834 6868 elenaehent:
854 6817 997 6880 Hosennu,
1017 6813 1389 6886 concurrereconcurrere.
1409 6817 1466 6886 (cir.

508 6899 597 6952 4444444.
616 6901 659 6966 24,
678 6901 707 6952 9:
728 6901 889 6962 Ι0444444444
907 6903 1038 6960 dieentes:
1056 6905 1186 6960 44444444
1205 6903 1260 6976 tilio
1281 6903 1392 6974 4444444).

988 565 1242 636 COLLthONES
1268 571 1304 656 itt
1327 569 1506 636 thNNEM
1520 571 1597 636 cae.
1621 571 1681 636 Xll.
1709 571 1812 638 cent.
1838 571 1923 638 lats.
1947 573 2044 640 Xhl'l.

1550 747 1649 814 cessio
1678 767 1754 814 vere
1783 749 2000 832 Apostolorum
2025 751 2176 836 significat
2204 747 2426 838 perfectorum
2452 751 2506 818 eh-

1549 853 1713 938 sequium,
1729 855 1802 940 qui,
1815 855 1990 940 passionem
2009 857 2121 922 Christi
2141 857 2310 944 imitantes,
2327 865 2505 942 sequuntur

1547 957 1651 1042 ipsum
1674 977 1731 1042 per
1749 961 1854 1036 ,ardua
1877 967 2124 1028 tormentorum,
2185 1005 2186 1008 =
2216 991 2236 1010 ν
2278 999 2282 1010 ⁶

1637 1063 1666 1130 3.
1693 1067 1914 1150 deceperunt,
1939 1065 2060 1150 inquit,
2084 1085 2199 1132 4444444
2220 1073 2285 1134 ete*
2303 1069 2395 1146 Nota,
2417 1067 2505 1152 qued
2522 1083 2604 1144 4444
2623 1085 2654 1146 4.

1546 1165 1579 1232 44
1601 1167 1661 1234 4444
1683 1169 1881 1254 processione
1911 1171 1972 1236 trin
1994 1169 2112 1238 iaciunt
2145 1171 2283 1238 tnrbec:
2313 1171 2504 1238 vestimentu
2525 1141 2585 1180 Μ
2598 1141 2648 1180 ‘⁸³'

1542 1281 1760 1360 prosternunt
1775 1275 1805 1342 in
1831 1275 1898 1354 444;
1913 1275 2057 1342 hlatthaei
2076 1277 2223 1362 vigesimo
2243 1275 2344 1362 primo
2356 1275 2385 1342 ⁵:
2403 1301 2418 1334 4
2432 1277 2504 1342 Plu-
2574 1357 2575 1360 ¹

1546 1381 1626 1446 rima
1650 1381 1743 1448 turha
1775 1387 1956 1448 straverunt
1985 1383 2169 1450 vestimenta
2202 1383 2314 1450 44444
2337 1383 2434 1450 444».
2460 1419 2503 1430 -·

1544 1489 1668 1552 Bornos
1700 1485 1830 1572 fernum
1854 1489 1939 1554 unde
1961 1489 2034 1554 hic:
2066 1493 2269 1576 deceperunt
2290 1509 2405 1556 remes
2426 1489 2503 1576 pel·
2576 1487 2577 1490 ’

1544 1611 1692 1658 eternae.
1707 1627 1747 1640 -
1763 1591 1921 1658 4444444444
1935 1591 2166 1680 prosternens
2183 1595 2267 1662 unde
2282 1595 2445 1682 sequitur:
2464 1597 2503 1660 Et

1544 1699 1755 1786 4444444444.-
1778 1699 1941 1768 Horonon
1962 1699 2031 1786 44444
2056 1701 2173 1768 Doeid.
2194 1739 2233 1750 —
2256 1703 2313 1768 Per
2335 1705 2412 1770 haee
2442 1701 2502 1768 tria
2515 1717 2666 1814 &gradui-

1544 1813 1617 1872 nota
1643 1805 1703 1872 tria
1724 1825 1821 1892 opera
1844 1807 2066 1892 poenitentiae,
2089 1825 2168 1894 quae
2198 1815 2286 1876 siunt:
2318 1809 2500 1886 ieiunium,
2546 1781 2625 1862 ³³¹⁰·

1544 1911 1746 1998 eirenes-qne
1769 1919 1800 1978 et
1824 1915 1930 1978 444444
1944 1915 1965 1978 ⁶.
1991 1915 2023 1978 ln
2043 1915 2269 2000 prosecutione
2299 1915 2501 1982 4444444444-

1543 2037 1623 2086 4444
1647 2025 1720 2086 neta
1751 2019 1923 2086 4444444444.
1959 2021 2044 2086 Cere
2070 2021 2151 2088 enim
2181 2023 2499 2100 testimonimum

1538 2129 1757 2212 percontantis,
1773 2127 1837 2208 444;
1851 2127 2034 2214 prostratio
2060 2125 2154 2212 igitur
2178 2129 2445 2196 vestimentorum
2466 2129 2499 2194 44
2562 2161 2563 2164 “

1542 2233 1593 2302 444
1616 2241 1662 2302 444
1686 2235 1885 2302 mortificatio
1907 2233 2011 2302 earnis
2032 2233 2067 2302 in
2088 2233 2286 2320 poenitentia.
2315 2271 2354 2284 -
2380 2235 2412 2300 ln
2444 2253 2500 2302 ec-

1542 2343 1686 2428 ceptiene
1702 2329 1881 2410 4444444444
1899 2341 2092 2428 significatur
2114 2341 2334 2432 ulcereesgne;
2358 2343 2437 2410 haee
2452 2349 2499 2410 est

1542 2465 1651 2512 ramus
1674 2447 1747 2514 honi
1771 2449 1875 2532 operis
1904 2449 2077 2532 procedens
2108 2467 2148 2516 er
2185 2449 2287 2516 radice
2321 2449 2458 2516 caritatis
2475 2449 2498 2514 ⁷.

1544 2553 1635 2618 —ln
1658 2553 1785 2620 eerrtiee
1811 2553 1928 2620 turbae
1951 2563 2023 2618 note
2038 2543 2231 2620 eretieneru.
2258 2555 2302 2622 llli
2322 2557 2403 2620 euim
2427 2575 2499 2622 can-

1542 2663 1608 2722 tant
1633 2657 1780 2728 Domino:
1812 2657 1984 2722 «Humana
2000 2659 2030 2722 44
2048 2657 2226 2738 excelsis»,
2246 2659 2299 2744 qui
2321 2659 2498 2740 obsecrant,

1541 2767 1579 2828 ut
1601 2763 1763 2828 salventur
1785 2761 1819 2828 in
1838 2761 1941 2830 caelis.

1886 2991 2045 3046 COLLA'llO
2066 2993 2151 3046 xlta

1620 3191 1728 3272 ltere.
1758 3189 1830 3274 434.
1857 3189 2070 3268 Bereedictus,
2093 3189 2152 3278 qui
2186 3191 2271 3274 444444
2296 3191 2330 3256 in
2366 3189 2496 3256 4444444444

1540 3297 1686 3366 Domini.
1761 3325 1762 3330 ¹

1632 3409 1658 3472 4.
1685 3403 1920 3472 0444444444444
1936 3403 2103 3470 adtentum
2121 3403 2235 3470 Christi
2255 3403 2288 3470 in
2304 3419 2440 3482 44444444,
2456 3403 2496 3470 de
2519 3413 2611 3458 Divisio·

1538 3533 1602 3600 que
1619 3509 1822 3598 spiritualiter
1836 3511 2056 3594 intelliguntur
2071 3509 2168 3576 uerba
2183 3511 2258 3590 ista,
2274 3509 2451 3576 invenimus
2463 3509 2495 3574 in
2542 3585 2544 3588 ,

1538 3623 1592 3700 44,
1618 3619 1694 3706 quid
1715 3617 1912 3684 4444444444
1937 3655 1977 3664 --
2003 3615 2077 3700 quid
2102 3617 2287 3682 4444444444
2302 3653 2345 3664 -
2367 3621 2396 3682 et
2421 3615 2496 3700 quid

1538 3725 1740 3790 4444444444
1763 3721 1813 3788 sit.
1831 3721 1882 3788 Est
1897 3721 1982 3788 enim
2006 3721 2159 3788 adventus
2175 3721 2243 3788 eius
2256 3721 2371 3808 dignus
2386 3719 2496 3788 oduui-

1537 3829 1686 3910 retieee,
1708 3829 1822 3914 dignes
1841 3827 2025 3906 dilectione,
2051 3827 2164 3912 dignus
2186 3829 2278 3894 etiam
2303 3827 2493 3892 imitatione.

1628 3937 1656 4000 2.
1679 3933 1887 4000 admiratione
1901 3931 2015 4018 dignus
2030 3939 2087 4012 est,
2106 3931 2129 4000 si
2146 3931 2390 4012 consideremus,
2408 3931 2495 3996 ccede
2527 3943 2636 4008 444444

1539 4039 1639 4120 44444,
1664 4057 1727 4128 qree
1751 4039 1835 4106 44444
1859 4044 1889 4104 44
1908 4047 2046 4124 prepter
2069 4037 2150 4126 qnid
2173 4039 2265 4106 uenit.
2291 4075 2331 4088 -
2355 3997 2661 4106 admira-tllltlnlh.

1537 4147 1609 4212 hilis
1631 4153 1680 4212 est
1707 4143 1844 4230 dignatio
1868 4143 1950 4222 44444,
1985 4145 2067 4230 qued
2090 4145 2128 4210 de
2151 4163 2283 4210 44444444
2306 4143 2408 4224 renit3
2439 4143 2493 4210 Sa·
2513 4111 2610 4202 hillones.

1537 4251 1673 4336 pientiae
1694 4249 1814 4318 decime
1836 4249 1989 4316 eetare⁸:
2018 4275 2035 4308 «
2051 4247 2251 4332 Omnipotens
2272 4267 2374 4316 sermo
2400 4253 2491 4326 tuus,

1537 4357 1686 4436 Domine,
1709 4357 1859 4424 exsiliens
1880 4355 1920 4422 de
1942 4357 2027 4422 caele
2051 4375 2068 4422 a
2097 4355 2254 4440 regalibus
2284 4355 2410 4422 sedibus
2439 4373 2492 4422 44-

1538 4465 1582 4528 444
1596 4489 1626 4528 ».
1643 4501 1686 4512 ·-
1701 4461 1896 4528 admirabilis
1913 4459 1972 4528 luit
1988 4461 2056 4528 eius
2070 4461 2217 4546 dignatio,
2231 4463 2315 4546 quod
2330 4463 2368 4528 ad
2384 4461 2492 4528 4444444
2510 4473 2574 4520 Ratio
2588 4475 2609 4518 a.

1537 4569 1638 4648 uenit,
1665 4567 1747 4636 unde
1777 4567 1808 4634 in
1832 4567 1968 4634 Psalmo:
1997 4593 2012 4624 «
2039 4567 2112 4634 Veni
2136 4567 2169 4634 in
2198 4567 2396 4636 altitudinem
2426 4585 2491 4634 rna-

1537 4675 1638 4754 ris»,
1665 4675 1694 4742 id
1724 4681 1769 4742 est
1798 4675 1828 4740 in
1861 4673 2118 4758 profunditatem,
2148 4701 2165 4734 <c
2184 4681 2217 4742 et
2247 4679 2416 4760 tempestas
2438 4675 2491 4742 de-

1538 4783 1645 4850 mersit
1670 4799 1719 4848 me
1735 4807 1764 4846 ».
1787 4819 1829 4830 -
1853 4781 1914 4846 Nee
1937 4779 2043 4846 minus
2063 4781 2216 4847 mirabilis
2238 4779 2373 4866 dignatio
2406 4781 2490 4858 eius,
2509 4791 2572 4838 Ratio
2588 4795 2607 4838 3-

1536 4887 1621 4974 qtued
1643 4881 1734 4972 quasi
1752 4883 1950 4972 pronihilo,
1981 4885 2098 4954 seilicet
2120 4905 2177 4972 pro
2201 4887 2328 4954 homine
2351 4887 2489 4972 perdite,

1535 4995 1636 5074 uenit3
1670 4993 1753 5076 unde
1776 4993 1922 5060 hlatthaei
1957 4993 2078 5060 decinro
2103 4993 2255 5080 quieter:
2288 4993 2383 5062 «Non
2420 5011 2490 5060 suin
2581 5055 2583 5062 s

1535 5101 1649 5170 missus
1663 5101 1731 5168 ¹nisi
1754 5101 1794 5166 ad
1814 5117 1905 5178 ores,
1921 5117 2000 5186 quae
2019 5099 2196 5184 perierunt,
2214 5101 2325 5168 dornus
2349 5100 2441 5168 lsrael
2459 5127 2488 5164 ».

513 5227 585 5278 eum
608 5209 743 5276 uexillis.
768 5209 804 5276 Et
825 5215 917 5286 neta,
941 5205 1025 5294 quod
1050 5207 1205 5292 processio
1231 5205 1411 5272 4444444444
1430 5205 1471 5274 si·
1499 5193 1503 5298 l
1535 5191 1575 5258 -ὲ
1605 5207 1803 5274 Considerate
1834 5225 1924 5290 erge,
1952 5205 2040 5272 44444
2067 5205 2154 5272 44444
2183 5211 2214 5272 44
2243 5225 2307 5294 qne
2338 5207 2421 5274 uenit
2460 5215 2490 5274 et

1531 5313 1770 5402 propterquod
1794 5315 1895 5392 44444,
1920 5319 1950 5380 et
1979 5317 2131 5380 «4444444
2156 5313 2304 5392 Domino,
2330 5313 2405 5398 quia
2431 5313 2490 5380 rni-

1534 5421 1644 5488 rebilia
1667 5421 1738 5488 iecit
1753 5447 1786 5488 u.
1808 5423 1870 5488 Hoe
1893 5427 1940 5488 est
1964 5439 2038 5506 ergo
2059 5419 2263 5488 admiratione
2287 5419 2424 5506 dignum.

1622 5525 1653 5594 3.
1684 5525 1742 5594 Sed
1773 5527 1977 5594 nihilominus
2006 5527 2118 5612 dignus
2151 5531 2198 5594 est
2228 5527 2395 5594 dilectione
2421 5525 2655 5636 sslflsfflillosffli'

1532 5633 1701 5710 adrentus,
1727 5633 1750 5700 si
1775 5631 2008 5700 consideremus
2031 5629 2190 5718 [4444444.
2214 5633 2303 5698 Venit
2328 5631 2428 5710 enim,
2455 5639 2489 5698 nt

1603 6015 1684 6072 ὃ(444
1703 6019 1745 6070 li'.
1765 6019 1835 6070 Sent.
1855 6017 1880 6070 d.
1897 6019 1937 6070 te.
1958 6031 1984 6082 p.
1997 6017 2026 6068 ll.
2038 6031 2061 6068 a.
2075 6019 2100 6070 4.
2112 6031 2140 6084 q.
2152 6017 2178 6070 4.
2197 6023 2223 6070 44
2240 6031 2265 6072 4.
2284 6019 2307 6070 2.
2328 6033 2376 6084 per
2395 6025 2487 6072 tetum.

1589 6103 1612 6180 ¹²
1630 6109 1749 6172 Gregor,
1770 6109 1797 6160 ll.
1814 6107 1913 6160 Hemil.
1929 6105 1959 6158 in
1980 6107 2081 6172 Euerg.
2100 6107 2188 6160 homil.
2210 6105 2253 6160 24.
2272 6121 2297 6160 n.
2318 6109 2346 6160 l:
2364 6099 2399 6160 Ut
2415 6109 2486 6160 eninr

1532 6197 1606 6250 444444
1623 6195 1727 6250 urheris
1742 6195 1810 6250 ruini
1829 6211 1860 6250 ex
1877 6209 1930 6248 unu
1949 6193 2039 6250 radice
2055 6193 2201 6262 prodeunt,
2215 6195 2251 6248 sic
2266 6197 2361 6248 multae
2377 6197 2486 6250 virtutes

1531 6299 1560 6338 ex
1579 6299 1629 6338 una
1650 6285 1755 6338 caritate
1775 6289 1939 6352 generantur.
1958 6285 2010 6336 Nec
2030 6283 2107 6336 habet
2124 6283 2223 6350 aliquid
2240 6283 2380 6338 viriditatis
2397 6299 2486 6338 4444444

1531 6369 1593 6424 honi
1611 6373 1714 6438 operm,
1733 6371 1752 6424 si
1773 6385 1825 6424 nen
1844 6377 1930 6424 manet
1948 6373 1977 6424 44
1994 6371 2084 6424 radice
2106 6373 2229 6424 caritatis.
2245 6399 2283 6412 —
2299 6371 2409 6426 lucterius
2429 6375 2487 6424 alle·
2543 6401 2544 6404 =

1531 6465 1607 6526 gatru
1623 6463 1703 6514 blare.
1722 6463 1764 6526 44,
1785 6461 1832 6514 lh:
1850 6459 1980 6514 44444444
1997 6457 2028 6514 444
2044 6457 2167 6514 rescisis.
2447 6529 2449 6532 Ι

1601 6545 1619 6578 ⁸'
1631 6551 1705 6604 Vers.
1726 6551 1768 6602 45.
1787 6577 1820 6588 -
1841 6547 2135 6616 sequestrasse.
2154 6547 2220 6600 Vide
2238 6547 2350 6616 Augurst.
2371 6547 2397 6602 44
2415 6552 2484 6602 laune

1530 6637 1616 6690 lecum
1637 6637 1727 6706 (serm.
1747 6637 1772 6690 l.
1790 6653 1815 6690 n.
1838 6639 1881 6706 e).

1600 6721 1707 6780 ⁹Vers.
1725 6725 1768 6778 24.
1786 6755 1821 6766 -
1841 6727 1958 6780 Subinde
1983 6727 2110 6792 allegatur
2136 6729 2175 6778 Ps.
2200 6727 2240 6792 st,
2263 6727 2285 6778 4.
2303 6727 2484 6792 -Superius

1530 6821 1590 6880 post
1607 6815 1662 6870 Ν44
1679 6815 1772 6870 minus
1789 6813 1922 6874 4444444444
1941 6817 1963 6870 Α
1982 6813 2217 6882 breuius-prepter
2230 6819 2388 6882 percuteres
2405 6815 2484 6870 444444.
