<?xml version="1.0" encoding="UTF-8"?>
<!DOCTYPE html PUBLIC "-//W3C//DTD XHTML 1.0 Transitional//EN"
    "http://www.w3.org/TR/xhtml1/DTD/xhtml1-transitional.dtd">
<html xmlns="http://www.w3.org/1999/xhtml" xml:lang="en" lang="en">
 <head>
  <title>
</title>
<meta http-equiv="Content-Type" content="text/html;charset=utf-8" />
  <meta name='ocr-system' content='tesseract 3.04.00' />
  <meta name='ocr-capabilities' content='ocr_page ocr_carea ocr_par ocr_line ocrx_word'/>
</head>
<body>
  <div class='ocr_page' id='page_1' title='image "./doctorisseraphi00bonagoog/doctorisseraphi00bonagoog_0299.png"; bbox 0 0 5916 8276; ppageno 0'>
   <div class='ocr_carea' id='block_1_1' title="bbox 629 537 692 602">
    <p class='ocr_par' dir='ltr' id='par_1_1' title="bbox 629 537 692 602">
     <span class='ocr_line' id='line_1_1' title="bbox 629 537 692 602; baseline 0 -1"><span class='ocrx_word' id='word_1_1' title='bbox 629 537 692 602; x_wconf 77' lang='grc'>258</span> 
     </span>
    </p>
   </div>
   <div class='ocr_carea' id='block_1_2' title="bbox 434 709 1582 4384">
    <p class='ocr_par' dir='ltr' id='par_1_2' title="bbox 434 709 1582 4384">
     <span class='ocr_line' id='line_1_2' title="bbox 630 709 1582 796; baseline -0.004 -20"><span class='ocrx_word' id='word_1_2' title='bbox 630 711 698 796; x_wconf 89' lang='lat' dir='ltr'>quit</span> <span class='ocrx_word' id='word_1_3' title='bbox 721 709 854 778; x_wconf 91' lang='lat' dir='ltr'>verbum</span> <span class='ocrx_word' id='word_1_4' title='bbox 888 727 1035 788; x_wconf 73' lang='lat' dir='ltr'>manens:</span> <span class='ocrx_word' id='word_1_5' title='bbox 1059 709 1104 776; x_wconf 92' lang='lat' dir='ltr'>sic</span> <span class='ocrx_word' id='word_1_6' title='bbox 1136 711 1267 778; x_wconf 91' lang='lat' dir='ltr'>loannes</span> <span class='ocrx_word' id='word_1_7' title='bbox 1301 709 1479 786; x_wconf 83' lang='lat' dir='ltr'>Christum3</span> <span class='ocrx_word' id='word_1_8' title='bbox 1502 709 1582 772; x_wconf 85' lang='lat' dir='ltr'>inira</span> 
     </span>
     <span class='ocr_line' id='line_1_3' title="bbox 569 813 1580 898; baseline -0.004 -18"><span class='ocrx_word' id='word_1_9' title='bbox 569 837 573 846; x_wconf 88' lang='lat'>.</span> <span class='ocrx_word' id='word_1_10' title='bbox 629 815 763 881; x_wconf 82' lang='lat' dir='ltr'>nrtio1:</span> <span class='ocrx_word' id='word_1_11' title='bbox 793 839 810 872; x_wconf 85' lang='lat'>«</span> <span class='ocrx_word' id='word_1_12' title='bbox 824 815 873 880; x_wconf 89' lang='lat' dir='ltr'>lle</span> <span class='ocrx_word' id='word_1_13' title='bbox 893 821 1016 898; x_wconf 77' lang='lat' dir='ltr'>oportet</span> <span class='ocrx_word' id='word_1_14' title='bbox 1040 813 1152 892; x_wconf 91' lang='lat' dir='ltr'>minui,</span> <span class='ocrx_word' id='word_1_15' title='bbox 1171 813 1259 882; x_wconf 91' lang='lat' dir='ltr'>illum</span> <span class='ocrx_word' id='word_1_16' title='bbox 1274 817 1380 880; x_wconf 89' lang='lat' dir='ltr'>autern</span> <span class='ocrx_word' id='word_1_17' title='bbox 1395 829 1580 880; x_wconf 80' lang='lat' dir='ltr'>crescere».</span> 
     </span>
     <span class='ocr_line' id='line_1_4' title="bbox 609 907 1581 1002; baseline -0.004 -16"><span class='ocrx_word' id='word_1_18' title='bbox 609 907 611 914; x_wconf 48' lang='lat'><strong><em>⁴</em></strong></span> <span class='ocrx_word' id='word_1_19' title='bbox 631 921 689 986; x_wconf 83' lang='lat' dir='ltr'>Est</span> <span class='ocrx_word' id='word_1_20' title='bbox 705 919 836 984; x_wconf 85' lang='lat' dir='ltr'>inutilis</span> <span class='ocrx_word' id='word_1_21' title='bbox 861 919 928 986; x_wconf 89' lang='lat' dir='ltr'>sine</span> <span class='ocrx_word' id='word_1_22' title='bbox 949 919 1064 1000; x_wconf 87' lang='lat' dir='ltr'>rerbo;</span> <span class='ocrx_word' id='word_1_23' title='bbox 1086 919 1131 986; x_wconf 90' lang='lat' dir='ltr'>sic</span> <span class='ocrx_word' id='word_1_24' title='bbox 1155 919 1278 986; x_wconf 86' lang='lat' dir='ltr'>loannis</span> <span class='ocrx_word' id='word_1_25' title='bbox 1300 915 1488 1002; x_wconf 86' lang='lat' dir='ltr'>praedicatio</span> <span class='ocrx_word' id='word_1_26' title='bbox 1514 917 1581 982; x_wconf 91' lang='lat' dir='ltr'>sine</span> 
     </span>
     <span class='ocr_line' id='line_1_5' title="bbox 557 1025 1581 1112; baseline -0.003 -20"><span class='ocrx_word' id='word_1_27' title='bbox 557 1039 558 1042; x_wconf 75' lang='grc'>’</span> <span class='ocrx_word' id='word_1_28' title='bbox 631 1027 770 1102; x_wconf 83' lang='lat' dir='ltr'>Christ03</span> <span class='ocrx_word' id='word_1_29' title='bbox 796 1025 877 1090; x_wconf 86' lang='lat' dir='ltr'>inira</span> <span class='ocrx_word' id='word_1_30' title='bbox 898 1025 1052 1092; x_wconf 65' lang='lat' dir='ltr'>eodeut:</span> <span class='ocrx_word' id='word_1_31' title='bbox 1079 1051 1095 1084; x_wconf 88' lang='lat'>«</span> <span class='ocrx_word' id='word_1_32' title='bbox 1113 1027 1176 1110; x_wconf 86' lang='lat' dir='ltr'>Ego</span> <span class='ocrx_word' id='word_1_33' title='bbox 1197 1025 1320 1112; x_wconf 86' lang='lat' dir='ltr'>baptizo</span> <span class='ocrx_word' id='word_1_34' title='bbox 1343 1043 1398 1092; x_wconf 85' lang='lat' dir='ltr'>vos</span> <span class='ocrx_word' id='word_1_35' title='bbox 1424 1025 1453 1090; x_wconf 94' lang='lat' dir='ltr'>in</span> <span class='ocrx_word' id='word_1_36' title='bbox 1483 1043 1581 1108; x_wconf 91' lang='lat' dir='ltr'>aqua,</span> 
     </span>
     <span class='ocr_line' id='line_1_6' title="bbox 629 1129 1538 1216; baseline -0.002 -20"><span class='ocrx_word' id='word_1_37' title='bbox 629 1129 751 1198; x_wconf 88' lang='lat' dir='ltr'>medius</span> <span class='ocrx_word' id='word_1_38' title='bbox 771 1135 878 1196; x_wconf 85' lang='grc'><strong>21172211</strong></span> <span class='ocrx_word' id='word_1_39' title='bbox 899 1137 1041 1198; x_wconf 86' lang='lat' dir='ltr'>restrum</span> <span class='ocrx_word' id='word_1_40' title='bbox 1065 1131 1149 1198; x_wconf 89' lang='lat' dir='ltr'>stetit</span> <span class='ocrx_word' id='word_1_41' title='bbox 1174 1147 1266 1216; x_wconf 91' lang='lat' dir='ltr'>quem</span> <span class='ocrx_word' id='word_1_42' title='bbox 1292 1133 1347 1198; x_wconf 84' lang='lat' dir='ltr'>ros</span> <span class='ocrx_word' id='word_1_43' title='bbox 1370 1129 1538 1198; x_wconf 87' lang='lat' dir='ltr'>nescitis».</span> 
     </span>
     <span class='ocr_line' id='line_1_7' title="bbox 718 1235 1582 1320; baseline 0 -20"><span class='ocrx_word' id='word_1_44' title='bbox 718 1237 750 1300; x_wconf 90' lang='grc'>2.</span> <span class='ocrx_word' id='word_1_45' title='bbox 767 1235 856 1318; x_wconf 84' lang='lat' dir='ltr'>Quod</span> <span class='ocrx_word' id='word_1_46' title='bbox 873 1235 1017 1302; x_wconf 89' lang='lat' dir='ltr'>obiicitur</span> <span class='ocrx_word' id='word_1_47' title='bbox 1034 1237 1072 1302; x_wconf 94' lang='lat' dir='ltr'>de</span> <span class='ocrx_word' id='word_1_48' title='bbox 1087 1237 1275 1316; x_wconf 78' lang='lat' dir='ltr'>directione,</span> <span class='ocrx_word' id='word_1_49' title='bbox 1301 1235 1483 1314; x_wconf 90' lang='lat' dir='ltr'>dicendum,</span> <span class='ocrx_word' id='word_1_50' title='bbox 1499 1235 1582 1320; x_wconf 91' lang='lat' dir='ltr'>quod</span> 
     </span>
     <span class='ocr_line' id='line_1_8' title="bbox 536 1339 1581 1426; baseline 0 -22"><span class='ocrx_word' id='word_1_51' title='bbox 536 1355 606 1400; x_wconf 81' lang='grc'>222</span> <span class='ocrx_word' id='word_1_52' title='bbox 629 1339 765 1408; x_wconf 86' lang='lat' dir='ltr'>directio</span> <span class='ocrx_word' id='word_1_53' title='bbox 788 1339 856 1406; x_wconf 85' lang='lat' dir='ltr'>riae</span> <span class='ocrx_word' id='word_1_54' title='bbox 880 1345 928 1406; x_wconf 90' lang='lat' dir='ltr'>est</span> <span class='ocrx_word' id='word_1_55' title='bbox 949 1357 1006 1424; x_wconf 89' lang='lat' dir='ltr'>per</span> <span class='ocrx_word' id='word_1_56' title='bbox 1035 1341 1168 1426; x_wconf 81' lang='lat' dir='ltr'>gratiam</span> <span class='ocrx_word' id='word_1_57' title='bbox 1192 1349 1223 1408; x_wconf 91' lang='lat' dir='ltr'>et</span> <span class='ocrx_word' id='word_1_58' title='bbox 1251 1341 1431 1420; x_wconf 89' lang='lat' dir='ltr'>caritatem,</span> <span class='ocrx_word' id='word_1_59' title='bbox 1458 1357 1542 1426; x_wconf 91' lang='lat' dir='ltr'>quae</span> <span class='ocrx_word' id='word_1_60' title='bbox 1563 1357 1581 1404; x_wconf 96' lang='lat' dir='ltr'>a</span> 
     </span>
     <span class='ocr_line' id='line_1_9' title="bbox 629 1447 1581 1532; baseline -0.003 -18"><span class='ocrx_word' id='word_1_61' title='bbox 629 1447 695 1516; x_wconf 88' lang='lat' dir='ltr'>solo</span> <span class='ocrx_word' id='word_1_62' title='bbox 715 1447 779 1514; x_wconf 93' lang='lat' dir='ltr'>Deo</span> <span class='ocrx_word' id='word_1_63' title='bbox 804 1453 869 1528; x_wconf 89' lang='lat' dir='ltr'>est;</span> <span class='ocrx_word' id='word_1_64' title='bbox 891 1447 947 1514; x_wconf 90' lang='lat' dir='ltr'>sed</span> <span class='ocrx_word' id='word_1_65' title='bbox 972 1449 1193 1532; x_wconf 75' lang='lat' dir='ltr'>praeparatio</span> <span class='ocrx_word' id='word_1_66' title='bbox 1224 1449 1263 1516; x_wconf 92' lang='lat' dir='ltr'>ad</span> <span class='ocrx_word' id='word_1_67' title='bbox 1298 1447 1501 1516; x_wconf 85' lang='lat' dir='ltr'>directionem</span> <span class='ocrx_word' id='word_1_68' title='bbox 1535 1451 1581 1512; x_wconf 91' lang='lat' dir='ltr'>est</span> 
     </span>
     <span class='ocr_line' id='line_1_10' title="bbox 628 1549 1581 1638; baseline 0 -20"><span class='ocrx_word' id='word_1_69' title='bbox 628 1553 779 1630; x_wconf 88' lang='lat' dir='ltr'>iacienda,</span> <span class='ocrx_word' id='word_1_70' title='bbox 805 1549 976 1618; x_wconf 91' lang='lat' dir='ltr'>secundum</span> <span class='ocrx_word' id='word_1_71' title='bbox 1001 1553 1084 1638; x_wconf 92' lang='lat' dir='ltr'>quod</span> <span class='ocrx_word' id='word_1_72' title='bbox 1100 1553 1131 1620; x_wconf 94' lang='lat' dir='ltr'>in</span> <span class='ocrx_word' id='word_1_73' title='bbox 1154 1555 1246 1622; x_wconf 91' lang='lat' dir='ltr'>nobis</span> <span class='ocrx_word' id='word_1_74' title='bbox 1267 1561 1323 1622; x_wconf 89' lang='lat' dir='ltr'>est.</span> <span class='ocrx_word' id='word_1_75' title='bbox 1349 1555 1385 1618; x_wconf 87' lang='lat' dir='ltr'>Et</span> <span class='ocrx_word' id='word_1_76' title='bbox 1409 1555 1468 1618; x_wconf 91' lang='lat' dir='ltr'>hoc</span> <span class='ocrx_word' id='word_1_77' title='bbox 1493 1569 1581 1638; x_wconf 90' lang='lat' dir='ltr'>prae-</span> 
     </span>
     <span class='ocr_line' id='line_1_11' title="bbox 629 1657 1582 1744; baseline -0.006 -18"><span class='ocrx_word' id='word_1_78' title='bbox 629 1657 744 1742; x_wconf 88' lang='lat' dir='ltr'>cipitur</span> <span class='ocrx_word' id='word_1_79' title='bbox 768 1657 834 1738; x_wconf 91' lang='lat' dir='ltr'>hio;</span> <span class='ocrx_word' id='word_1_80' title='bbox 860 1657 944 1724; x_wconf 91' lang='lat' dir='ltr'>unde</span> <span class='ocrx_word' id='word_1_81' title='bbox 965 1657 1180 1744; x_wconf 79' lang='lat' dir='ltr'>Gregorius³:</span> <span class='ocrx_word' id='word_1_82' title='bbox 1207 1687 1224 1720; x_wconf 87' lang='lat'>«</span> <span class='ocrx_word' id='word_1_83' title='bbox 1242 1659 1298 1726; x_wconf 87' lang='lat' dir='ltr'>Via</span> <span class='ocrx_word' id='word_1_84' title='bbox 1319 1657 1441 1726; x_wconf 86' lang='lat' dir='ltr'>Domini</span> <span class='ocrx_word' id='word_1_85' title='bbox 1465 1657 1504 1722; x_wconf 89' lang='lat' dir='ltr'>ad</span> <span class='ocrx_word' id='word_1_86' title='bbox 1527 1673 1582 1720; x_wconf 92' lang='lat' dir='ltr'>cor</span> 
     </span>
     <span class='ocr_line' id='line_1_12' title="bbox 628 1763 1535 1854; baseline -0.004 -26"><span class='ocrx_word' id='word_1_87' title='bbox 628 1763 789 1850; x_wconf 82' lang='lat' dir='ltr'>dirigitur,</span> <span class='ocrx_word' id='word_1_88' title='bbox 815 1779 888 1828; x_wconf 91' lang='lat' dir='ltr'>oum</span> <span class='ocrx_word' id='word_1_89' title='bbox 909 1763 948 1854; x_wconf 89' lang='lat' dir='ltr'>ad</span> <span class='ocrx_word' id='word_1_90' title='bbox 970 1773 1175 1850; x_wconf 81' lang='lat' dir='ltr'>praecaptum</span> <span class='ocrx_word' id='word_1_91' title='bbox 1197 1765 1260 1832; x_wconf 89' lang='lat' dir='ltr'>vita</span> <span class='ocrx_word' id='word_1_92' title='bbox 1283 1767 1535 1848; x_wconf 87' lang='lat' dir='ltr'>praeparatur».</span> 
     </span>
     <span class='ocr_line' id='line_1_13' title="bbox 715 1869 1581 1960; baseline -0.005 -24"><span class='ocrx_word' id='word_1_93' title='bbox 715 1871 767 1938; x_wconf 79' lang='grc'><strong>53.</strong></span> <span class='ocrx_word' id='word_1_94' title='bbox 795 1871 832 1936; x_wconf 86' lang='lat' dir='ltr'>Bt</span> <span class='ocrx_word' id='word_1_95' title='bbox 857 1871 915 1960; x_wconf 86' lang='lat' dir='ltr'>gni</span> <span class='ocrx_word' id='word_1_96' title='bbox 938 1871 1032 1938; x_wconf 85' lang='lat' dir='ltr'>missi</span> <span class='ocrx_word' id='word_1_97' title='bbox 1046 1869 1193 1958; x_wconf 83' lang='lat' dir='ltr'>fuerant.</span> <span class='ocrx_word' id='word_1_98' title='bbox 1210 1873 1277 1938; x_wconf 91' lang='lat' dir='ltr'>lam</span> <span class='ocrx_word' id='word_1_99' title='bbox 1290 1869 1372 1938; x_wconf 85' lang='lat' dir='ltr'>dixit</span> <span class='ocrx_word' id='word_1_100' title='bbox 1385 1869 1513 1934; x_wconf 89' lang='lat' dir='ltr'>loannes</span> <span class='ocrx_word' id='word_1_101' title='bbox 1529 1885 1581 1934; x_wconf 84' lang='lat' dir='ltr'>re-</span> 
     </span>
     <span class='ocr_line' id='line_1_14' title="bbox 461 1961 1581 2086; baseline 0.004 -54"><span class='ocrx_word' id='word_1_102' title='bbox 461 1987 608 2086; x_wconf 40' lang='lat' dir='ltr'>ceptaqu-</span> <span class='ocrx_word' id='word_1_103' title='bbox 628 1975 752 2042; x_wconf 89' lang='lat' dir='ltr'>ritatem</span> <span class='ocrx_word' id='word_1_104' title='bbox 780 1975 821 2042; x_wconf 92' lang='lat' dir='ltr'>de</span> <span class='ocrx_word' id='word_1_105' title='bbox 851 1993 885 2044; x_wconf 86' lang='lat' dir='ltr'>se</span> <span class='ocrx_word' id='word_1_106' title='bbox 914 1975 1003 2062; x_wconf 88' lang='lat' dir='ltr'>ipso;</span> <span class='ocrx_word' id='word_1_107' title='bbox 1034 1961 1194 2042; x_wconf 74' lang='grc'><strong>71722222</strong></span> <span class='ocrx_word' id='word_1_108' title='bbox 1224 1973 1439 2042; x_wconf 89' lang='lat' dir='ltr'>testimonium</span> <span class='ocrx_word' id='word_1_109' title='bbox 1468 1973 1519 2038; x_wconf 88' lang='lat' dir='ltr'>dat</span> <span class='ocrx_word' id='word_1_110' title='bbox 1544 1973 1581 2038; x_wconf 92' lang='lat' dir='ltr'>de</span> 
     </span>
     <span class='ocr_line' id='line_1_15' title="bbox 434 2053 1581 2166; baseline 0.009 -32"><span class='ocrx_word' id='word_1_111' title='bbox 434 2131 435 2134; x_wconf 74' lang='grc'><strong>,</strong></span> <span class='ocrx_word' id='word_1_112' title='bbox 475 2053 606 2140; x_wconf 46' lang='lat' dir='ltr'>iiiii&amp;</span> <span class='ocrx_word' id='word_1_113' title='bbox 630 2077 759 2148; x_wconf 80' lang='lat' dir='ltr'>Christo</span> <span class='ocrx_word' id='word_1_114' title='bbox 781 2087 814 2146; x_wconf 91' lang='grc'>27</span> <span class='ocrx_word' id='word_1_115' title='bbox 833 2075 982 2148; x_wconf 90' lang='lat' dir='ltr'>describit</span> <span class='ocrx_word' id='word_1_116' title='bbox 1003 2081 1062 2146; x_wconf 91' lang='lat' dir='ltr'>hoc</span> <span class='ocrx_word' id='word_1_117' title='bbox 1076 2079 1195 2146; x_wconf 88' lang='lat' dir='ltr'>ordine.</span> <span class='ocrx_word' id='word_1_118' title='bbox 1220 2077 1323 2144; x_wconf 86' lang='lat' dir='ltr'>Primo</span> <span class='ocrx_word' id='word_1_119' title='bbox 1337 2077 1466 2160; x_wconf 88' lang='lat' dir='ltr'>ponitur</span> <span class='ocrx_word' id='word_1_120' title='bbox 1484 2097 1581 2166; x_wconf 83' lang='lat' dir='ltr'>gnae-</span> 
     </span>
     <span class='ocr_line' id='line_1_16' title="bbox 518 2179 1580 2272; baseline -0.005 -19"><span class='ocrx_word' id='word_1_121' title='bbox 518 2187 768 2254; x_wconf 69' lang='lat' dir='ltr'>taratarantium</span> <span class='ocrx_word' id='word_1_122' title='bbox 801 2185 1015 2272; x_wconf 73' lang='lat' dir='ltr'>improbitas:</span> <span class='ocrx_word' id='word_1_123' title='bbox 1046 2183 1200 2260; x_wconf 90' lang='lat' dir='ltr'>secundo,</span> <span class='ocrx_word' id='word_1_124' title='bbox 1234 2179 1409 2248; x_wconf 85' lang='lat' dir='ltr'>testimonii</span> <span class='ocrx_word' id='word_1_125' title='bbox 1439 2183 1580 2260; x_wconf 70' lang='lat' dir='ltr'>ararites:</span> 
     </span>
     <span class='ocr_line' id='line_1_17' title="bbox 627 2289 1134 2370; baseline -0.008 -12"><span class='ocrx_word' id='word_1_126' title='bbox 627 2289 734 2370; x_wconf 88' lang='lat' dir='ltr'>tertio,</span> <span class='ocrx_word' id='word_1_127' title='bbox 761 2291 936 2356; x_wconf 89' lang='lat' dir='ltr'>testimonii</span> <span class='ocrx_word' id='word_1_128' title='bbox 956 2289 1134 2356; x_wconf 87' lang='lat' dir='ltr'>celebritas.</span> 
     </span>
     <span class='ocr_line' id='line_1_18' title="bbox 713 2393 1581 2482; baseline -0.007 -18"><span class='ocrx_word' id='word_1_129' title='bbox 713 2399 813 2482; x_wconf 81' lang='grc'><strong>(7222.</strong></span> <span class='ocrx_word' id='word_1_130' title='bbox 837 2397 913 2480; x_wconf 85' lang='grc'><strong>27.)</strong></span> <span class='ocrx_word' id='word_1_131' title='bbox 940 2395 1088 2480; x_wconf 80' lang='lat' dir='ltr'>Tangitur</span> <span class='ocrx_word' id='word_1_132' title='bbox 1113 2413 1188 2478; x_wconf 91' lang='lat' dir='ltr'>ergo</span> <span class='ocrx_word' id='word_1_133' title='bbox 1217 2393 1322 2478; x_wconf 89' lang='lat' dir='ltr'>primo</span> <span class='ocrx_word' id='word_1_134' title='bbox 1352 2393 1581 2480; x_wconf 85' lang='lat' dir='ltr'>genere-utinm</span> 
     </span>
     <span class='ocr_line' id='line_1_19' title="bbox 461 2499 1582 2626; baseline -0.006 -55"><span class='ocrx_word' id='word_1_135' title='bbox 461 2517 613 2626; x_wconf 49' lang='lat' dir='ltr'>qffigrrgpitffim</span> <span class='ocrx_word' id='word_1_136' title='bbox 626 2503 838 2592; x_wconf 87' lang='lat' dir='ltr'>improbitas:</span> <span class='ocrx_word' id='word_1_137' title='bbox 855 2503 948 2588; x_wconf 86' lang='lat' dir='ltr'>qnia,</span> <span class='ocrx_word' id='word_1_138' title='bbox 962 2519 1033 2568; x_wconf 91' lang='lat' dir='ltr'>cum</span> <span class='ocrx_word' id='word_1_139' title='bbox 1052 2503 1209 2566; x_wconf 77' lang='lat' dir='ltr'>audissent</span> <span class='ocrx_word' id='word_1_140' title='bbox 1227 2499 1407 2578; x_wconf 86' lang='lat' dir='ltr'>raritatem,</span> <span class='ocrx_word' id='word_1_141' title='bbox 1425 2503 1582 2584; x_wconf 83' lang='lat' dir='ltr'>quaeruut</span> 
     </span>
     <span class='ocr_line' id='line_1_20' title="bbox 626 2707 1581 2800; baseline -0.008 -18"><span class='ocrx_word' id='word_1_142' title='bbox 626 2715 700 2800; x_wconf 94' lang='lat' dir='ltr'>quia</span> <span class='ocrx_word' id='word_1_143' title='bbox 719 2713 862 2780; x_wconf 86' lang='lat' dir='ltr'>malitiosi</span> <span class='ocrx_word' id='word_1_144' title='bbox 889 2717 995 2792; x_wconf 77' lang='lat' dir='ltr'>erant,</span> <span class='ocrx_word' id='word_1_145' title='bbox 1019 2711 1087 2778; x_wconf 91' lang='lat' dir='ltr'>ideo</span> <span class='ocrx_word' id='word_1_146' title='bbox 1115 2711 1206 2778; x_wconf 89' lang='lat' dir='ltr'>dicit:</span> <span class='ocrx_word' id='word_1_147' title='bbox 1241 2709 1307 2794; x_wconf 85' lang='lat' dir='ltr'>Qui</span> <span class='ocrx_word' id='word_1_148' title='bbox 1326 2711 1425 2776; x_wconf 83' lang='lat' dir='ltr'>missi</span> <span class='ocrx_word' id='word_1_149' title='bbox 1444 2707 1581 2792; x_wconf 78' lang='lat' dir='ltr'>fuerant</span> 
     </span>
     <span class='ocr_line' id='line_1_21' title="bbox 624 2815 1579 2896; baseline -0.006 -8"><span class='ocrx_word' id='word_1_150' title='bbox 624 2829 720 2890; x_wconf 88' lang='grc'><strong>22227</strong></span> <span class='ocrx_word' id='word_1_151' title='bbox 739 2839 777 2888; x_wconf 89' lang='lat' dir='ltr'>err</span> <span class='ocrx_word' id='word_1_152' title='bbox 794 2815 1008 2896; x_wconf 82' lang='lat' dir='ltr'>Pharisaeis,</span> <span class='ocrx_word' id='word_1_153' title='bbox 1031 2817 1100 2884; x_wconf 94' lang='lat' dir='ltr'>ideo</span> <span class='ocrx_word' id='word_1_154' title='bbox 1124 2817 1268 2886; x_wconf 88' lang='lat' dir='ltr'>malitiosi</span> <span class='ocrx_word' id='word_1_155' title='bbox 1292 2825 1323 2884; x_wconf 90' lang='grc'>27</span> <span class='ocrx_word' id='word_1_156' title='bbox 1345 2817 1579 2896; x_wconf 68' lang='lat' dir='ltr'>observatorem</span> 
     </span>
     <span class='ocr_line' id='line_1_22' title="bbox 624 2907 1579 3012; baseline -0.006 -20"><span class='ocrx_word' id='word_1_157' title='bbox 624 2925 904 3012; x_wconf 58' lang='lat' dir='ltr'>chrysostomum:</span> <span class='ocrx_word' id='word_1_158' title='bbox 935 2949 951 2982; x_wconf 80' lang='grc'>2</span> <span class='ocrx_word' id='word_1_159' title='bbox 965 2923 1011 2990; x_wconf 89' lang='grc'><strong>7777</strong></span> <span class='ocrx_word' id='word_1_160' title='bbox 1033 2923 1120 2990; x_wconf 89' lang='lat' dir='ltr'>missi</span> <span class='ocrx_word' id='word_1_161' title='bbox 1150 2909 1303 3000; x_wconf 88' lang='lat' dir='ltr'>fuerunt,</span> <span class='ocrx_word' id='word_1_162' title='bbox 1329 2921 1384 3004; x_wconf 89' lang='lat' dir='ltr'>qui</span> <span class='ocrx_word' id='word_1_163' title='bbox 1418 2907 1579 2988; x_wconf 82' lang='lat' dir='ltr'>veritatem</span> 
     </span>
     <span class='ocr_line' id='line_1_23' title="bbox 585 3025 1579 3114; baseline -0.002 -20"><span class='ocrx_word' id='word_1_164' title='bbox 585 3087 587 3094; x_wconf 46' lang='lat'>.</span> <span class='ocrx_word' id='word_1_165' title='bbox 625 3031 804 3098; x_wconf 87' lang='lat' dir='ltr'>nescierunt</span> <span class='ocrx_word' id='word_1_166' title='bbox 833 3047 1006 3114; x_wconf 89' lang='lat' dir='ltr'>quaerere,</span> <span class='ocrx_word' id='word_1_167' title='bbox 1027 3029 1082 3094; x_wconf 90' lang='lat' dir='ltr'>sed</span> <span class='ocrx_word' id='word_1_168' title='bbox 1105 3029 1247 3094; x_wconf 88' lang='lat' dir='ltr'>inridere</span> <span class='ocrx_word' id='word_1_169' title='bbox 1265 3049 1297 3106; x_wconf 77' lang='lat'>»;</span> <span class='ocrx_word' id='word_1_170' title='bbox 1328 3025 1397 3094; x_wconf 89' lang='lat' dir='ltr'>ideo</span> <span class='ocrx_word' id='word_1_171' title='bbox 1429 3025 1579 3094; x_wconf 88' lang='lat' dir='ltr'>malitiose</span> 
     </span>
     <span class='ocr_line' id='line_1_24' title="bbox 625 3135 1379 3220; baseline -0.005 -17"><span class='ocrx_word' id='word_1_172' title='bbox 625 3143 655 3204; x_wconf 94' lang='lat' dir='ltr'>et</span> <span class='ocrx_word' id='word_1_173' title='bbox 678 3135 820 3220; x_wconf 90' lang='lat' dir='ltr'>improbe</span> <span class='ocrx_word' id='word_1_174' title='bbox 842 3143 1011 3220; x_wconf 91' lang='lat' dir='ltr'>quaerunt.</span> <span class='ocrx_word' id='word_1_175' title='bbox 1033 3135 1102 3202; x_wconf 94' lang='lat' dir='ltr'>ldeo</span> <span class='ocrx_word' id='word_1_176' title='bbox 1127 3135 1215 3202; x_wconf 88' lang='lat' dir='ltr'>dicit:</span> <span class='ocrx_word' id='word_1_177' title='bbox 1378 3211 1379 3214; x_wconf 10' lang='lat'>¹</span> 
     </span>
     <span class='ocr_line' id='line_1_25' title="bbox 715 3239 1579 3328; baseline -0.005 -18"><span class='ocrx_word' id='word_1_178' title='bbox 715 3245 767 3310; x_wconf 81' lang='grc'>37.</span> <span class='ocrx_word' id='word_1_179' title='bbox 791 3243 900 3326; x_wconf 79' lang='lat' dir='ltr'>(Vens.</span> <span class='ocrx_word' id='word_1_180' title='bbox 917 3241 995 3324; x_wconf 82' lang='grc'><strong>277.)</strong></span> <span class='ocrx_word' id='word_1_181' title='bbox 1021 3243 1050 3306; x_wconf 84' lang='grc' dir='ltr'><em>Ε</em></span> <span class='ocrx_word' id='word_1_182' title='bbox 1082 3241 1374 3328; x_wconf 83' lang='lat' dir='ltr'>interrogaverant</span> <span class='ocrx_word' id='word_1_183' title='bbox 1388 3259 1462 3306; x_wconf 89' lang='lat' dir='ltr'>enm</span> <span class='ocrx_word' id='word_1_184' title='bbox 1487 3247 1513 3306; x_wconf 90' lang='lat' dir='ltr'>et</span> <span class='ocrx_word' id='word_1_185' title='bbox 1529 3239 1579 3306; x_wconf 87' lang='lat' dir='ltr'>di-</span> 
     </span>
     <span class='ocr_line' id='line_1_26' title="bbox 625 3343 1578 3432; baseline -0.004 -16"><span class='ocrx_word' id='word_1_186' title='bbox 625 3357 747 3416; x_wconf 84' lang='lat' dir='ltr'>aernnt</span> <span class='ocrx_word' id='word_1_187' title='bbox 768 3349 813 3426; x_wconf 89' lang='lat' dir='ltr'>ei,</span> <span class='ocrx_word' id='word_1_188' title='bbox 836 3347 926 3432; x_wconf 88' lang='lat' dir='ltr'>quasi</span> <span class='ocrx_word' id='word_1_189' title='bbox 951 3347 1056 3432; x_wconf 90' lang='lat' dir='ltr'>ipsum</span> <span class='ocrx_word' id='word_1_190' title='bbox 1072 3347 1307 3432; x_wconf 88' lang='lat' dir='ltr'>redarguendo:</span> <span class='ocrx_word' id='word_1_191' title='bbox 1325 3345 1412 3428; x_wconf 79' lang='lat' dir='ltr'>Quia</span> <span class='ocrx_word' id='word_1_192' title='bbox 1429 3365 1506 3430; x_wconf 89' lang='lat' dir='ltr'>ergo</span> <span class='ocrx_word' id='word_1_193' title='bbox 1521 3343 1578 3412; x_wconf 86' lang='lat' dir='ltr'>ba-</span> 
     </span>
     <span class='ocr_line' id='line_1_27' title="bbox 623 3451 1579 3542; baseline -0.004 -22"><span class='ocrx_word' id='word_1_194' title='bbox 623 3455 758 3542; x_wconf 71' lang='grc'><strong>2177222,</strong></span> <span class='ocrx_word' id='word_1_195' title='bbox 780 3453 820 3518; x_wconf 90' lang='lat' dir='ltr'>si</span> <span class='ocrx_word' id='word_1_196' title='bbox 835 3461 870 3518; x_wconf 91' lang='grc'>72</span> <span class='ocrx_word' id='word_1_197' title='bbox 893 3471 960 3518; x_wconf 90' lang='lat' dir='ltr'>non</span> <span class='ocrx_word' id='word_1_198' title='bbox 981 3471 1015 3518; x_wconf 87' lang='lat' dir='ltr'>es</span> <span class='ocrx_word' id='word_1_199' title='bbox 1052 3451 1203 3520; x_wconf 83' lang='lat' dir='ltr'>Christus</span> <span class='ocrx_word' id='word_1_200' title='bbox 1233 3469 1333 3538; x_wconf 87' lang='lat' dir='ltr'>negne</span> <span class='ocrx_word' id='word_1_201' title='bbox 1364 3451 1455 3516; x_wconf 87' lang='lat' dir='ltr'>Bttas</span> <span class='ocrx_word' id='word_1_202' title='bbox 1478 3469 1579 3538; x_wconf 89' lang='lat' dir='ltr'>negne</span> 
     </span>
     <span class='ocr_line' id='line_1_28' title="bbox 621 3557 1579 3646; baseline -0.004 -20"><span class='ocrx_word' id='word_1_203' title='bbox 621 3557 816 3646; x_wconf 76' lang='lat' dir='ltr'>propbeta?</span> <span class='ocrx_word' id='word_1_204' title='bbox 854 3559 925 3624; x_wconf 91' lang='lat' dir='ltr'>Sine</span> <span class='ocrx_word' id='word_1_205' title='bbox 959 3559 1145 3624; x_wconf 78' lang='lat' dir='ltr'>austeritate</span> <span class='ocrx_word' id='word_1_206' title='bbox 1179 3559 1256 3624; x_wconf 88' lang='lat' dir='ltr'>iacis</span> <span class='ocrx_word' id='word_1_207' title='bbox 1288 3563 1320 3622; x_wconf 92' lang='lat' dir='ltr'>et</span> <span class='ocrx_word' id='word_1_208' title='bbox 1354 3557 1458 3624; x_wconf 90' lang='lat' dir='ltr'>stulte.</span> <span class='ocrx_word' id='word_1_209' title='bbox 1495 3557 1579 3622; x_wconf 90' lang='lat' dir='ltr'>Unde</span> 
     </span>
     <span class='ocr_line' id='line_1_29' title="bbox 625 3663 1580 3752; baseline -0.005 -19"><span class='ocrx_word' id='word_1_210' title='bbox 625 3665 904 3752; x_wconf 66' lang='lat' dir='ltr'>Chrysostoruusr:</span> <span class='ocrx_word' id='word_1_211' title='bbox 926 3665 1032 3748; x_wconf 83' lang='lat' dir='ltr'>«Quia</span> <span class='ocrx_word' id='word_1_212' title='bbox 1058 3683 1119 3730; x_wconf 93' lang='lat' dir='ltr'>non</span> <span class='ocrx_word' id='word_1_213' title='bbox 1142 3667 1312 3730; x_wconf 79' lang='lat' dir='ltr'>valuerunt</span> <span class='ocrx_word' id='word_1_214' title='bbox 1326 3681 1398 3730; x_wconf 90' lang='lat' dir='ltr'>eum</span> <span class='ocrx_word' id='word_1_215' title='bbox 1423 3663 1580 3730; x_wconf 87' lang='lat' dir='ltr'>blanditiis</span> 
     </span>
     <span class='ocr_line' id='line_1_30' title="bbox 626 3769 1578 3858; baseline -0.005 -19"><span class='ocrx_word' id='word_1_216' title='bbox 626 3775 840 3858; x_wconf 83' lang='lat' dir='ltr'>supplantare,</span> <span class='ocrx_word' id='word_1_217' title='bbox 857 3769 1071 3838; x_wconf 86' lang='lat' dir='ltr'>accusationes</span> <span class='ocrx_word' id='word_1_218' title='bbox 1085 3769 1113 3836; x_wconf 93' lang='lat' dir='ltr'>ei</span> <span class='ocrx_word' id='word_1_219' title='bbox 1131 3769 1299 3836; x_wconf 87' lang='lat' dir='ltr'>immittere</span> <span class='ocrx_word' id='word_1_220' title='bbox 1317 3775 1437 3836; x_wconf 88' lang='lat' dir='ltr'>tentant</span> <span class='ocrx_word' id='word_1_221' title='bbox 1449 3795 1478 3832; x_wconf 75' lang='grc'>2.</span> <span class='ocrx_word' id='word_1_222' title='bbox 1494 3769 1578 3836; x_wconf 90' lang='lat' dir='ltr'>Unde</span> 
     </span>
     <span class='ocr_line' id='line_1_31' title="bbox 625 3875 1579 3962; baseline -0.007 -15"><span class='ocrx_word' id='word_1_223' title='bbox 625 3881 780 3946; x_wconf 79' lang='lat' dir='ltr'>exclamat</span> <span class='ocrx_word' id='word_1_224' title='bbox 803 3877 1063 3962; x_wconf 80' lang='lat' dir='ltr'>chrysostomus:</span> <span class='ocrx_word' id='word_1_225' title='bbox 1091 3877 1148 3942; x_wconf 85' lang='lat'>«0</span> <span class='ocrx_word' id='word_1_226' title='bbox 1172 3877 1209 3942; x_wconf 91' lang='lat' dir='ltr'>de</span> <span class='ocrx_word' id='word_1_227' title='bbox 1232 3877 1403 3942; x_wconf 80' lang='lat' dir='ltr'>dementia!</span> <span class='ocrx_word' id='word_1_228' title='bbox 1422 3895 1442 3942; x_wconf 96' lang='lat' dir='ltr'>o</span> <span class='ocrx_word' id='word_1_229' title='bbox 1462 3875 1503 3942; x_wconf 91' lang='lat' dir='ltr'>de</span> <span class='ocrx_word' id='word_1_230' title='bbox 1517 3875 1579 3940; x_wconf 92' lang='lat' dir='ltr'>ela-</span> 
     </span>
     <span class='ocr_line' id='line_1_32' title="bbox 626 3979 1578 4066; baseline 0 -18"><span class='ocrx_word' id='word_1_231' title='bbox 626 3985 723 4052; x_wconf 90' lang='lat' dir='ltr'>tionet</span> <span class='ocrx_word' id='word_1_232' title='bbox 749 4003 768 4050; x_wconf 94' lang='lat' dir='ltr'>o</span> <span class='ocrx_word' id='word_1_233' title='bbox 796 3983 836 4050; x_wconf 94' lang='lat' dir='ltr'>de</span> <span class='ocrx_word' id='word_1_234' title='bbox 865 3981 1086 4066; x_wconf 89' lang='lat' dir='ltr'>intemperanti</span> <span class='ocrx_word' id='word_1_235' title='bbox 1120 3981 1373 4066; x_wconf 80' lang='lat' dir='ltr'>investigatione!</span> <span class='ocrx_word' id='word_1_236' title='bbox 1397 3979 1481 4048; x_wconf 86' lang='lat' dir='ltr'>Missi</span> <span class='ocrx_word' id='word_1_237' title='bbox 1505 3979 1578 4048; x_wconf 89' lang='lat' dir='ltr'>estis</span> 
     </span>
     <span class='ocr_line' id='line_1_33' title="bbox 624 4087 1580 4176; baseline -0.002 -20"><span class='ocrx_word' id='word_1_238' title='bbox 624 4091 663 4156; x_wconf 89' lang='lat' dir='ltr'>ab</span> <span class='ocrx_word' id='word_1_239' title='bbox 686 4109 722 4158; x_wconf 92' lang='lat' dir='ltr'>eo</span> <span class='ocrx_word' id='word_1_240' title='bbox 746 4087 908 4156; x_wconf 86' lang='lat' dir='ltr'>edocendi:</span> <span class='ocrx_word' id='word_1_241' title='bbox 943 4089 990 4154; x_wconf 88' lang='lat' dir='ltr'>Ta</span> <span class='ocrx_word' id='word_1_242' title='bbox 1014 4087 1088 4176; x_wconf 86' lang='lat' dir='ltr'>gnis</span> <span class='ocrx_word' id='word_1_243' title='bbox 1111 4087 1164 4154; x_wconf 80' lang='lat' dir='ltr'>es?</span> <span class='ocrx_word' id='word_1_244' title='bbox 1190 4087 1224 4152; x_wconf 84' lang='lat' dir='ltr'>at</span> <span class='ocrx_word' id='word_1_245' title='bbox 1250 4087 1368 4152; x_wconf 90' lang='lat' dir='ltr'>crimen</span> <span class='ocrx_word' id='word_1_246' title='bbox 1385 4087 1459 4172; x_wconf 89' lang='lat' dir='ltr'>legis</span> <span class='ocrx_word' id='word_1_247' title='bbox 1485 4087 1580 4154; x_wconf 82' lang='lat' dir='ltr'>vultis</span> 
     </span>
     <span class='ocr_line' id='line_1_34' title="bbox 624 4191 1580 4278; baseline 0 -20"><span class='ocrx_word' id='word_1_248' title='bbox 624 4195 783 4278; x_wconf 89' lang='lat' dir='ltr'>imponere</span> <span class='ocrx_word' id='word_1_249' title='bbox 794 4199 837 4258; x_wconf 85' lang='lat' dir='ltr'>»t</span> <span class='ocrx_word' id='word_1_250' title='bbox 859 4193 894 4258; x_wconf 85' lang='lat' dir='ltr'>ln</span> <span class='ocrx_word' id='word_1_251' title='bbox 916 4193 975 4258; x_wconf 89' lang='lat' dir='ltr'>hoc</span> <span class='ocrx_word' id='word_1_252' title='bbox 1000 4211 1075 4276; x_wconf 89' lang='lat' dir='ltr'>ergo</span> <span class='ocrx_word' id='word_1_253' title='bbox 1097 4191 1243 4262; x_wconf 87' lang='lat' dir='ltr'>innuitur</span> <span class='ocrx_word' id='word_1_254' title='bbox 1277 4191 1500 4276; x_wconf 86' lang='lat' dir='ltr'>quaerentium</span> <span class='ocrx_word' id='word_1_255' title='bbox 1522 4191 1580 4258; x_wconf 91' lang='lat' dir='ltr'>im-</span> 
     </span>
     <span class='ocr_line' id='line_1_35' title="bbox 537 4301 773 4384; baseline -0.008 -20"><span class='ocrx_word' id='word_1_256' title='bbox 537 4325 538 4332; x_wconf 47' lang='lat'><em>*</em></span> <span class='ocrx_word' id='word_1_257' title='bbox 624 4301 773 4384; x_wconf 89' lang='lat' dir='ltr'>probitas.</span> 
     </span>
    </p>
   </div>
   <div class='ocr_carea' id='block_1_3' title="bbox 623 4695 1581 5472">
    <p class='ocr_par' dir='ltr' id='par_1_3' title="bbox 696 4695 1513 4762">
     <span class='ocr_line' id='line_1_36' title="bbox 696 4695 1513 4762; baseline -0.002 -12"><span class='ocrx_word' id='word_1_258' title='bbox 696 4695 798 4750; x_wconf 65' lang='grc' dir='ltr'>ι77222.</span> <span class='ocrx_word' id='word_1_259' title='bbox 819 4697 866 4748; x_wconf 82' lang='lat' dir='ltr'>ab:</span> <span class='ocrx_word' id='word_1_260' title='bbox 887 4697 958 4750; x_wconf 91' lang='lat' dir='ltr'>lllum</span> <span class='ocrx_word' id='word_1_261' title='bbox 976 4701 1080 4762; x_wconf 87' lang='lat' dir='ltr'>oportet</span> <span class='ocrx_word' id='word_1_262' title='bbox 1097 4709 1229 4762; x_wconf 88' lang='lat' dir='ltr'>crescere,</span> <span class='ocrx_word' id='word_1_263' title='bbox 1251 4711 1292 4750; x_wconf 91' lang='lat' dir='ltr'>me</span> <span class='ocrx_word' id='word_1_264' title='bbox 1313 4700 1399 4750; x_wconf 76' lang='lat' dir='ltr'>atatem</span> <span class='ocrx_word' id='word_1_265' title='bbox 1419 4697 1513 4748; x_wconf 91' lang='lat' dir='ltr'>minui.</span> 
     </span>
    </p>

    <p class='ocr_par' dir='ltr' id='par_1_4' title="bbox 623 4783 1581 5118">
     <span class='ocr_line' id='line_1_37' title="bbox 695 4783 1581 4852; baseline -0.002 -12"><span class='ocrx_word' id='word_1_266' title='bbox 695 4783 788 4850; x_wconf 78' lang='lat' dir='ltr'>²Cap.</span> <span class='ocrx_word' id='word_1_267' title='bbox 808 4787 837 4852; x_wconf 94' lang='grc'>7,</span> <span class='ocrx_word' id='word_1_268' title='bbox 855 4789 904 4840; x_wconf 79' lang='lat' dir='ltr'>ab:</span> <span class='ocrx_word' id='word_1_269' title='bbox 922 4787 977 4852; x_wconf 83' lang='lat' dir='ltr'>Ego</span> <span class='ocrx_word' id='word_1_270' title='bbox 998 4785 1101 4852; x_wconf 89' lang='lat' dir='ltr'>baptizo</span> <span class='ocrx_word' id='word_1_271' title='bbox 1121 4785 1146 4838; x_wconf 91' lang='lat' dir='ltr'>in</span> <span class='ocrx_word' id='word_1_272' title='bbox 1163 4799 1231 4852; x_wconf 87' lang='lat' dir='ltr'>aqua</span> <span class='ocrx_word' id='word_1_273' title='bbox 1259 4791 1307 4838; x_wconf 91' lang='grc'><strong>272.</strong></span> <span class='ocrx_word' id='word_1_274' title='bbox 1329 4789 1416 4838; x_wconf 90' lang='lat' dir='ltr'>-De</span> <span class='ocrx_word' id='word_1_275' title='bbox 1443 4787 1494 4838; x_wconf 91' lang='lat' dir='ltr'>boc</span> <span class='ocrx_word' id='word_1_276' title='bbox 1517 4801 1581 4852; x_wconf 89' lang='lat' dir='ltr'>qua-</span> 
     </span>
     <span class='ocr_line' id='line_1_38' title="bbox 623 4871 1581 4942; baseline -0.003 -12"><span class='ocrx_word' id='word_1_277' title='bbox 623 4875 735 4940; x_wconf 91' lang='lat' dir='ltr'>druplici</span> <span class='ocrx_word' id='word_1_278' title='bbox 753 4875 903 4928; x_wconf 86' lang='lat' dir='ltr'>discrimine</span> <span class='ocrx_word' id='word_1_279' title='bbox 920 4871 991 4928; x_wconf 77' lang='grc'><strong>212272</strong></span> <span class='ocrx_word' id='word_1_280' title='bbox 1011 4879 1035 4928; x_wconf 91' lang='grc'>27</span> <span class='ocrx_word' id='word_1_281' title='bbox 1053 4873 1142 4942; x_wconf 79' lang='lat' dir='ltr'>umbi,</span> <span class='ocrx_word' id='word_1_282' title='bbox 1160 4875 1232 4940; x_wconf 92' lang='lat' dir='ltr'>quod</span> <span class='ocrx_word' id='word_1_283' title='bbox 1247 4873 1325 4928; x_wconf 92' lang='lat' dir='ltr'>etiam</span> <span class='ocrx_word' id='word_1_284' title='bbox 1337 4887 1352 4926; x_wconf 91' lang='lat' dir='ltr'>a</span> <span class='ocrx_word' id='word_1_285' title='bbox 1366 4877 1393 4926; x_wconf 92' lang='grc' dir='ltr'><strong>Β.</strong></span> <span class='ocrx_word' id='word_1_286' title='bbox 1406 4873 1512 4928; x_wconf 88' lang='grc' dir='ltr'><strong>Α7712272</strong></span> <span class='ocrx_word' id='word_1_287' title='bbox 1529 4877 1581 4928; x_wconf 87' lang='grc'><strong>7122</strong></span> 
     </span>
     <span class='ocr_line' id='line_1_39' title="bbox 623 4947 1581 5032; baseline 0 -18"><span class='ocrx_word' id='word_1_288' title='bbox 623 4963 679 5016; x_wconf 87' lang='grc'><strong>7222</strong></span> <span class='ocrx_word' id='word_1_289' title='bbox 701 4965 819 5030; x_wconf 82' lang='lat' dir='ltr'>affertur,</span> <span class='ocrx_word' id='word_1_290' title='bbox 839 4947 884 5014; x_wconf 81' lang='grc'><strong>277.</strong></span> <span class='ocrx_word' id='word_1_291' title='bbox 902 4963 1027 5030; x_wconf 74' lang='lat' dir='ltr'>largest,</span> <span class='ocrx_word' id='word_1_292' title='bbox 1046 4965 1131 5014; x_wconf 89' lang='lat' dir='ltr'>Serm.</span> <span class='ocrx_word' id='word_1_293' title='bbox 1150 4965 1212 5016; x_wconf 91' lang='grc'><strong>288.</strong></span> <span class='ocrx_word' id='word_1_294' title='bbox 1231 4963 1305 5032; x_wconf 84' lang='lat' dir='ltr'>(alias</span> <span class='ocrx_word' id='word_1_295' title='bbox 1325 4951 1366 5014; x_wconf 92' lang='grc'>23.</span> <span class='ocrx_word' id='word_1_296' title='bbox 1381 4977 1409 5014; x_wconf 83' lang='lat' dir='ltr'>ex</span> <span class='ocrx_word' id='word_1_297' title='bbox 1424 4963 1581 5016; x_wconf 82' lang='grc'><strong>8722212172-</strong></span> 
     </span>
     <span class='ocr_line' id='line_1_40' title="bbox 623 5051 856 5118; baseline 0 -14"><span class='ocrx_word' id='word_1_298' title='bbox 623 5051 672 5118; x_wconf 87' lang='grc'><strong>272)</strong></span> <span class='ocrx_word' id='word_1_299' title='bbox 693 5069 719 5104; x_wconf 88' lang='lat' dir='ltr'>n.</span> <span class='ocrx_word' id='word_1_300' title='bbox 738 5053 765 5104; x_wconf 89' lang='grc'>2.</span> <span class='ocrx_word' id='word_1_301' title='bbox 783 5065 856 5118; x_wconf 86' lang='lat' dir='ltr'>seqq.</span> 
     </span>
    </p>

    <p class='ocr_par' dir='ltr' id='par_1_5' title="bbox 623 5139 1581 5472">
     <span class='ocr_line' id='line_1_41' title="bbox 695 5139 1580 5206; baseline 0 -12"><span class='ocrx_word' id='word_1_302' title='bbox 695 5139 706 5170; x_wconf 80' lang='lat'>³</span> <span class='ocrx_word' id='word_1_303' title='bbox 724 5139 793 5194; x_wconf 83' lang='lat' dir='ltr'>libr.</span> <span class='ocrx_word' id='word_1_304' title='bbox 819 5143 836 5192; x_wconf 94' lang='grc'>7.</span> <span class='ocrx_word' id='word_1_305' title='bbox 860 5141 954 5194; x_wconf 88' lang='lat' dir='ltr'>Hotnil.</span> <span class='ocrx_word' id='word_1_306' title='bbox 977 5139 1005 5192; x_wconf 92' lang='lat' dir='ltr'>in</span> <span class='ocrx_word' id='word_1_307' title='bbox 1029 5143 1132 5206; x_wconf 85' lang='lat' dir='ltr'>Evang.</span> <span class='ocrx_word' id='word_1_308' title='bbox 1154 5141 1245 5194; x_wconf 88' lang='lat' dir='ltr'>homil.</span> <span class='ocrx_word' id='word_1_309' title='bbox 1265 5139 1290 5192; x_wconf 84' lang='lat'>7.</span> <span class='ocrx_word' id='word_1_310' title='bbox 1310 5155 1335 5192; x_wconf 91' lang='lat' dir='ltr'>n.</span> <span class='ocrx_word' id='word_1_311' title='bbox 1355 5141 1435 5192; x_wconf 88' lang='grc'>2.-</span> <span class='ocrx_word' id='word_1_312' title='bbox 1454 5139 1580 5206; x_wconf 87' lang='lat' dir='ltr'>Superius</span> 
     </span>
     <span class='ocr_line' id='line_1_42' title="bbox 623 5223 1581 5296; baseline 0 -14"><span class='ocrx_word' id='word_1_313' title='bbox 623 5235 682 5294; x_wconf 90' lang='lat' dir='ltr'>post</span> <span class='ocrx_word' id='word_1_314' title='bbox 701 5227 747 5284; x_wconf 78' lang='lat' dir='ltr'>sert</span> <span class='ocrx_word' id='word_1_315' title='bbox 763 5225 939 5296; x_wconf 79' lang='lat' dir='ltr'>praeparatio</span> <span class='ocrx_word' id='word_1_316' title='bbox 959 5227 1000 5280; x_wconf 93' lang='lat' dir='ltr'>ed.</span> <span class='ocrx_word' id='word_1_317' title='bbox 1020 5223 1080 5280; x_wconf 88' lang='grc'><strong>2212</strong></span> <span class='ocrx_word' id='word_1_318' title='bbox 1097 5227 1227 5280; x_wconf 86' lang='grc'><strong>2221227772</strong></span> <span class='ocrx_word' id='word_1_319' title='bbox 1247 5227 1324 5280; x_wconf 89' lang='lat' dir='ltr'>codd.</span> <span class='ocrx_word' id='word_1_320' title='bbox 1341 5227 1524 5296; x_wconf 82' lang='lat' dir='ltr'>prosequitur:</span> <span class='ocrx_word' id='word_1_321' title='bbox 1543 5227 1581 5282; x_wconf 85' lang='grc'>227</span> 
     </span>
     <span class='ocr_line' id='line_1_43' title="bbox 623 5315 1579 5386; baseline 0.001 -16"><span class='ocrx_word' id='word_1_322' title='bbox 623 5317 794 5374; x_wconf 78' lang='lat' dir='ltr'>ditectionem</span> <span class='ocrx_word' id='word_1_323' title='bbox 824 5319 862 5370; x_wconf 87' lang='lat' dir='ltr'>est</span> <span class='ocrx_word' id='word_1_324' title='bbox 893 5315 1013 5386; x_wconf 73' lang='lat' dir='ltr'>iaciendo</span> <span class='ocrx_word' id='word_1_325' title='bbox 1040 5315 1113 5384; x_wconf 85' lang='lat' dir='ltr'>qnod</span> <span class='ocrx_word' id='word_1_326' title='bbox 1140 5317 1167 5370; x_wconf 90' lang='lat' dir='ltr'>in</span> <span class='ocrx_word' id='word_1_327' title='bbox 1197 5315 1271 5370; x_wconf 90' lang='lat' dir='ltr'>nobis</span> <span class='ocrx_word' id='word_1_328' title='bbox 1298 5319 1353 5382; x_wconf 80' lang='grc' dir='ltr'>227,ι</span> <span class='ocrx_word' id='word_1_329' title='bbox 1383 5331 1431 5382; x_wconf 89' lang='lat' dir='ltr'>pro</span> <span class='ocrx_word' id='word_1_330' title='bbox 1457 5317 1579 5386; x_wconf 80' lang='grc'><strong>(22727272</strong></span> 
     </span>
     <span class='ocr_line' id='line_1_44' title="bbox 623 5401 1579 5472; baseline 0.002 -16"><span class='ocrx_word' id='word_1_331' title='bbox 623 5405 764 5458; x_wconf 82' lang='lat' dir='ltr'>ABFKL</span> <span class='ocrx_word' id='word_1_332' title='bbox 777 5405 798 5456; x_wconf 88' lang='lat' dir='ltr'>hl</span> <span class='ocrx_word' id='word_1_333' title='bbox 809 5403 969 5458; x_wconf 87' lang='lat' dir='ltr'>substituunt</span> <span class='ocrx_word' id='word_1_334' title='bbox 978 5401 1119 5472; x_wconf 67' lang='grc'><strong>(22722272,</strong></span> <span class='ocrx_word' id='word_1_335' title='bbox 1134 5407 1155 5456; x_wconf 93' lang='lat' dir='ltr'>D</span> <span class='ocrx_word' id='word_1_336' title='bbox 1167 5405 1242 5470; x_wconf 87' lang='lat' dir='ltr'>legit:</span> <span class='ocrx_word' id='word_1_337' title='bbox 1256 5401 1416 5472; x_wconf 75' lang='grc'><strong>(2272221222,</strong></span> <span class='ocrx_word' id='word_1_338' title='bbox 1431 5403 1579 5458; x_wconf 82' lang='lat' dir='ltr'>secundnm</span> 
     </span>
    </p>
   </div>
   <div class='ocr_carea' id='block_1_4' title="bbox 624 5489 1600 5560">
    <p class='ocr_par' dir='ltr' id='par_1_6' title="bbox 624 5489 1600 5560">
     <span class='ocr_line' id='line_1_45' title="bbox 624 5489 1600 5560; baseline -0.002 -14"><span class='ocrx_word' id='word_1_339' title='bbox 624 5491 696 5560; x_wconf 80' lang='lat' dir='ltr'>gnoti</span> <span class='ocrx_word' id='word_1_340' title='bbox 710 5493 735 5546; x_wconf 89' lang='lat' dir='ltr'>in</span> <span class='ocrx_word' id='word_1_341' title='bbox 749 5489 827 5546; x_wconf 83' lang='lat' dir='ltr'>nobis</span> <span class='ocrx_word' id='word_1_342' title='bbox 839 5495 891 5558; x_wconf 85' lang='lat' dir='ltr'>est,</span> <span class='ocrx_word' id='word_1_343' title='bbox 906 5491 964 5558; x_wconf 88' lang='lat' dir='ltr'>qui,</span> <span class='ocrx_word' id='word_1_344' title='bbox 977 5491 998 5544; x_wconf 89' lang='lat' dir='ltr'>si</span> <span class='ocrx_word' id='word_1_345' title='bbox 1012 5491 1143 5558; x_wconf 86' lang='lat' dir='ltr'>posuisset</span> <span class='ocrx_word' id='word_1_346' title='bbox 1153 5491 1290 5560; x_wconf 81' lang='grc'><strong>(22722272,</strong></span> <span class='ocrx_word' id='word_1_347' title='bbox 1307 5491 1433 5556; x_wconf 89' lang='lat' dir='ltr'>optimam</span> <span class='ocrx_word' id='word_1_348' title='bbox 1449 5491 1581 5556; x_wconf 86' lang='lat' dir='ltr'>praebuis·</span> <span class='ocrx_word' id='word_1_349' title='bbox 1596 5515 1600 5522; x_wconf 37' lang='lat' dir='ltr'>r</span> 
     </span>
    </p>
   </div>
   <div class='ocr_carea' id='block_1_5' title="bbox 623 5579 1583 6880">
    <p class='ocr_par' dir='ltr' id='par_1_7' title="bbox 623 5579 1581 5820">
     <span class='ocr_line' id='line_1_46' title="bbox 623 5579 1581 5644; baseline 0 -12"><span class='ocrx_word' id='word_1_350' title='bbox 623 5587 663 5632; x_wconf 90' lang='lat' dir='ltr'>set</span> <span class='ocrx_word' id='word_1_351' title='bbox 675 5581 831 5644; x_wconf 90' lang='lat' dir='ltr'>lectionem,</span> <span class='ocrx_word' id='word_1_352' title='bbox 848 5593 927 5644; x_wconf 89' lang='lat' dir='ltr'>quam</span> <span class='ocrx_word' id='word_1_353' title='bbox 943 5593 990 5632; x_wconf 93' lang='lat' dir='ltr'>nos</span> <span class='ocrx_word' id='word_1_354' title='bbox 1004 5581 1153 5644; x_wconf 84' lang='lat' dir='ltr'>selegimus.</span> <span class='ocrx_word' id='word_1_355' title='bbox 1164 5583 1221 5644; x_wconf 89' lang='lat' dir='ltr'>lpse</span> <span class='ocrx_word' id='word_1_356' title='bbox 1241 5579 1324 5632; x_wconf 86' lang='lat' dir='ltr'>verba</span> <span class='ocrx_word' id='word_1_357' title='bbox 1341 5585 1447 5632; x_wconf 86' lang='lat' dir='ltr'>nostrae</span> <span class='ocrx_word' id='word_1_358' title='bbox 1464 5581 1581 5634; x_wconf 88' lang='lat' dir='ltr'>lectionis</span> 
     </span>
     <span class='ocr_line' id='line_1_47' title="bbox 623 5665 1580 5732; baseline 0.001 -14"><span class='ocrx_word' id='word_1_359' title='bbox 623 5681 675 5720; x_wconf 93' lang='lat' dir='ltr'>non</span> <span class='ocrx_word' id='word_1_360' title='bbox 695 5665 837 5722; x_wconf 86' lang='lat' dir='ltr'>excludunt</span> <span class='ocrx_word' id='word_1_361' title='bbox 853 5667 964 5732; x_wconf 86' lang='lat' dir='ltr'>gratiam</span> <span class='ocrx_word' id='word_1_362' title='bbox 983 5669 1125 5730; x_wconf 76' lang='lat' dir='ltr'>actualem:</span> <span class='ocrx_word' id='word_1_363' title='bbox 1143 5669 1188 5722; x_wconf 87' lang='grc'><strong>272.</strong></span> <span class='ocrx_word' id='word_1_364' title='bbox 1202 5669 1228 5720; x_wconf 93' lang='grc'>77.</span> <span class='ocrx_word' id='word_1_365' title='bbox 1245 5671 1315 5720; x_wconf 86' lang='lat' dir='ltr'>Seni.</span> <span class='ocrx_word' id='word_1_366' title='bbox 1328 5667 1353 5720; x_wconf 91' lang='lat' dir='ltr'>d.</span> <span class='ocrx_word' id='word_1_367' title='bbox 1367 5669 1409 5720; x_wconf 88' lang='grc'><strong>28.</strong></span> <span class='ocrx_word' id='word_1_368' title='bbox 1422 5683 1470 5732; x_wconf 90' lang='lat' dir='ltr'>per</span> <span class='ocrx_word' id='word_1_369' title='bbox 1484 5671 1565 5720; x_wconf 78' lang='lat' dir='ltr'>totana</span> <span class='ocrx_word' id='word_1_370' title='bbox 1572 5687 1580 5732; x_wconf 74' lang='lat'>3</span> 
     </span>
     <span class='ocr_line' id='line_1_48' title="bbox 624 5755 1461 5820; baseline 0.002 -14"><span class='ocrx_word' id='word_1_371' title='bbox 624 5757 666 5810; x_wconf 81' lang='lat' dir='ltr'>tv.</span> <span class='ocrx_word' id='word_1_372' title='bbox 686 5757 755 5808; x_wconf 86' lang='lat' dir='ltr'>Seni.</span> <span class='ocrx_word' id='word_1_373' title='bbox 776 5755 801 5806; x_wconf 91' lang='lat' dir='ltr'>d.</span> <span class='ocrx_word' id='word_1_374' title='bbox 822 5755 863 5806; x_wconf 92' lang='grc'>77.</span> <span class='ocrx_word' id='word_1_375' title='bbox 885 5767 912 5818; x_wconf 92' lang='lat' dir='ltr'>p.</span> <span class='ocrx_word' id='word_1_376' title='bbox 929 5755 948 5806; x_wconf 94' lang='grc'>7.</span> <span class='ocrx_word' id='word_1_377' title='bbox 967 5769 992 5820; x_wconf 95' lang='lat' dir='ltr'>q.</span> <span class='ocrx_word' id='word_1_378' title='bbox 1013 5757 1036 5806; x_wconf 92' lang='grc'><strong>2.</strong></span> <span class='ocrx_word' id='word_1_379' title='bbox 1055 5759 1082 5806; x_wconf 88' lang='grc'>27</span> <span class='ocrx_word' id='word_1_380' title='bbox 1097 5755 1129 5820; x_wconf 87' lang='grc'>3;</span> <span class='ocrx_word' id='word_1_381' title='bbox 1148 5755 1278 5820; x_wconf 88' lang='lat' dir='ltr'>Breriloq.</span> <span class='ocrx_word' id='word_1_382' title='bbox 1295 5769 1323 5818; x_wconf 93' lang='lat' dir='ltr'>p.</span> <span class='ocrx_word' id='word_1_383' title='bbox 1341 5755 1374 5806; x_wconf 92' lang='lat' dir='ltr'>V.</span> <span class='ocrx_word' id='word_1_384' title='bbox 1393 5769 1414 5806; x_wconf 91' lang='grc'>2.</span> <span class='ocrx_word' id='word_1_385' title='bbox 1436 5757 1461 5808; x_wconf 91' lang='grc'>3.</span> 
     </span>
    </p>

    <p class='ocr_par' dir='ltr' id='par_1_8' title="bbox 623 5839 1581 6352">
     <span class='ocr_line' id='line_1_49' title="bbox 694 5839 1580 5908; baseline -0.002 -12"><span class='ocrx_word' id='word_1_386' title='bbox 694 5841 707 5872; x_wconf 77' lang='lat'><strong>⁴</strong></span> <span class='ocrx_word' id='word_1_387' title='bbox 728 5839 813 5896; x_wconf 87' lang='lat' dir='ltr'>Verba</span> <span class='ocrx_word' id='word_1_388' title='bbox 833 5847 894 5894; x_wconf 90' lang='lat' dir='ltr'>sunt</span> <span class='ocrx_word' id='word_1_389' title='bbox 910 5843 996 5906; x_wconf 88' lang='lat' dir='ltr'>potius</span> <span class='ocrx_word' id='word_1_390' title='bbox 1016 5841 1146 5908; x_wconf 84' lang='lat' dir='ltr'>Gregorii,</span> <span class='ocrx_word' id='word_1_391' title='bbox 1164 5843 1182 5894; x_wconf 96' lang='grc'>7.</span> <span class='ocrx_word' id='word_1_392' title='bbox 1196 5841 1287 5894; x_wconf 86' lang='lat' dir='ltr'>Hamil.</span> <span class='ocrx_word' id='word_1_393' title='bbox 1299 5841 1328 5892; x_wconf 90' lang='lat' dir='ltr'>in</span> <span class='ocrx_word' id='word_1_394' title='bbox 1340 5843 1439 5908; x_wconf 86' lang='lat' dir='ltr'>Evang.</span> <span class='ocrx_word' id='word_1_395' title='bbox 1453 5843 1541 5894; x_wconf 89' lang='lat' dir='ltr'>homil.</span> <span class='ocrx_word' id='word_1_396' title='bbox 1554 5839 1580 5894; x_wconf 88' lang='grc'>7.</span> 
     </span>
     <span class='ocr_line' id='line_1_50' title="bbox 623 5927 1581 5998; baseline -0.004 -14"><span class='ocrx_word' id='word_1_397' title='bbox 623 5947 651 5986; x_wconf 88' lang='grc'>2.</span> <span class='ocrx_word' id='word_1_398' title='bbox 668 5935 699 5984; x_wconf 85' lang='lat'>3:</span> <span class='ocrx_word' id='word_1_399' title='bbox 722 5931 783 5984; x_wconf 77' lang='grc'><strong>2717</strong></span> <span class='ocrx_word' id='word_1_400' title='bbox 800 5929 942 5998; x_wconf 83' lang='lat' dir='ltr'>qaimissi</span> <span class='ocrx_word' id='word_1_401' title='bbox 959 5929 1070 5998; x_wconf 79' lang='grc'><strong>(2222177</strong></span> <span class='ocrx_word' id='word_1_402' title='bbox 1087 5931 1164 5984; x_wconf 74' lang='lat' dir='ltr'>aaut</span> <span class='ocrx_word' id='word_1_403' title='bbox 1182 5943 1218 5982; x_wconf 85' lang='grc'>22</span> <span class='ocrx_word' id='word_1_404' title='bbox 1227 5927 1395 5994; x_wconf 68' lang='lat' dir='ltr'>Pharnacis,</span> <span class='ocrx_word' id='word_1_405' title='bbox 1412 5943 1444 5980; x_wconf 89' lang='lat' dir='ltr'>ac</span> <span class='ocrx_word' id='word_1_406' title='bbox 1457 5929 1477 5980; x_wconf 92' lang='lat' dir='ltr'>si</span> <span class='ocrx_word' id='word_1_407' title='bbox 1490 5935 1581 5994; x_wconf 88' lang='lat' dir='ltr'>aperte</span> 
     </span>
     <span class='ocr_line' id='line_1_51' title="bbox 624 6015 1580 6082; baseline -0.005 -10"><span class='ocrx_word' id='word_1_408' title='bbox 624 6019 708 6074; x_wconf 88' lang='lat' dir='ltr'>dicat:</span> <span class='ocrx_word' id='word_1_409' title='bbox 726 6019 762 6074; x_wconf 92' lang='lat' dir='ltr'>llli</span> <span class='ocrx_word' id='word_1_410' title='bbox 782 6019 903 6072; x_wconf 88' lang='lat' dir='ltr'>loannem</span> <span class='ocrx_word' id='word_1_411' title='bbox 922 6017 957 6070; x_wconf 90' lang='lat' dir='ltr'>de</span> <span class='ocrx_word' id='word_1_412' title='bbox 982 6017 1037 6070; x_wconf 89' lang='lat' dir='ltr'>suis</span> <span class='ocrx_word' id='word_1_413' title='bbox 1065 6015 1165 6070; x_wconf 89' lang='lat' dir='ltr'>actibus</span> <span class='ocrx_word' id='word_1_414' title='bbox 1193 6015 1341 6082; x_wconf 89' lang='lat' dir='ltr'>requirunt,</span> <span class='ocrx_word' id='word_1_415' title='bbox 1360 6015 1407 6082; x_wconf 78' lang='grc'>227</span> <span class='ocrx_word' id='word_1_416' title='bbox 1434 6017 1580 6068; x_wconf 82' lang='lat' dir='ltr'>doctrinam</span> 
     </span>
     <span class='ocr_line' id='line_1_52' title="bbox 624 6101 1580 6176; baseline -0.007 -16"><span class='ocrx_word' id='word_1_417' title='bbox 624 6109 742 6162; x_wconf 90' lang='lat' dir='ltr'>nesciunt</span> <span class='ocrx_word' id='word_1_418' title='bbox 762 6119 903 6176; x_wconf 83' lang='lat' dir='ltr'>quaerere,</span> <span class='ocrx_word' id='word_1_419' title='bbox 921 6107 968 6160; x_wconf 89' lang='lat' dir='ltr'>sed</span> <span class='ocrx_word' id='word_1_420' title='bbox 986 6105 1103 6158; x_wconf 86' lang='lat' dir='ltr'>invidere</span> <span class='ocrx_word' id='word_1_421' title='bbox 1115 6123 1130 6152; x_wconf 72' lang='lat'>³&gt;</span> <span class='ocrx_word' id='word_1_422' title='bbox 1140 6123 1147 6168; x_wconf 87' lang='lat'>;</span> <span class='ocrx_word' id='word_1_423' title='bbox 1165 6101 1295 6158; x_wconf 86' lang='lat' dir='ltr'>sententia</span> <span class='ocrx_word' id='word_1_424' title='bbox 1315 6109 1401 6154; x_wconf 87' lang='lat' dir='ltr'>autern</span> <span class='ocrx_word' id='word_1_425' title='bbox 1416 6103 1511 6154; x_wconf 87' lang='lat' dir='ltr'>eadem</span> <span class='ocrx_word' id='word_1_426' title='bbox 1523 6103 1580 6154; x_wconf 90' lang='lat' dir='ltr'>erui</span> 
     </span>
     <span class='ocr_line' id='line_1_53' title="bbox 624 6189 1579 6262; baseline -0.006 -12"><span class='ocrx_word' id='word_1_427' title='bbox 624 6205 711 6262; x_wconf 87' lang='lat' dir='ltr'>potest</span> <span class='ocrx_word' id='word_1_428' title='bbox 728 6211 760 6250; x_wconf 85' lang='lat' dir='ltr'>ex</span> <span class='ocrx_word' id='word_1_429' title='bbox 779 6195 925 6262; x_wconf 74' lang='lat' dir='ltr'>chrysost,</span> <span class='ocrx_word' id='word_1_430' title='bbox 945 6197 972 6248; x_wconf 90' lang='lat' dir='ltr'>in</span> <span class='ocrx_word' id='word_1_431' title='bbox 989 6197 1058 6248; x_wconf 92' lang='lat' dir='ltr'>loan.</span> <span class='ocrx_word' id='word_1_432' title='bbox 1079 6193 1168 6246; x_wconf 92' lang='lat' dir='ltr'>homil.</span> <span class='ocrx_word' id='word_1_433' title='bbox 1189 6193 1229 6246; x_wconf 86' lang='lat' dir='ltr'>tt.</span> <span class='ocrx_word' id='word_1_434' title='bbox 1251 6189 1395 6260; x_wconf 79' lang='lat' dir='ltr'>(eliasib.)</span> <span class='ocrx_word' id='word_1_435' title='bbox 1414 6207 1443 6244; x_wconf 88' lang='grc'>2.</span> <span class='ocrx_word' id='word_1_436' title='bbox 1462 6193 1485 6242; x_wconf 94' lang='grc'>7.</span> <span class='ocrx_word' id='word_1_437' title='bbox 1505 6205 1579 6260; x_wconf 85' lang='lat' dir='ltr'>seqq.</span> 
     </span>
     <span class='ocr_line' id='line_1_54' title="bbox 624 6283 1015 6352; baseline -0.01 -12"><span class='ocrx_word' id='word_1_438' title='bbox 624 6285 674 6340; x_wconf 85' lang='lat' dir='ltr'>Cir.</span> <span class='ocrx_word' id='word_1_439' title='bbox 695 6283 829 6352; x_wconf 81' lang='lat' dir='ltr'>explicatio</span> <span class='ocrx_word' id='word_1_440' title='bbox 848 6297 940 6336; x_wconf 84' lang='lat' dir='ltr'>versus</span> <span class='ocrx_word' id='word_1_441' title='bbox 959 6295 1015 6350; x_wconf 82' lang='lat' dir='ltr'>seq</span> 
     </span>
    </p>

    <p class='ocr_par' dir='ltr' id='par_1_9' title="bbox 623 6367 1583 6880">
     <span class='ocr_line' id='line_1_55' title="bbox 695 6367 1580 6440; baseline -0.007 -14"><span class='ocrx_word' id='word_1_442' title='bbox 695 6371 753 6426; x_wconf 81' lang='lat' dir='ltr'>⁵ln</span> <span class='ocrx_word' id='word_1_443' title='bbox 773 6375 840 6424; x_wconf 86' lang='lat' dir='ltr'>ioan.</span> <span class='ocrx_word' id='word_1_444' title='bbox 859 6371 948 6424; x_wconf 88' lang='lat' dir='ltr'>homil.</span> <span class='ocrx_word' id='word_1_445' title='bbox 969 6373 1012 6424; x_wconf 87' lang='grc'>76.</span> <span class='ocrx_word' id='word_1_446' title='bbox 1034 6371 1106 6440; x_wconf 88' lang='grc'><strong>(27722</strong></span> <span class='ocrx_word' id='word_1_447' title='bbox 1127 6367 1178 6436; x_wconf 84' lang='grc'><strong>75.)</strong></span> <span class='ocrx_word' id='word_1_448' title='bbox 1200 6385 1226 6424; x_wconf 88' lang='lat' dir='ltr'>n.</span> <span class='ocrx_word' id='word_1_449' title='bbox 1241 6371 1272 6434; x_wconf 91' lang='grc'>2,</span> <span class='ocrx_word' id='word_1_450' title='bbox 1290 6367 1336 6422; x_wconf 88' lang='lat' dir='ltr'>ubi</span> <span class='ocrx_word' id='word_1_451' title='bbox 1353 6369 1432 6422; x_wconf 86' lang='lat' dir='ltr'>etiarn</span> <span class='ocrx_word' id='word_1_452' title='bbox 1451 6367 1580 6422; x_wconf 90' lang='lat' dir='ltr'>habentur</span> 
     </span>
     <span class='ocr_line' id='line_1_56' title="bbox 625 6455 1583 6530; baseline -0.004 -16"><span class='ocrx_word' id='word_1_453' title='bbox 625 6461 723 6530; x_wconf 87' lang='lat' dir='ltr'>verba,</span> <span class='ocrx_word' id='word_1_454' title='bbox 735 6475 804 6528; x_wconf 87' lang='lat' dir='ltr'>quae</span> <span class='ocrx_word' id='word_1_455' title='bbox 816 6465 972 6528; x_wconf 89' lang='lat' dir='ltr'>sequuntur.</span> <span class='ocrx_word' id='word_1_456' title='bbox 983 6463 1011 6512; x_wconf 93' lang='lat' dir='ltr'>ln</span> <span class='ocrx_word' id='word_1_457' title='bbox 1027 6459 1112 6526; x_wconf 89' lang='lat' dir='ltr'>primo</span> <span class='ocrx_word' id='word_1_458' title='bbox 1132 6463 1189 6514; x_wconf 87' lang='lat' dir='ltr'>loco</span> <span class='ocrx_word' id='word_1_459' title='bbox 1209 6473 1257 6526; x_wconf 90' lang='lat' dir='ltr'>pro</span> <span class='ocrx_word' id='word_1_460' title='bbox 1275 6455 1299 6512; x_wconf 86' lang='lat' dir='ltr'>ei</span> <span class='ocrx_word' id='word_1_461' title='bbox 1318 6455 1460 6512; x_wconf 84' lang='lat' dir='ltr'>immittere</span> <span class='ocrx_word' id='word_1_462' title='bbox 1478 6457 1583 6510; x_wconf 85' lang='grc'><strong>7227227</strong></span> 
     </span>
     <span class='ocr_line' id='line_1_57' title="bbox 626 6541 1581 6616; baseline -0.004 -16"><span class='ocrx_word' id='word_1_463' title='bbox 626 6547 800 6616; x_wconf 82' lang='lat' dir='ltr'>(quodetiam</span> <span class='ocrx_word' id='word_1_464' title='bbox 820 6549 935 6600; x_wconf 87' lang='lat' dir='ltr'>Thomas</span> <span class='ocrx_word' id='word_1_465' title='bbox 954 6547 978 6598; x_wconf 91' lang='lat' dir='ltr'>in</span> <span class='ocrx_word' id='word_1_466' title='bbox 998 6547 1095 6600; x_wconf 85' lang='lat' dir='ltr'>Calena</span> <span class='ocrx_word' id='word_1_467' title='bbox 1112 6559 1193 6600; x_wconf 87' lang='lat' dir='ltr'>aurea</span> <span class='ocrx_word' id='word_1_468' title='bbox 1212 6545 1328 6614; x_wconf 82' lang='lat' dir='ltr'>exhibet)</span> <span class='ocrx_word' id='word_1_469' title='bbox 1340 6559 1395 6598; x_wconf 91' lang='lat' dir='ltr'>non</span> <span class='ocrx_word' id='word_1_470' title='bbox 1406 6541 1483 6610; x_wconf 90' lang='lat' dir='ltr'>pauci</span> <span class='ocrx_word' id='word_1_471' title='bbox 1502 6541 1581 6596; x_wconf 90' lang='lat' dir='ltr'>codd.</span> 
     </span>
     <span class='ocr_line' id='line_1_58' title="bbox 626 6633 1581 6702; baseline -0.004 -14"><span class='ocrx_word' id='word_1_472' title='bbox 626 6635 768 6692; x_wconf 86' lang='lat' dir='ltr'>immittere</span> <span class='ocrx_word' id='word_1_473' title='bbox 786 6635 930 6702; x_wconf 87' lang='lat' dir='ltr'>intentant,</span> <span class='ocrx_word' id='word_1_474' title='bbox 951 6637 992 6690; x_wconf 87' lang='lat' dir='ltr'>ed.</span> <span class='ocrx_word' id='word_1_475' title='bbox 1010 6639 1104 6692; x_wconf 86' lang='lat' dir='ltr'>contro</span> <span class='ocrx_word' id='word_1_476' title='bbox 1122 6649 1185 6692; x_wconf 88' lang='lat' dir='ltr'>eunt</span> <span class='ocrx_word' id='word_1_477' title='bbox 1204 6633 1323 6690; x_wconf 83' lang='lat' dir='ltr'>inuenire</span> <span class='ocrx_word' id='word_1_478' title='bbox 1340 6635 1478 6688; x_wconf 87' lang='lat' dir='ltr'>attentant.</span> <span class='ocrx_word' id='word_1_479' title='bbox 1498 6635 1525 6684; x_wconf 93' lang='lat' dir='ltr'>ln</span> <span class='ocrx_word' id='word_1_480' title='bbox 1542 6647 1581 6684; x_wconf 89' lang='lat' dir='ltr'>se·</span> 
     </span>
     <span class='ocr_line' id='line_1_59' title="bbox 624 6709 1581 6792; baseline 0.006 -18"><span class='ocrx_word' id='word_1_481' title='bbox 624 6723 713 6778; x_wconf 90' lang='lat' dir='ltr'>cundo</span> <span class='ocrx_word' id='word_1_482' title='bbox 730 6725 787 6776; x_wconf 89' lang='lat' dir='ltr'>loco</span> <span class='ocrx_word' id='word_1_483' title='bbox 805 6737 855 6788; x_wconf 87' lang='lat' dir='ltr'>pro</span> <span class='ocrx_word' id='word_1_484' title='bbox 872 6721 1062 6792; x_wconf 80' lang='lat' dir='ltr'>intemperanti</span> <span class='ocrx_word' id='word_1_485' title='bbox 1080 6721 1349 6792; x_wconf 68' lang='lat' dir='ltr'>investigationibus</span> <span class='ocrx_word' id='word_1_486' title='bbox 1362 6709 1471 6790; x_wconf 70' lang='lat' dir='ltr'>ataulpho</span> <span class='ocrx_word' id='word_1_487' title='bbox 1485 6735 1581 6788; x_wconf 69' lang='lat' dir='ltr'>:septep-</span> 
     </span>
     <span class='ocr_line' id='line_1_60' title="bbox 623 6805 1580 6880; baseline 0.004 -22"><span class='ocrx_word' id='word_1_488' title='bbox 623 6805 711 6878; x_wconf 75' lang='grc' dir='ltr'><strong>γίας),</strong></span> <span class='ocrx_word' id='word_1_489' title='bbox 730 6811 802 6878; x_wconf 92' lang='lat' dir='ltr'>quod</span> <span class='ocrx_word' id='word_1_490' title='bbox 821 6811 956 6878; x_wconf 84' lang='grc'><strong>7127127777,</strong></span> <span class='ocrx_word' id='word_1_491' title='bbox 975 6811 1020 6863; x_wconf 90' lang='grc'><strong>2777</strong></span> <span class='ocrx_word' id='word_1_492' title='bbox 1036 6811 1114 6864; x_wconf 90' lang='lat' dir='ltr'>codd.</span> <span class='ocrx_word' id='word_1_493' title='bbox 1138 6813 1178 6864; x_wconf 91' lang='lat' dir='ltr'>vel</span> <span class='ocrx_word' id='word_1_494' title='bbox 1202 6811 1408 6880; x_wconf 81' lang='lat' dir='ltr'>intemperantia</span> <span class='ocrx_word' id='word_1_495' title='bbox 1432 6809 1580 6876; x_wconf 74' lang='lat' dir='ltr'>interroga</span> 
     </span>
    </p>
   </div>
   <div class='ocr_carea' id='block_1_6' title="bbox 627 2597 1605 2686">
    <p class='ocr_par' dir='ltr' id='par_1_10' title="bbox 627 2597 1605 2686">
     <span class='ocr_line' id='line_1_61' title="bbox 627 2597 1605 2686; baseline -0.006 -10"><span class='ocrx_word' id='word_1_496' title='bbox 627 2609 811 2676; x_wconf 88' lang='lat' dir='ltr'>calumniari</span> <span class='ocrx_word' id='word_1_497' title='bbox 837 2605 977 2674; x_wconf 87' lang='lat' dir='ltr'>veritatis</span> <span class='ocrx_word' id='word_1_498' title='bbox 1001 2607 1169 2674; x_wconf 91' lang='lat' dir='ltr'>doctorem.</span> <span class='ocrx_word' id='word_1_499' title='bbox 1195 2607 1244 2686; x_wconf 84' lang='lat' dir='ltr'>Et·</span> <span class='ocrx_word' id='word_1_500' title='bbox 1261 2605 1359 2672; x_wconf 91' lang='lat' dir='ltr'>huius</span> <span class='ocrx_word' id='word_1_501' title='bbox 1388 2605 1472 2670; x_wconf 89' lang='lat' dir='ltr'>ratio</span> <span class='ocrx_word' id='word_1_502' title='bbox 1496 2597 1605 2680; x_wconf 71' lang='lat' dir='ltr'>erat,</span> 
     </span>
    </p>
   </div>
   <div class='ocr_carea' id='block_1_7' title="bbox 1335 531 1878 600">
    <p class='ocr_par' dir='ltr' id='par_1_11' title="bbox 1335 531 1878 600">
     <span class='ocr_line' id='line_1_62' title="bbox 1335 531 1878 600; baseline -0.002 -2"><span class='ocrx_word' id='word_1_503' title='bbox 1335 533 1528 600; x_wconf 86' lang='lat' dir='ltr'>COMMENT.</span> <span class='ocrx_word' id='word_1_504' title='bbox 1554 533 1591 598; x_wconf 95' lang='lat' dir='ltr'>lN</span> <span class='ocrx_word' id='word_1_505' title='bbox 1613 531 1778 598; x_wconf 78' lang='lat' dir='ltr'>inthaath</span> <span class='ocrx_word' id='word_1_506' title='bbox 1802 533 1833 598; x_wconf 87' lang='lat' dir='ltr'>C.</span> <span class='ocrx_word' id='word_1_507' title='bbox 1859 533 1878 598; x_wconf 95' lang='lat' dir='ltr'>l.</span> 
     </span>
    </p>
   </div>
   <div class='ocr_carea' id='block_1_8' title="bbox 1642 705 2745 4382">
    <p class='ocr_par' dir='ltr' id='par_1_12' title="bbox 1643 705 2741 2058">
     <span class='ocr_line' id='line_1_63' title="bbox 1737 705 2741 818; baseline -0.002 -44"><span class='ocrx_word' id='word_1_508' title='bbox 1737 709 1788 774; x_wconf 78' lang='lat' dir='ltr'>aa.</span> <span class='ocrx_word' id='word_1_509' title='bbox 1812 709 1914 786; x_wconf 92' lang='lat' dir='ltr'>(Vers.</span> <span class='ocrx_word' id='word_1_510' title='bbox 1931 709 2007 790; x_wconf 84' lang='grc'><strong>26.)</strong></span> <span class='ocrx_word' id='word_1_511' title='bbox 2027 707 2202 794; x_wconf 83' lang='lat' dir='ltr'>Respondit</span> <span class='ocrx_word' id='word_1_512' title='bbox 2216 707 2261 772; x_wconf 88' lang='lat' dir='ltr'>eis</span> <span class='ocrx_word' id='word_1_513' title='bbox 2277 707 2430 784; x_wconf 82' lang='grc'><strong>7222222.</strong></span> <span class='ocrx_word' id='word_1_514' title='bbox 2449 705 2600 790; x_wconf 89' lang='lat' dir='ltr'>Tangitur</span> <span class='ocrx_word' id='word_1_515' title='bbox 2617 721 2741 818; x_wconf 53' lang='lat' dir='ltr'>aveesgggna</span> 
     </span>
     <span class='ocr_line' id='line_1_64' title="bbox 1646 803 2718 904; baseline 0.002 -26"><span class='ocrx_word' id='word_1_516' title='bbox 1646 813 1707 880; x_wconf 84' lang='lat' dir='ltr'>hie</span> <span class='ocrx_word' id='word_1_517' title='bbox 1733 813 1923 892; x_wconf 90' lang='lat' dir='ltr'>secundum,</span> <span class='ocrx_word' id='word_1_518' title='bbox 1946 811 2062 880; x_wconf 91' lang='lat' dir='ltr'>scilicet</span> <span class='ocrx_word' id='word_1_519' title='bbox 2096 811 2273 880; x_wconf 87' lang='lat' dir='ltr'>testimonii</span> <span class='ocrx_word' id='word_1_520' title='bbox 2303 811 2436 904; x_wconf 83' lang='lat' dir='ltr'>ueritas.</span> <span class='ocrx_word' id='word_1_521' title='bbox 2472 811 2600 880; x_wconf 87' lang='lat' dir='ltr'>loannes</span> <span class='ocrx_word' id='word_1_522' title='bbox 2713 803 2718 816; x_wconf 81' lang='grc'><em>“</em></span> 
     </span>
     <span class='ocr_line' id='line_1_65' title="bbox 1646 917 2600 1002; baseline -0.002 -16"><span class='ocrx_word' id='word_1_523' title='bbox 1646 919 1729 986; x_wconf 90' lang='lat' dir='ltr'>enim</span> <span class='ocrx_word' id='word_1_524' title='bbox 1755 917 1920 984; x_wconf 89' lang='lat' dir='ltr'>veritatem</span> <span class='ocrx_word' id='word_1_525' title='bbox 1949 919 1997 984; x_wconf 92' lang='lat' dir='ltr'>sui</span> <span class='ocrx_word' id='word_1_526' title='bbox 2031 919 2123 984; x_wconf 84' lang='lat' dir='ltr'>officii</span> <span class='ocrx_word' id='word_1_527' title='bbox 2153 919 2309 1002; x_wconf 89' lang='lat' dir='ltr'>exprimit</span> <span class='ocrx_word' id='word_1_528' title='bbox 2341 923 2371 984; x_wconf 92' lang='lat' dir='ltr'>et</span> <span class='ocrx_word' id='word_1_529' title='bbox 2406 935 2447 984; x_wconf 90' lang='lat' dir='ltr'>ex</span> <span class='ocrx_word' id='word_1_530' title='bbox 2471 919 2532 984; x_wconf 88' lang='lat' dir='ltr'>hoc</span> <span class='ocrx_word' id='word_1_531' title='bbox 2552 917 2600 984; x_wconf 91' lang='lat' dir='ltr'>di-</span> 
     </span>
     <span class='ocr_line' id='line_1_66' title="bbox 1644 1021 2600 1108; baseline -0.001 -18"><span class='ocrx_word' id='word_1_532' title='bbox 1644 1023 1793 1108; x_wconf 90' lang='lat' dir='ltr'>gnitatem</span> <span class='ocrx_word' id='word_1_533' title='bbox 1826 1021 1951 1089; x_wconf 85' lang='lat' dir='ltr'>Christi.</span> <span class='ocrx_word' id='word_1_534' title='bbox 1988 1023 2057 1090; x_wconf 92' lang='lat' dir='ltr'>ldeo</span> <span class='ocrx_word' id='word_1_535' title='bbox 2088 1021 2178 1088; x_wconf 89' lang='lat' dir='ltr'>dicit:</span> <span class='ocrx_word' id='word_1_536' title='bbox 2213 1025 2280 1108; x_wconf 89' lang='lat' dir='ltr'>Bgo</span> <span class='ocrx_word' id='word_1_537' title='bbox 2314 1021 2447 1106; x_wconf 80' lang='lat' dir='ltr'>baptizo</span> <span class='ocrx_word' id='word_1_538' title='bbox 2477 1041 2534 1088; x_wconf 88' lang='lat' dir='ltr'>eos</span> <span class='ocrx_word' id='word_1_539' title='bbox 2562 1021 2600 1090; x_wconf 88' lang='lat' dir='ltr'>in</span> 
     </span>
     <span class='ocr_line' id='line_1_67' title="bbox 1645 1127 2598 1216; baseline 0 -22"><span class='ocrx_word' id='word_1_540' title='bbox 1645 1147 1755 1216; x_wconf 69' lang='lat' dir='ltr'>agam</span> <span class='ocrx_word' id='word_1_541' title='bbox 1781 1127 1810 1192; x_wconf 92' lang='lat' dir='ltr'>id</span> <span class='ocrx_word' id='word_1_542' title='bbox 1833 1133 1896 1204; x_wconf 92' lang='lat' dir='ltr'>est,</span> <span class='ocrx_word' id='word_1_543' title='bbox 1923 1127 1991 1192; x_wconf 87' lang='lat' dir='ltr'>lavo</span> <span class='ocrx_word' id='word_1_544' title='bbox 2013 1129 2174 1208; x_wconf 87' lang='lat' dir='ltr'>exterius,</span> <span class='ocrx_word' id='word_1_545' title='bbox 2197 1145 2259 1192; x_wconf 92' lang='lat' dir='ltr'>non</span> <span class='ocrx_word' id='word_1_546' title='bbox 2289 1131 2436 1210; x_wconf 90' lang='lat' dir='ltr'>tanquam</span> <span class='ocrx_word' id='word_1_547' title='bbox 2453 1127 2598 1194; x_wconf 88' lang='lat' dir='ltr'>Christus</span> 
     </span>
     <span class='ocr_line' id='line_1_68' title="bbox 1645 1231 2599 1318; baseline 0.001 -18"><span class='ocrx_word' id='word_1_548' title='bbox 1645 1233 1796 1312; x_wconf 88' lang='lat' dir='ltr'>interius;</span> <span class='ocrx_word' id='word_1_549' title='bbox 1818 1231 1872 1298; x_wconf 90' lang='lat' dir='ltr'>sed</span> <span class='ocrx_word' id='word_1_550' title='bbox 1902 1231 1939 1298; x_wconf 85' lang='lat' dir='ltr'>ad</span> <span class='ocrx_word' id='word_1_551' title='bbox 1976 1233 2133 1300; x_wconf 85' lang='lat' dir='ltr'>Christum</span> <span class='ocrx_word' id='word_1_552' title='bbox 2165 1251 2334 1318; x_wconf 86' lang='lat' dir='ltr'>praeparo;</span> <span class='ocrx_word' id='word_1_553' title='bbox 2360 1233 2442 1300; x_wconf 93' lang='lat' dir='ltr'>uude</span> <span class='ocrx_word' id='word_1_554' title='bbox 2466 1235 2599 1300; x_wconf 80' lang='lat' dir='ltr'>ictuum</span> 
     </span>
     <span class='ocr_line' id='line_1_69' title="bbox 1643 1337 2600 1424; baseline -0.004 -18"><span class='ocrx_word' id='word_1_555' title='bbox 1643 1339 1762 1408; x_wconf 87' lang='lat' dir='ltr'>decimo</span> <span class='ocrx_word' id='word_1_556' title='bbox 1786 1337 1912 1402; x_wconf 68' lang='lat' dir='ltr'>nonai:</span> <span class='ocrx_word' id='word_1_557' title='bbox 1941 1363 1957 1396; x_wconf 88' lang='lat'>«</span> <span class='ocrx_word' id='word_1_558' title='bbox 1974 1339 2102 1406; x_wconf 88' lang='lat' dir='ltr'>loannes</span> <span class='ocrx_word' id='word_1_559' title='bbox 2123 1337 2292 1422; x_wconf 85' lang='lat' dir='ltr'>baptizavit</span> <span class='ocrx_word' id='word_1_560' title='bbox 2316 1337 2472 1424; x_wconf 89' lang='lat' dir='ltr'>baptismo</span> <span class='ocrx_word' id='word_1_561' title='bbox 2491 1339 2600 1422; x_wconf 94' lang='lat' dir='ltr'>poeni-</span> 
     </span>
     <span class='ocr_line' id='line_1_70' title="bbox 1644 1443 2680 1528; baseline 0 -18"><span class='ocrx_word' id='word_1_562' title='bbox 1644 1445 1758 1510; x_wconf 85' lang='lat' dir='ltr'>tentiae</span> <span class='ocrx_word' id='word_1_563' title='bbox 1783 1443 1905 1510; x_wconf 90' lang='lat' dir='ltr'>dicens:</span> <span class='ocrx_word' id='word_1_564' title='bbox 1930 1445 1963 1508; x_wconf 94' lang='lat' dir='ltr'>ln</span> <span class='ocrx_word' id='word_1_565' title='bbox 1987 1461 2074 1522; x_wconf 90' lang='lat' dir='ltr'>eum,</span> <span class='ocrx_word' id='word_1_566' title='bbox 2101 1443 2154 1528; x_wconf 93' lang='lat' dir='ltr'>qui</span> <span class='ocrx_word' id='word_1_567' title='bbox 2183 1451 2339 1510; x_wconf 79' lang='lat' dir='ltr'>venturus</span> <span class='ocrx_word' id='word_1_568' title='bbox 2360 1449 2445 1522; x_wconf 89' lang='lat' dir='ltr'>erat,</span> <span class='ocrx_word' id='word_1_569' title='bbox 2471 1449 2505 1510; x_wconf 91' lang='lat' dir='ltr'>ut</span> <span class='ocrx_word' id='word_1_570' title='bbox 2531 1459 2598 1510; x_wconf 87' lang='grc'><strong>222-</strong></span> <span class='ocrx_word' id='word_1_571' title='bbox 2678 1457 2680 1462; x_wconf 78' lang='grc'>’</span> 
     </span>
     <span class='ocr_line' id='line_1_71' title="bbox 1644 1547 2600 1618; baseline 0 -4"><span class='ocrx_word' id='word_1_572' title='bbox 1644 1549 1754 1618; x_wconf 89' lang='lat' dir='ltr'>derent</span> <span class='ocrx_word' id='word_1_573' title='bbox 1769 1575 1801 1612; x_wconf 87' lang='lat'>».</span> <span class='ocrx_word' id='word_1_574' title='bbox 1825 1547 1894 1614; x_wconf 90' lang='lat' dir='ltr'>ldeo</span> <span class='ocrx_word' id='word_1_575' title='bbox 1919 1549 2038 1616; x_wconf 84' lang='lat' dir='ltr'>subdit:</span> <span class='ocrx_word' id='word_1_576' title='bbox 2061 1549 2187 1616; x_wconf 83' lang='grc'><strong>77727722</strong></span> <span class='ocrx_word' id='word_1_577' title='bbox 2211 1555 2320 1616; x_wconf 89' lang='lat' dir='ltr'>antem</span> <span class='ocrx_word' id='word_1_578' title='bbox 2344 1559 2489 1614; x_wconf 86' lang='lat' dir='ltr'>oestrum</span> <span class='ocrx_word' id='word_1_579' title='bbox 2515 1549 2600 1614; x_wconf 89' lang='lat' dir='ltr'>stetit</span> 
     </span>
     <span class='ocr_line' id='line_1_72' title="bbox 1644 1653 2598 1742; baseline -0.002 -22"><span class='ocrx_word' id='word_1_580' title='bbox 1644 1675 1741 1742; x_wconf 82' lang='lat' dir='ltr'>gnam</span> <span class='ocrx_word' id='word_1_581' title='bbox 1760 1671 1818 1718; x_wconf 85' lang='lat' dir='ltr'>vos</span> <span class='ocrx_word' id='word_1_582' title='bbox 1841 1653 1989 1732; x_wconf 74' lang='lat' dir='ltr'>rescitis:</span> <span class='ocrx_word' id='word_1_583' title='bbox 2011 1653 2044 1720; x_wconf 92' lang='lat' dir='ltr'>id</span> <span class='ocrx_word' id='word_1_584' title='bbox 2066 1659 2114 1720; x_wconf 88' lang='lat' dir='ltr'>est</span> <span class='ocrx_word' id='word_1_585' title='bbox 2128 1653 2210 1720; x_wconf 88' lang='lat' dir='ltr'>inter</span> <span class='ocrx_word' id='word_1_586' title='bbox 2234 1671 2305 1732; x_wconf 83' lang='lat' dir='ltr'>ros3</span> <span class='ocrx_word' id='word_1_587' title='bbox 2330 1675 2423 1742; x_wconf 85' lang='lat' dir='ltr'>quern</span> <span class='ocrx_word' id='word_1_588' title='bbox 2446 1653 2598 1732; x_wconf 87' lang='lat' dir='ltr'>nescitis,</span> 
     </span>
     <span class='ocr_line' id='line_1_73' title="bbox 1644 1759 2599 1846; baseline 0.002 -22"><span class='ocrx_word' id='word_1_589' title='bbox 1644 1759 1815 1826; x_wconf 89' lang='lat' dir='ltr'>secundum</span> <span class='ocrx_word' id='word_1_590' title='bbox 1847 1759 1930 1846; x_wconf 89' lang='lat' dir='ltr'>quod</span> <span class='ocrx_word' id='word_1_591' title='bbox 1952 1759 2108 1826; x_wconf 86' lang='lat' dir='ltr'>Dominus</span> <span class='ocrx_word' id='word_1_592' title='bbox 2130 1759 2211 1826; x_wconf 86' lang='lat' dir='ltr'>inira</span> <span class='ocrx_word' id='word_1_593' title='bbox 2234 1759 2366 1826; x_wconf 75' lang='lat' dir='ltr'>octaro&#39;</span> <span class='ocrx_word' id='word_1_594' title='bbox 2389 1759 2484 1826; x_wconf 88' lang='lat' dir='ltr'>dicit:</span> <span class='ocrx_word' id='word_1_595' title='bbox 2513 1759 2599 1826; x_wconf 79' lang='lat' dir='ltr'>«Ne-</span> 
     </span>
     <span class='ocr_line' id='line_1_74' title="bbox 1644 1865 2598 1948; baseline 0.001 -18"><span class='ocrx_word' id='word_1_596' title='bbox 1644 1881 1706 1948; x_wconf 87' lang='lat' dir='ltr'>que</span> <span class='ocrx_word' id='word_1_597' title='bbox 1730 1881 1780 1930; x_wconf 91' lang='lat' dir='ltr'>me</span> <span class='ocrx_word' id='word_1_598' title='bbox 1804 1865 1887 1930; x_wconf 89' lang='lat' dir='ltr'>scitis</span> <span class='ocrx_word' id='word_1_599' title='bbox 1911 1881 2012 1948; x_wconf 92' lang='lat' dir='ltr'>neque</span> <span class='ocrx_word' id='word_1_600' title='bbox 2038 1867 2157 1932; x_wconf 85' lang='lat' dir='ltr'>Patrem</span> <span class='ocrx_word' id='word_1_601' title='bbox 2181 1883 2286 1932; x_wconf 91' lang='lat' dir='ltr'>meum</span> <span class='ocrx_word' id='word_1_602' title='bbox 2303 1865 2431 1932; x_wconf 77' lang='lat' dir='ltr'>scitis».</span> <span class='ocrx_word' id='word_1_603' title='bbox 2448 1865 2491 1930; x_wconf 82' lang='lat' dir='ltr'>sd</span> <span class='ocrx_word' id='word_1_604' title='bbox 2507 1865 2598 1930; x_wconf 91' lang='lat' dir='ltr'>illum</span> 
     </span>
     <span class='ocr_line' id='line_1_75' title="bbox 1644 1971 2099 2058; baseline -0.004 -20"><span class='ocrx_word' id='word_1_605' title='bbox 1644 1989 1701 2058; x_wconf 91' lang='lat' dir='ltr'>ego</span> <span class='ocrx_word' id='word_1_606' title='bbox 1727 1989 1887 2056; x_wconf 88' lang='lat' dir='ltr'>praeparo.</span> <span class='ocrx_word' id='word_1_607' title='bbox 1915 1971 1985 2038; x_wconf 89' lang='lat' dir='ltr'>Ideo</span> <span class='ocrx_word' id='word_1_608' title='bbox 2006 1971 2099 2038; x_wconf 90' lang='lat' dir='ltr'>dicit:</span> 
     </span>
    </p>

    <p class='ocr_par' dir='ltr' id='par_1_13' title="bbox 1644 2077 2598 2270">
     <span class='ocr_line' id='line_1_76' title="bbox 1735 2077 2598 2164; baseline -0.003 -20"><span class='ocrx_word' id='word_1_609' title='bbox 1735 2077 1785 2144; x_wconf 80' lang='lat' dir='ltr'>tto.</span> <span class='ocrx_word' id='word_1_610' title='bbox 1811 2077 1911 2162; x_wconf 85' lang='lat' dir='ltr'>(Vers.</span> <span class='ocrx_word' id='word_1_611' title='bbox 1937 2081 2011 2158; x_wconf 82' lang='grc'><strong>27.)</strong></span> <span class='ocrx_word' id='word_1_612' title='bbox 2040 2077 2111 2164; x_wconf 87' lang='lat' dir='ltr'>lpse</span> <span class='ocrx_word' id='word_1_613' title='bbox 2140 2085 2187 2142; x_wconf 87' lang='lat' dir='ltr'>est</span> <span class='ocrx_word' id='word_1_614' title='bbox 2222 2077 2281 2164; x_wconf 86' lang='lat' dir='ltr'>qni</span> <span class='ocrx_word' id='word_1_615' title='bbox 2305 2083 2378 2160; x_wconf 86' lang='lat' dir='ltr'>post</span> <span class='ocrx_word' id='word_1_616' title='bbox 2410 2085 2558 2142; x_wconf 85' lang='grc'><strong>2122227</strong></span> <span class='ocrx_word' id='word_1_617' title='bbox 2585 2113 2598 2124; x_wconf 93' lang='grc'><strong>-</strong></span> 
     </span>
     <span class='ocr_line' id='line_1_77' title="bbox 1644 2181 2597 2270; baseline -0.003 -20"><span class='ocrx_word' id='word_1_618' title='bbox 1644 2203 1705 2250; x_wconf 87' lang='lat' dir='ltr'>ras</span> <span class='ocrx_word' id='word_1_619' title='bbox 1735 2191 1799 2264; x_wconf 85' lang='lat' dir='ltr'>est,</span> <span class='ocrx_word' id='word_1_620' title='bbox 1829 2183 1904 2270; x_wconf 88' lang='lat' dir='ltr'>quia</span> <span class='ocrx_word' id='word_1_621' title='bbox 1938 2203 1995 2270; x_wconf 92' lang='lat' dir='ltr'>ego</span> <span class='ocrx_word' id='word_1_622' title='bbox 2025 2185 2114 2250; x_wconf 89' lang='lat' dir='ltr'>illum</span> <span class='ocrx_word' id='word_1_623' title='bbox 2144 2181 2297 2268; x_wconf 86' lang='lat' dir='ltr'>praecedo</span> <span class='ocrx_word' id='word_1_624' title='bbox 2328 2189 2364 2250; x_wconf 91' lang='lat' dir='ltr'>ut</span> <span class='ocrx_word' id='word_1_625' title='bbox 2399 2201 2597 2268; x_wconf 90' lang='lat' dir='ltr'>praecursor.</span> 
     </span>
    </p>

    <p class='ocr_par' dir='ltr' id='par_1_14' title="bbox 1642 2287 2600 3000">
     <span class='ocr_line' id='line_1_78' title="bbox 1647 2287 2599 2376; baseline 0 -22"><span class='ocrx_word' id='word_1_626' title='bbox 1647 2291 1713 2372; x_wconf 84' lang='lat' dir='ltr'>Qut</span> <span class='ocrx_word' id='word_1_627' title='bbox 1736 2299 1811 2356; x_wconf 88' lang='lat' dir='ltr'>ante</span> <span class='ocrx_word' id='word_1_628' title='bbox 1832 2311 1882 2356; x_wconf 87' lang='lat' dir='ltr'>nte</span> <span class='ocrx_word' id='word_1_629' title='bbox 1905 2289 2016 2376; x_wconf 80' lang='lat' dir='ltr'>suetas</span> <span class='ocrx_word' id='word_1_630' title='bbox 2042 2299 2105 2370; x_wconf 86' lang='lat' dir='ltr'>est,</span> <span class='ocrx_word' id='word_1_631' title='bbox 2127 2289 2159 2356; x_wconf 91' lang='lat' dir='ltr'>id</span> <span class='ocrx_word' id='word_1_632' title='bbox 2189 2297 2237 2356; x_wconf 91' lang='lat' dir='ltr'>est</span> <span class='ocrx_word' id='word_1_633' title='bbox 2266 2287 2388 2374; x_wconf 88' lang='lat' dir='ltr'>dignior</span> <span class='ocrx_word' id='word_1_634' title='bbox 2424 2307 2491 2368; x_wconf 90' lang='lat' dir='ltr'>me;</span> <span class='ocrx_word' id='word_1_635' title='bbox 2516 2287 2599 2354; x_wconf 88' lang='lat' dir='ltr'>inira</span> 
     </span>
     <span class='ocr_line' id='line_1_79' title="bbox 1645 2393 2595 2480; baseline 0 -22"><span class='ocrx_word' id='word_1_636' title='bbox 1645 2395 1738 2460; x_wconf 90' lang='lat' dir='ltr'>tertio</span> <span class='ocrx_word' id='word_1_637' title='bbox 1749 2393 1779 2458; x_wconf 87' lang='lat'>8:</span> <span class='ocrx_word' id='word_1_638' title='bbox 1811 2421 1824 2452; x_wconf 80' lang='grc'>2</span> <span class='ocrx_word' id='word_1_639' title='bbox 1841 2395 1887 2462; x_wconf 88' lang='grc'>772</span> <span class='ocrx_word' id='word_1_640' title='bbox 1912 2401 2035 2480; x_wconf 89' lang='lat' dir='ltr'>oportet</span> <span class='ocrx_word' id='word_1_641' title='bbox 2051 2395 2168 2476; x_wconf 90' lang='lat' dir='ltr'>minui,</span> <span class='ocrx_word' id='word_1_642' title='bbox 2183 2395 2273 2464; x_wconf 91' lang='lat' dir='ltr'>illum</span> <span class='ocrx_word' id='word_1_643' title='bbox 2290 2401 2391 2460; x_wconf 89' lang='lat' dir='ltr'>autem</span> <span class='ocrx_word' id='word_1_644' title='bbox 2411 2411 2551 2460; x_wconf 88' lang='lat' dir='ltr'>crescere</span> <span class='ocrx_word' id='word_1_645' title='bbox 2563 2419 2595 2458; x_wconf 78' lang='lat' dir='ltr'>u.</span> 
     </span>
     <span class='ocr_line' id='line_1_80' title="bbox 1643 2499 2600 2586; baseline 0 -22"><span class='ocrx_word' id='word_1_646' title='bbox 1643 2499 1815 2584; x_wconf 80' lang='lat' dir='ltr'>alquanto</span> <span class='ocrx_word' id='word_1_647' title='bbox 1834 2501 1955 2584; x_wconf 87' lang='lat' dir='ltr'>dignior</span> <span class='ocrx_word' id='word_1_648' title='bbox 1981 2501 2037 2580; x_wconf 89' lang='lat' dir='ltr'>sit,</span> <span class='ocrx_word' id='word_1_649' title='bbox 2059 2501 2210 2568; x_wconf 89' lang='lat' dir='ltr'>ostendit:</span> <span class='ocrx_word' id='word_1_650' title='bbox 2237 2499 2341 2566; x_wconf 83' lang='lat' dir='ltr'>Cnins</span> <span class='ocrx_word' id='word_1_651' title='bbox 2363 2519 2420 2586; x_wconf 90' lang='lat' dir='ltr'>ego</span> <span class='ocrx_word' id='word_1_652' title='bbox 2441 2519 2507 2566; x_wconf 91' lang='lat' dir='ltr'>non</span> <span class='ocrx_word' id='word_1_653' title='bbox 2522 2517 2600 2566; x_wconf 87' lang='lat' dir='ltr'>snm</span> 
     </span>
     <span class='ocr_line' id='line_1_81' title="bbox 1643 2605 2599 2692; baseline 0.004 -24"><span class='ocrx_word' id='word_1_654' title='bbox 1643 2605 1785 2692; x_wconf 88' lang='lat' dir='ltr'>dignas,</span> <span class='ocrx_word' id='word_1_655' title='bbox 1810 2605 1995 2682; x_wconf 81' lang='grc'><strong>2722711212</strong></span> <span class='ocrx_word' id='word_1_656' title='bbox 2017 2607 2200 2692; x_wconf 85' lang='lat' dir='ltr'>corrigiam</span> <span class='ocrx_word' id='word_1_657' title='bbox 2225 2605 2441 2674; x_wconf 87' lang='lat' dir='ltr'>calceamenti.</span> <span class='ocrx_word' id='word_1_658' title='bbox 2459 2605 2502 2672; x_wconf 84' lang='lat' dir='ltr'>Ad</span> <span class='ocrx_word' id='word_1_659' title='bbox 2519 2605 2599 2672; x_wconf 87' lang='lat' dir='ltr'>titte-</span> 
     </span>
     <span class='ocr_line' id='line_1_82' title="bbox 1643 2711 2599 2798; baseline 0.004 -22"><span class='ocrx_word' id='word_1_660' title='bbox 1643 2731 1720 2776; x_wconf 89' lang='grc'>222</span> <span class='ocrx_word' id='word_1_661' title='bbox 1746 2711 1805 2776; x_wconf 87' lang='grc'><strong>7122</strong></span> <span class='ocrx_word' id='word_1_662' title='bbox 1826 2729 1938 2776; x_wconf 85' lang='lat' dir='ltr'>rerum</span> <span class='ocrx_word' id='word_1_663' title='bbox 1970 2719 2033 2790; x_wconf 86' lang='lat' dir='ltr'>est,</span> <span class='ocrx_word' id='word_1_664' title='bbox 2065 2713 2138 2796; x_wconf 90' lang='lat' dir='ltr'>quia</span> <span class='ocrx_word' id='word_1_665' title='bbox 2170 2713 2276 2778; x_wconf 91' lang='lat' dir='ltr'>nullus</span> <span class='ocrx_word' id='word_1_666' title='bbox 2306 2719 2599 2798; x_wconf 88' lang='lat' dir='ltr'>quantumcumque</span> 
     </span>
     <span class='ocr_line' id='line_1_83' title="bbox 1644 2815 2598 2902; baseline 0 -18"><span class='ocrx_word' id='word_1_667' title='bbox 1644 2817 1746 2884; x_wconf 90' lang='lat' dir='ltr'>bonus</span> <span class='ocrx_word' id='word_1_668' title='bbox 1766 2815 1861 2884; x_wconf 85' lang='lat' dir='ltr'>dehet</span> <span class='ocrx_word' id='word_1_669' title='bbox 1882 2835 1915 2884; x_wconf 91' lang='lat' dir='ltr'>se</span> <span class='ocrx_word' id='word_1_670' title='bbox 1937 2817 2065 2902; x_wconf 89' lang='lat' dir='ltr'>dignum</span> <span class='ocrx_word' id='word_1_671' title='bbox 2090 2825 2254 2902; x_wconf 86' lang='lat' dir='ltr'>reputare,</span> <span class='ocrx_word' id='word_1_672' title='bbox 2280 2823 2315 2884; x_wconf 90' lang='lat' dir='ltr'>ut</span> <span class='ocrx_word' id='word_1_673' title='bbox 2330 2819 2423 2884; x_wconf 88' lang='lat' dir='ltr'>etiam</span> <span class='ocrx_word' id='word_1_674' title='bbox 2438 2817 2598 2884; x_wconf 89' lang='lat' dir='ltr'>Christum</span> 
     </span>
     <span class='ocr_line' id='line_1_84' title="bbox 1642 2921 2597 3000; baseline 0.004 -14"><span class='ocrx_word' id='word_1_675' title='bbox 1642 2923 1823 3000; x_wconf 88' lang='lat' dir='ltr'>discalceet;</span> <span class='ocrx_word' id='word_1_676' title='bbox 1840 2921 1924 2988; x_wconf 89' lang='lat' dir='ltr'>unde</span> <span class='ocrx_word' id='word_1_677' title='bbox 1938 2923 2059 2990; x_wconf 91' lang='lat' dir='ltr'>dicebat</span> <span class='ocrx_word' id='word_1_678' title='bbox 2074 2923 2125 2988; x_wconf 91' lang='lat' dir='ltr'>ille</span> <span class='ocrx_word' id='word_1_679' title='bbox 2141 2923 2597 2992; x_wconf 49' lang='grc'><strong>222722727727712272272222</strong></span> 
     </span>
    </p>

    <p class='ocr_par' dir='ltr' id='par_1_15' title="bbox 1642 3027 2742 3852">
     <span class='ocr_line' id='line_1_85' title="bbox 1649 3027 2597 3112; baseline 0.002 -20"><span class='ocrx_word' id='word_1_680' title='bbox 1649 3053 1665 3086; x_wconf 83' lang='grc'>2</span> <span class='ocrx_word' id='word_1_681' title='bbox 1682 3027 1827 3106; x_wconf 92' lang='lat' dir='ltr'>Domino,</span> <span class='ocrx_word' id='word_1_682' title='bbox 1852 3045 1912 3094; x_wconf 93' lang='lat' dir='ltr'>non</span> <span class='ocrx_word' id='word_1_683' title='bbox 1941 3045 2010 3094; x_wconf 87' lang='grc'><strong>2212</strong></span> <span class='ocrx_word' id='word_1_684' title='bbox 2044 3027 2173 3112; x_wconf 90' lang='lat' dir='ltr'>dignus,</span> <span class='ocrx_word' id='word_1_685' title='bbox 2195 3037 2232 3094; x_wconf 91' lang='lat' dir='ltr'>ut</span> <span class='ocrx_word' id='word_1_686' title='bbox 2261 3027 2361 3094; x_wconf 91' lang='lat' dir='ltr'>intres</span> <span class='ocrx_word' id='word_1_687' title='bbox 2390 3029 2449 3094; x_wconf 90' lang='lat' dir='ltr'>sub</span> <span class='ocrx_word' id='word_1_688' title='bbox 2480 3035 2597 3094; x_wconf 89' lang='lat' dir='ltr'>tectum</span> 
     </span>
     <span class='ocr_line' id='line_1_86' title="bbox 1642 3123 2742 3218; baseline 0.004 -22"><span class='ocrx_word' id='word_1_689' title='bbox 1642 3151 1748 3198; x_wconf 90' lang='lat' dir='ltr'>meum</span> <span class='ocrx_word' id='word_1_690' title='bbox 1764 3157 1796 3196; x_wconf 70' lang='lat' dir='ltr'>a.</span> <span class='ocrx_word' id='word_1_691' title='bbox 1821 3171 1863 3178; x_wconf 98' lang='lat'><strong>—</strong></span> <span class='ocrx_word' id='word_1_692' title='bbox 1888 3123 2444 3218; x_wconf 74' lang='grc'><strong>27722227221222227222222722</strong></span> <span class='ocrx_word' id='word_1_693' title='bbox 2468 3139 2514 3202; x_wconf 89' lang='lat' dir='ltr'>est</span> <span class='ocrx_word' id='word_1_694' title='bbox 2538 3135 2742 3202; x_wconf 78' lang='grc'><strong>711-772222-</strong></span> 
     </span>
     <span class='ocr_line' id='line_1_87' title="bbox 1643 3239 2596 3322; baseline 0.002 -18"><span class='ocrx_word' id='word_1_695' title='bbox 1643 3241 1775 3304; x_wconf 87' lang='grc'><strong>2227722</strong></span> <span class='ocrx_word' id='word_1_696' title='bbox 1799 3239 1932 3318; x_wconf 83' lang='lat' dir='ltr'>Christi3</span> <span class='ocrx_word' id='word_1_697' title='bbox 1951 3259 2010 3322; x_wconf 87' lang='lat' dir='ltr'>pes</span> <span class='ocrx_word' id='word_1_698' title='bbox 2034 3239 2210 3320; x_wconf 85' lang='lat' dir='ltr'>calceatus,</span> <span class='ocrx_word' id='word_1_699' title='bbox 2235 3239 2385 3308; x_wconf 82' lang='lat' dir='ltr'>Divinitas</span> <span class='ocrx_word' id='word_1_700' title='bbox 2410 3241 2596 3322; x_wconf 81' lang='lat' dir='ltr'>hunranata3</span> 
     </span>
     <span class='ocr_line' id='line_1_88' title="bbox 1642 3343 2598 3432; baseline 0.001 -20"><span class='ocrx_word' id='word_1_701' title='bbox 1642 3343 1793 3432; x_wconf 87' lang='lat' dir='ltr'>corrigia</span> <span class='ocrx_word' id='word_1_702' title='bbox 1816 3345 2043 3424; x_wconf 84' lang='lat' dir='ltr'>calceamenti,</span> <span class='ocrx_word' id='word_1_703' title='bbox 2060 3347 2134 3412; x_wconf 93' lang='lat' dir='ltr'>unio</span> <span class='ocrx_word' id='word_1_704' title='bbox 2150 3351 2347 3412; x_wconf 90' lang='lat' dir='ltr'>naturarum.</span> <span class='ocrx_word' id='word_1_705' title='bbox 2372 3345 2499 3412; x_wconf 86' lang='lat' dir='ltr'>Sotoere</span> <span class='ocrx_word' id='word_1_706' title='bbox 2522 3363 2598 3430; x_wconf 90' lang='lat' dir='ltr'>ergo</span> 
     </span>
     <span class='ocr_line' id='line_1_89' title="bbox 1642 3445 2599 3538; baseline 0 -20"><span class='ocrx_word' id='word_1_707' title='bbox 1642 3451 1827 3538; x_wconf 87' lang='lat' dir='ltr'>corrigiam</span> <span class='ocrx_word' id='word_1_708' title='bbox 1841 3445 2054 3516; x_wconf 83' lang='lat' dir='ltr'>calceamenti</span> <span class='ocrx_word' id='word_1_709' title='bbox 2071 3457 2120 3518; x_wconf 90' lang='lat' dir='ltr'>est</span> <span class='ocrx_word' id='word_1_710' title='bbox 2141 3451 2302 3536; x_wconf 89' lang='lat' dir='ltr'>explicare</span> <span class='ocrx_word' id='word_1_711' title='bbox 2312 3451 2498 3536; x_wconf 81' lang='lat' dir='ltr'>mysterium</span> <span class='ocrx_word' id='word_1_712' title='bbox 2507 3453 2599 3518; x_wconf 89' lang='lat' dir='ltr'>unio-</span> 
     </span>
     <span class='ocr_line' id='line_1_90' title="bbox 1643 3543 2672 3642; baseline 0.004 -22"><span class='ocrx_word' id='word_1_713' title='bbox 1643 3543 1708 3634; x_wconf 90' lang='lat' dir='ltr'>nis,</span> <span class='ocrx_word' id='word_1_714' title='bbox 1734 3555 1771 3622; x_wconf 90' lang='lat' dir='ltr'>ad</span> <span class='ocrx_word' id='word_1_715' title='bbox 1796 3555 1880 3640; x_wconf 91' lang='lat' dir='ltr'>quod</span> <span class='ocrx_word' id='word_1_716' title='bbox 1901 3555 2064 3640; x_wconf 89' lang='lat' dir='ltr'>indignum</span> <span class='ocrx_word' id='word_1_717' title='bbox 2087 3573 2122 3622; x_wconf 89' lang='lat' dir='ltr'>se</span> <span class='ocrx_word' id='word_1_718' title='bbox 2144 3555 2271 3624; x_wconf 89' lang='lat' dir='ltr'>loannes</span> <span class='ocrx_word' id='word_1_719' title='bbox 2295 3555 2385 3634; x_wconf 90' lang='lat' dir='ltr'>dicit,</span> <span class='ocrx_word' id='word_1_720' title='bbox 2411 3557 2484 3642; x_wconf 88' lang='lat' dir='ltr'>quia</span> <span class='ocrx_word' id='word_1_721' title='bbox 2503 3557 2599 3624; x_wconf 89' lang='lat' dir='ltr'>Isaiae</span> <span class='ocrx_word' id='word_1_722' title='bbox 2665 3559 2672 3568; x_wconf 77' lang='grc'><strong>”</strong></span> 
     </span>
     <span class='ocr_line' id='line_1_91' title="bbox 1642 3661 2599 3746; baseline 0.004 -22"><span class='ocrx_word' id='word_1_723' title='bbox 1642 3661 1899 3746; x_wconf 89' lang='lat' dir='ltr'>quinquagesimo</span> <span class='ocrx_word' id='word_1_724' title='bbox 1937 3661 2027 3726; x_wconf 90' lang='lat' dir='ltr'>tertio</span> <span class='ocrx_word' id='word_1_725' title='bbox 2041 3661 2086 3726; x_wconf 86' lang='lat' dir='ltr'>l⁰:</span> <span class='ocrx_word' id='word_1_726' title='bbox 2124 3661 2390 3730; x_wconf 83' lang='lat' dir='ltr'>«Generationem</span> <span class='ocrx_word' id='word_1_727' title='bbox 2426 3661 2494 3730; x_wconf 90' lang='lat' dir='ltr'>eins</span> <span class='ocrx_word' id='word_1_728' title='bbox 2528 3661 2599 3746; x_wconf 89' lang='lat' dir='ltr'>qais</span> 
     </span>
     <span class='ocr_line' id='line_1_92' title="bbox 1643 3765 2355 3852; baseline 0 -20"><span class='ocrx_word' id='word_1_729' title='bbox 1643 3765 1805 3832; x_wconf 80' lang='lat' dir='ltr'>enarrabit</span> <span class='ocrx_word' id='word_1_730' title='bbox 1819 3773 1860 3832; x_wconf 77' lang='grc'>27</span> <span class='ocrx_word' id='word_1_731' title='bbox 1882 3765 1971 3850; x_wconf 91' lang='lat' dir='ltr'>quasi</span> <span class='ocrx_word' id='word_1_732' title='bbox 1996 3765 2092 3832; x_wconf 89' lang='lat' dir='ltr'>dicat:</span> <span class='ocrx_word' id='word_1_733' title='bbox 2118 3785 2207 3834; x_wconf 92' lang='lat' dir='ltr'>nemo</span> <span class='ocrx_word' id='word_1_734' title='bbox 2233 3767 2355 3852; x_wconf 89' lang='lat' dir='ltr'>dignus.</span> 
     </span>
    </p>

    <p class='ocr_par' dir='ltr' id='par_1_16' title="bbox 1642 3871 2745 4276">
     <span class='ocr_line' id='line_1_93' title="bbox 1734 3871 2741 3984; baseline 0 -46"><span class='ocrx_word' id='word_1_735' title='bbox 1734 3875 1784 3938; x_wconf 82' lang='grc'>37.</span> <span class='ocrx_word' id='word_1_736' title='bbox 1812 3871 1910 3958; x_wconf 80' lang='lat' dir='ltr'>(Vere.</span> <span class='ocrx_word' id='word_1_737' title='bbox 1930 3873 2004 3952; x_wconf 87' lang='grc'><strong>28.).</strong></span> <span class='ocrx_word' id='word_1_738' title='bbox 2024 3873 2164 3940; x_wconf 89' lang='lat' dir='ltr'>Haecin</span> <span class='ocrx_word' id='word_1_739' title='bbox 2182 3873 2343 3940; x_wconf 84' lang='lat' dir='ltr'>Bethania</span> <span class='ocrx_word' id='word_1_740' title='bbox 2360 3875 2381 3914; x_wconf 91' lang='lat'>¹¹</span> <span class='ocrx_word' id='word_1_741' title='bbox 2399 3871 2741 3984; x_wconf 53' lang='lat' dir='ltr'>fa05a3um·&#39;{{{{i1‚¹ssi⁰p}{¹</span> 
     </span>
     <span class='ocr_line' id='line_1_94' title="bbox 1642 3971 2745 4064; baseline 0.006 -22"><span class='ocrx_word' id='word_1_742' title='bbox 1642 3979 1795 4064; x_wconf 93' lang='lat' dir='ltr'>Tangitur</span> <span class='ocrx_word' id='word_1_743' title='bbox 1820 3977 1872 4044; x_wconf 91' lang='lat' dir='ltr'>bic</span> <span class='ocrx_word' id='word_1_744' title='bbox 1893 3977 2042 4056; x_wconf 90' lang='lat' dir='ltr'>tertium,</span> <span class='ocrx_word' id='word_1_745' title='bbox 2072 3979 2190 4046; x_wconf 88' lang='lat' dir='ltr'>scilicet</span> <span class='ocrx_word' id='word_1_746' title='bbox 2213 3979 2390 4046; x_wconf 88' lang='lat' dir='ltr'>testimonii</span> <span class='ocrx_word' id='word_1_747' title='bbox 2413 3979 2596 4060; x_wconf 75' lang='lat' dir='ltr'>catatriton,</span> <span class='ocrx_word' id='word_1_748' title='bbox 2739 3971 2745 3982; x_wconf 80' lang='grc'><strong><em>’</em></strong></span> 
     </span>
     <span class='ocr_line' id='line_1_95' title="bbox 1643 4083 2597 4168; baseline 0.004 -18"><span class='ocrx_word' id='word_1_749' title='bbox 1643 4101 1724 4168; x_wconf 91' lang='lat' dir='ltr'>quae</span> <span class='ocrx_word' id='word_1_750' title='bbox 1748 4091 1875 4150; x_wconf 88' lang='lat' dir='ltr'>notetur</span> <span class='ocrx_word' id='word_1_751' title='bbox 1897 4083 1931 4150; x_wconf 94' lang='lat' dir='ltr'>in</span> <span class='ocrx_word' id='word_1_752' title='bbox 1952 4085 2021 4162; x_wconf 92' lang='lat' dir='ltr'>hoc,</span> <span class='ocrx_word' id='word_1_753' title='bbox 2048 4085 2131 4168; x_wconf 92' lang='lat' dir='ltr'>quod</span> <span class='ocrx_word' id='word_1_754' title='bbox 2154 4085 2184 4150; x_wconf 95' lang='lat' dir='ltr'>in</span> <span class='ocrx_word' id='word_1_755' title='bbox 2210 4087 2276 4154; x_wconf 89' lang='lat' dir='ltr'>loco</span> <span class='ocrx_word' id='word_1_756' title='bbox 2302 4087 2457 4152; x_wconf 89' lang='lat' dir='ltr'>communi</span> <span class='ocrx_word' id='word_1_757' title='bbox 2477 4087 2535 4154; x_wconf 88' lang='lat' dir='ltr'>hoe</span> <span class='ocrx_word' id='word_1_758' title='bbox 2552 4093 2597 4154; x_wconf 90' lang='grc'>72-</span> 
     </span>
     <span class='ocr_line' id='line_1_96' title="bbox 1643 4189 2595 4276; baseline 0.004 -20"><span class='ocrx_word' id='word_1_759' title='bbox 1643 4189 1824 4256; x_wconf 90' lang='lat' dir='ltr'>stimonium</span> <span class='ocrx_word' id='word_1_760' title='bbox 1847 4189 1949 4270; x_wconf 90' lang='lat' dir='ltr'>dedit,</span> <span class='ocrx_word' id='word_1_761' title='bbox 1965 4191 2018 4258; x_wconf 93' lang='lat' dir='ltr'>ubi</span> <span class='ocrx_word' id='word_1_762' title='bbox 2037 4193 2144 4276; x_wconf 91' lang='lat' dir='ltr'>plures</span> <span class='ocrx_word' id='word_1_763' title='bbox 2159 4193 2398 4260; x_wconf 87' lang='lat' dir='ltr'>concurrebant.</span> <span class='ocrx_word' id='word_1_764' title='bbox 2419 4193 2487 4260; x_wconf 90' lang='lat' dir='ltr'>ldeo</span> <span class='ocrx_word' id='word_1_765' title='bbox 2502 4193 2595 4260; x_wconf 91' lang='lat' dir='ltr'>dicit:</span> 
     </span>
    </p>

    <p class='ocr_par' dir='ltr' id='par_1_17' title="bbox 1643 4293 2600 4382">
     <span class='ocr_line' id='line_1_97' title="bbox 1643 4293 2600 4382; baseline 0.006 -22"><span class='ocrx_word' id='word_1_766' title='bbox 1643 4297 1733 4362; x_wconf 85' lang='lat' dir='ltr'>Haec</span> <span class='ocrx_word' id='word_1_767' title='bbox 1756 4295 1791 4360; x_wconf 93' lang='lat' dir='ltr'>in</span> <span class='ocrx_word' id='word_1_768' title='bbox 1816 4293 1978 4362; x_wconf 83' lang='lat' dir='ltr'>Bethania</span> <span class='ocrx_word' id='word_1_769' title='bbox 2001 4293 2094 4382; x_wconf 78' lang='grc'><strong>(2272</strong></span> <span class='ocrx_word' id='word_1_770' title='bbox 2117 4307 2196 4382; x_wconf 84' lang='grc'><strong>22227</strong></span> <span class='ocrx_word' id='word_1_771' title='bbox 2219 4299 2600 4378; x_wconf 82' lang='grc'><strong>7222272222222,2712”</strong></span> 
     </span>
    </p>
   </div>
   <div class='ocr_carea' id='block_1_9' title="bbox 1641 4693 2656 6862">
    <p class='ocr_par' dir='ltr' id='par_1_18' title="bbox 1641 4693 2599 4940">
     <span class='ocr_line' id='line_1_98' title="bbox 1646 4693 2599 4764; baseline 0.002 -14"><span class='ocrx_word' id='word_1_772' title='bbox 1646 4697 1750 4752; x_wconf 87' lang='lat' dir='ltr'>tionum</span> <span class='ocrx_word' id='word_1_773' title='bbox 1766 4697 1811 4748; x_wconf 87' lang='lat' dir='ltr'>vel</span> <span class='ocrx_word' id='word_1_774' title='bbox 1828 4693 2034 4762; x_wconf 82' lang='lat' dir='ltr'>intemperantia</span> <span class='ocrx_word' id='word_1_775' title='bbox 2054 4695 2295 4764; x_wconf 74' lang='lat' dir='ltr'>interrogantium,</span> <span class='ocrx_word' id='word_1_776' title='bbox 2314 4699 2385 4750; x_wconf 90' lang='lat' dir='ltr'>card.</span> <span class='ocrx_word' id='word_1_777' title='bbox 2403 4699 2481 4762; x_wconf 82' lang='lat' dir='ltr'>lingo</span> <span class='ocrx_word' id='word_1_778' title='bbox 2503 4697 2599 4754; x_wconf 89' lang='lat' dir='ltr'>intent-</span> 
     </span>
     <span class='ocr_line' id='line_1_99' title="bbox 1641 4783 2598 4852; baseline 0.002 -12"><span class='ocrx_word' id='word_1_779' title='bbox 1641 4797 1764 4852; x_wconf 87' lang='lat' dir='ltr'>poronea</span> <span class='ocrx_word' id='word_1_780' title='bbox 1783 4783 1992 4852; x_wconf 77' lang='lat' dir='ltr'>investigatione.</span> <span class='ocrx_word' id='word_1_781' title='bbox 2011 4783 2059 4836; x_wconf 87' lang='lat' dir='ltr'>Ed.</span> <span class='ocrx_word' id='word_1_782' title='bbox 2076 4785 2151 4850; x_wconf 86' lang='lat' dir='ltr'>legit:</span> <span class='ocrx_word' id='word_1_783' title='bbox 2175 4783 2196 4840; x_wconf 93' lang='grc'>0</span> <span class='ocrx_word' id='word_1_784' title='bbox 2213 4783 2365 4840; x_wconf 82' lang='lat' dir='ltr'>dementini</span> <span class='ocrx_word' id='word_1_785' title='bbox 2379 4783 2400 4840; x_wconf 89' lang='grc'>0</span> <span class='ocrx_word' id='word_1_786' title='bbox 2414 4785 2508 4840; x_wconf 85' lang='lat' dir='ltr'>elatio!</span> <span class='ocrx_word' id='word_1_787' title='bbox 2523 4787 2598 4846; x_wconf 85' lang='lat' dir='ltr'>Oee-</span> 
     </span>
     <span class='ocr_line' id='line_1_100' title="bbox 1644 4869 2085 4940; baseline -0.009 -12"><span class='ocrx_word' id='word_1_788' title='bbox 1644 4873 1740 4928; x_wconf 82' lang='lat' dir='ltr'>saniat</span> <span class='ocrx_word' id='word_1_789' title='bbox 1760 4869 1782 4924; x_wconf 89' lang='grc'><em>0</em></span> <span class='ocrx_word' id='word_1_790' title='bbox 1802 4869 1984 4940; x_wconf 87' lang='lat' dir='ltr'>intempestiva</span> <span class='ocrx_word' id='word_1_791' title='bbox 2003 4873 2085 4924; x_wconf 87' lang='grc'><strong>22227</strong></span> 
     </span>
    </p>

    <p class='ocr_par' dir='ltr' id='par_1_19' title="bbox 1714 4957 2358 5026">
     <span class='ocr_line' id='line_1_101' title="bbox 1714 4957 2358 5026; baseline -0.003 -10"><span class='ocrx_word' id='word_1_792' title='bbox 1714 4957 1821 5016; x_wconf 78' lang='grc'>677222.</span> <span class='ocrx_word' id='word_1_793' title='bbox 1840 4957 1866 5012; x_wconf 80' lang='grc'><strong>4.</strong></span> <span class='ocrx_word' id='word_1_794' title='bbox 1884 4957 1936 5012; x_wconf 84' lang='lat' dir='ltr'>Cir.</span> <span class='ocrx_word' id='word_1_795' title='bbox 1955 4959 1999 5012; x_wconf 89' lang='lat' dir='ltr'>lV.</span> <span class='ocrx_word' id='word_1_796' title='bbox 2018 4961 2086 5012; x_wconf 88' lang='lat' dir='ltr'>Seni.</span> <span class='ocrx_word' id='word_1_797' title='bbox 2109 4961 2133 5014; x_wconf 90' lang='lat' dir='ltr'>d.</span> <span class='ocrx_word' id='word_1_798' title='bbox 2153 4963 2178 5012; x_wconf 90' lang='grc'>2.</span> <span class='ocrx_word' id='word_1_799' title='bbox 2198 4975 2220 5012; x_wconf 89' lang='lat' dir='ltr'>a.</span> <span class='ocrx_word' id='word_1_800' title='bbox 2243 4963 2266 5014; x_wconf 91' lang='grc'>2.</span> <span class='ocrx_word' id='word_1_801' title='bbox 2285 4975 2311 5026; x_wconf 87' lang='lat' dir='ltr'>q.</span> <span class='ocrx_word' id='word_1_802' title='bbox 2330 4963 2358 5014; x_wconf 83' lang='grc'>2.</span> 
     </span>
    </p>

    <p class='ocr_par' dir='ltr' id='par_1_20' title="bbox 1673 5047 2598 5116">
     <span class='ocr_line' id='line_1_102' title="bbox 1673 5047 2598 5116; baseline 0.002 -12"><span class='ocrx_word' id='word_1_803' title='bbox 1673 5099 1674 5104; x_wconf 73' lang='grc'><strong>,</strong></span> <span class='ocrx_word' id='word_1_804' title='bbox 1715 5047 1725 5078; x_wconf 69' lang='lat'><em>¹</em></span> <span class='ocrx_word' id='word_1_805' title='bbox 1746 5051 1821 5104; x_wconf 83' lang='lat' dir='ltr'>Vers.</span> <span class='ocrx_word' id='word_1_806' title='bbox 1840 5049 1883 5100; x_wconf 84' lang='lat' dir='ltr'>te.</span> <span class='ocrx_word' id='word_1_807' title='bbox 1900 5075 1937 5088; x_wconf 90' lang='lat'><em>-</em></span> <span class='ocrx_word' id='word_1_808' title='bbox 1955 5049 2022 5102; x_wconf 89' lang='lat' dir='ltr'>Vide</span> <span class='ocrx_word' id='word_1_809' title='bbox 2041 5051 2163 5114; x_wconf 74' lang='lat' dir='ltr'>(tregue,</span> <span class='ocrx_word' id='word_1_810' title='bbox 2179 5053 2193 5104; x_wconf 93' lang='lat' dir='ltr'>l.</span> <span class='ocrx_word' id='word_1_811' title='bbox 2212 5049 2343 5104; x_wconf 89' lang='grc' dir='ltr'><strong>Η2277.711</strong></span> <span class='ocrx_word' id='word_1_812' title='bbox 2358 5053 2455 5116; x_wconf 81' lang='lat' dir='ltr'>Evang.</span> <span class='ocrx_word' id='word_1_813' title='bbox 2470 5053 2598 5106; x_wconf 83' lang='grc'><strong>7122777.</strong></span> 
     </span>
    </p>

    <p class='ocr_par' dir='ltr' id='par_1_21' title="bbox 1644 5141 1713 5192">
     <span class='ocr_line' id='line_1_103' title="bbox 1644 5141 1713 5192; baseline 0.014 -2"><span class='ocrx_word' id='word_1_814' title='bbox 1644 5155 1670 5190; x_wconf 89' lang='lat' dir='ltr'>u.</span> <span class='ocrx_word' id='word_1_815' title='bbox 1692 5141 1713 5192; x_wconf 89' lang='lat'>3.</span> 
     </span>
    </p>

    <p class='ocr_par' dir='ltr' id='par_1_22' title="bbox 1714 5223 2524 5292">
     <span class='ocr_line' id='line_1_104' title="bbox 1714 5223 2524 5292; baseline 0.002 -14"><span class='ocrx_word' id='word_1_816' title='bbox 1714 5223 1725 5254; x_wconf 81' lang='lat'>⁸</span> <span class='ocrx_word' id='word_1_817' title='bbox 1745 5227 1820 5278; x_wconf 78' lang='lat' dir='ltr'>Vere.</span> <span class='ocrx_word' id='word_1_818' title='bbox 1839 5227 1882 5278; x_wconf 87' lang='grc'><strong>30.</strong></span> <span class='ocrx_word' id='word_1_819' title='bbox 1901 5227 2049 5278; x_wconf 87' lang='lat' dir='ltr'>Lectionem</span> <span class='ocrx_word' id='word_1_820' title='bbox 2069 5227 2196 5292; x_wconf 77' lang='lat' dir='ltr'>vulgatae</span> <span class='ocrx_word' id='word_1_821' title='bbox 2213 5227 2275 5280; x_wconf 85' lang='lat' dir='ltr'>vide</span> <span class='ocrx_word' id='word_1_822' title='bbox 2296 5241 2376 5292; x_wconf 88' lang='lat' dir='ltr'>supra</span> <span class='ocrx_word' id='word_1_823' title='bbox 2393 5233 2483 5280; x_wconf 91' lang='lat' dir='ltr'>notam</span> <span class='ocrx_word' id='word_1_824' title='bbox 2502 5229 2524 5280; x_wconf 93' lang='grc'>7.</span> 
     </span>
    </p>

    <p class='ocr_par' dir='ltr' id='par_1_23' title="bbox 1714 5311 2573 5368">
     <span class='ocr_line' id='line_1_105' title="bbox 1714 5311 2573 5368; baseline 0.007 -4"><span class='ocrx_word' id='word_1_825' title='bbox 1714 5311 1725 5344; x_wconf 79' lang='lat'><strong>⁹</strong></span> <span class='ocrx_word' id='word_1_826' title='bbox 1748 5315 1874 5368; x_wconf 63' lang='grc'>72228.1</span> <span class='ocrx_word' id='word_1_827' title='bbox 2571 5357 2573 5360; x_wconf 88' lang='grc'>-</span> 
     </span>
    </p>

    <p class='ocr_par' dir='ltr' id='par_1_24' title="bbox 1644 5399 2598 5644">
     <span class='ocr_line' id='line_1_106' title="bbox 1715 5399 2598 5472; baseline 0.007 -20"><span class='ocrx_word' id='word_1_828' title='bbox 1715 5399 1737 5430; x_wconf 85' lang='lat'>¹⁰</span> <span class='ocrx_word' id='word_1_829' title='bbox 1758 5401 1832 5468; x_wconf 84' lang='lat' dir='ltr'>Vers.</span> <span class='ocrx_word' id='word_1_830' title='bbox 1850 5405 1878 5456; x_wconf 89' lang='lat'>8.</span> <span class='ocrx_word' id='word_1_831' title='bbox 1892 5431 1926 5440; x_wconf 87' lang='lat'>·-</span> <span class='ocrx_word' id='word_1_832' title='bbox 1940 5405 1975 5456; x_wconf 92' lang='lat' dir='ltr'>De</span> <span class='ocrx_word' id='word_1_833' title='bbox 1996 5407 2043 5456; x_wconf 90' lang='lat' dir='ltr'>hac</span> <span class='ocrx_word' id='word_1_834' title='bbox 2063 5401 2207 5472; x_wconf 85' lang='lat' dir='ltr'>allegorica</span> <span class='ocrx_word' id='word_1_835' title='bbox 2226 5401 2398 5468; x_wconf 85' lang='lat' dir='ltr'>expositione,</span> <span class='ocrx_word' id='word_1_836' title='bbox 2419 5413 2543 5470; x_wconf 90' lang='lat' dir='ltr'>quaeest</span> <span class='ocrx_word' id='word_1_837' title='bbox 2561 5419 2598 5458; x_wconf 91' lang='lat' dir='ltr'>se·</span> 
     </span>
     <span class='ocr_line' id='line_1_107' title="bbox 1645 5491 2598 5560; baseline 0.005 -18"><span class='ocrx_word' id='word_1_838' title='bbox 1645 5491 1898 5554; x_wconf 67' lang='lat' dir='ltr'>cundumttregor„</span> <span class='ocrx_word' id='word_1_839' title='bbox 1910 5491 1930 5542; x_wconf 95' lang='lat' dir='ltr'>l.</span> <span class='ocrx_word' id='word_1_840' title='bbox 1943 5493 2034 5542; x_wconf 89' lang='lat' dir='ltr'>Homii.</span> <span class='ocrx_word' id='word_1_841' title='bbox 2049 5491 2075 5542; x_wconf 88' lang='lat' dir='ltr'>in</span> <span class='ocrx_word' id='word_1_842' title='bbox 2086 5493 2187 5556; x_wconf 85' lang='lat' dir='ltr'>Evang.</span> <span class='ocrx_word' id='word_1_843' title='bbox 2199 5491 2289 5544; x_wconf 91' lang='lat' dir='ltr'>homil.</span> <span class='ocrx_word' id='word_1_844' title='bbox 2302 5491 2326 5546; x_wconf 83' lang='lat'>7.</span> <span class='ocrx_word' id='word_1_845' title='bbox 2339 5509 2367 5546; x_wconf 93' lang='lat' dir='ltr'>n.</span> <span class='ocrx_word' id='word_1_846' title='bbox 2380 5495 2409 5560; x_wconf 89' lang='lat'>3,</span> <span class='ocrx_word' id='word_1_847' title='bbox 2420 5495 2464 5544; x_wconf 88' lang='lat' dir='ltr'>cir.</span> <span class='ocrx_word' id='word_1_848' title='bbox 2477 5495 2514 5546; x_wconf 92' lang='grc'><strong>777.</strong></span> <span class='ocrx_word' id='word_1_849' title='bbox 2528 5495 2598 5548; x_wconf 86' lang='lat' dir='ltr'>Sent.</span> 
     </span>
     <span class='ocr_line' id='line_1_108' title="bbox 1644 5577 2307 5644; baseline 0 -12"><span class='ocrx_word' id='word_1_850' title='bbox 1644 5579 1671 5632; x_wconf 93' lang='lat' dir='ltr'>d.</span> <span class='ocrx_word' id='word_1_851' title='bbox 1692 5581 1732 5632; x_wconf 90' lang='grc'>22.</span> <span class='ocrx_word' id='word_1_852' title='bbox 1752 5577 1816 5630; x_wconf 92' lang='lat' dir='ltr'>dub.</span> <span class='ocrx_word' id='word_1_853' title='bbox 1835 5581 1860 5632; x_wconf 87' lang='lat'>5.</span> <span class='ocrx_word' id='word_1_854' title='bbox 1880 5585 1903 5630; x_wconf 88' lang='lat' dir='ltr'>et</span> <span class='ocrx_word' id='word_1_855' title='bbox 1922 5579 2244 5644; x_wconf 79' lang='grc'><strong>(72211221177117223,</strong></span> <span class='ocrx_word' id='word_1_856' title='bbox 2264 5581 2307 5632; x_wconf 94' lang='grc'>76.</span> 
     </span>
    </p>

    <p class='ocr_par' dir='ltr' id='par_1_25' title="bbox 1643 5661 2656 6862">
     <span class='ocr_line' id='line_1_109' title="bbox 1715 5661 2656 5736; baseline 0.007 -20"><span class='ocrx_word' id='word_1_857' title='bbox 1715 5661 1737 5694; x_wconf 85' lang='lat'>²¹</span> <span class='ocrx_word' id='word_1_858' title='bbox 1757 5665 1875 5730; x_wconf 85' lang='lat' dir='ltr'>Origen,</span> <span class='ocrx_word' id='word_1_859' title='bbox 1892 5665 2037 5720; x_wconf 86' lang='lat' dir='ltr'>Commeat.</span> <span class='ocrx_word' id='word_1_860' title='bbox 2057 5667 2082 5718; x_wconf 91' lang='grc'>72</span> <span class='ocrx_word' id='word_1_861' title='bbox 2100 5669 2169 5718; x_wconf 88' lang='lat' dir='ltr'>loen.</span> <span class='ocrx_word' id='word_1_862' title='bbox 2196 5673 2258 5720; x_wconf 90' lang='lat' dir='ltr'>torn.</span> <span class='ocrx_word' id='word_1_863' title='bbox 2285 5669 2312 5720; x_wconf 88' lang='grc'><strong>6.</strong></span> <span class='ocrx_word' id='word_1_864' title='bbox 2337 5681 2365 5722; x_wconf 91' lang='lat' dir='ltr'>n.</span> <span class='ocrx_word' id='word_1_865' title='bbox 2384 5669 2432 5736; x_wconf 83' lang='lat' dir='ltr'>nt,</span> <span class='ocrx_word' id='word_1_866' title='bbox 2450 5671 2597 5736; x_wconf 87' lang='lat' dir='ltr'>contendit,</span> <span class='ocrx_word' id='word_1_867' title='bbox 2652 5727 2656 5736; x_wconf 57' lang='grc'><strong>,</strong></span> 
     </span>
     <span class='ocr_line' id='line_1_110' title="bbox 1644 5755 2596 5820; baseline 0.004 -14"><span class='ocrx_word' id='word_1_868' title='bbox 1644 5755 1716 5818; x_wconf 91' lang='lat' dir='ltr'>quod</span> <span class='ocrx_word' id='word_1_869' title='bbox 1735 5767 1784 5818; x_wconf 92' lang='lat' dir='ltr'>pro</span> <span class='ocrx_word' id='word_1_870' title='bbox 1803 5755 1976 5806; x_wconf 87' lang='lat' dir='ltr'>communiter</span> <span class='ocrx_word' id='word_1_871' title='bbox 1996 5761 2097 5820; x_wconf 89' lang='lat' dir='ltr'>recepta</span> <span class='ocrx_word' id='word_1_872' title='bbox 2118 5755 2226 5806; x_wconf 89' lang='lat' dir='ltr'>lectione</span> <span class='ocrx_word' id='word_1_873' title='bbox 2244 5755 2373 5810; x_wconf 79' lang='lat' dir='ltr'>Bethania</span> <span class='ocrx_word' id='word_1_874' title='bbox 2387 5755 2596 5812; x_wconf 89' lang='lat' dir='ltr'>substituendum</span> 
     </span>
     <span class='ocr_line' id='line_1_111' title="bbox 1645 5837 2597 5908; baseline 0.008 -18"><span class='ocrx_word' id='word_1_875' title='bbox 1645 5839 1677 5890; x_wconf 91' lang='lat' dir='ltr'>sit</span> <span class='ocrx_word' id='word_1_876' title='bbox 1691 5837 1849 5894; x_wconf 87' lang='lat' dir='ltr'>Bethabara.</span> <span class='ocrx_word' id='word_1_877' title='bbox 1860 5843 1923 5892; x_wconf 90' lang='lat' dir='ltr'>Nam</span> <span class='ocrx_word' id='word_1_878' title='bbox 1935 5843 2070 5904; x_wconf 82' lang='lat' dir='ltr'>Bethana,</span> <span class='ocrx_word' id='word_1_879' title='bbox 2083 5841 2190 5906; x_wconf 80' lang='lat' dir='ltr'>«petria</span> <span class='ocrx_word' id='word_1_880' title='bbox 2202 5843 2290 5896; x_wconf 82' lang='lat' dir='ltr'>lazari</span> <span class='ocrx_word' id='word_1_881' title='bbox 2304 5851 2328 5896; x_wconf 88' lang='lat' dir='ltr'>et</span> <span class='ocrx_word' id='word_1_882' title='bbox 2336 5845 2433 5898; x_wconf 84' lang='grc'><strong>17722722</strong></span> <span class='ocrx_word' id='word_1_883' title='bbox 2441 5851 2466 5896; x_wconf 86' lang='grc'>27</span> <span class='ocrx_word' id='word_1_884' title='bbox 2475 5847 2597 5908; x_wconf 88' lang='lat' dir='ltr'>hterthee,</span> 
     </span>
     <span class='ocr_line' id='line_1_112' title="bbox 1645 5927 2596 5998; baseline 0.011 -22"><span class='ocrx_word' id='word_1_885' title='bbox 1645 5927 1794 5990; x_wconf 89' lang='lat' dir='ltr'>quindecim</span> <span class='ocrx_word' id='word_1_886' title='bbox 1815 5929 1902 5980; x_wconf 87' lang='lat' dir='ltr'>stadiis</span> <span class='ocrx_word' id='word_1_887' title='bbox 1922 5943 1937 5980; x_wconf 89' lang='lat' dir='ltr'>a</span> <span class='ocrx_word' id='word_1_888' title='bbox 1955 5929 2142 5992; x_wconf 89' lang='lat' dir='ltr'>Hierosolymis</span> <span class='ocrx_word' id='word_1_889' title='bbox 2163 5929 2253 5996; x_wconf 88' lang='lat' dir='ltr'>distat,</span> <span class='ocrx_word' id='word_1_890' title='bbox 2271 5945 2324 5998; x_wconf 89' lang='lat' dir='ltr'>qua</span> <span class='ocrx_word' id='word_1_891' title='bbox 2343 5933 2463 5984; x_wconf 86' lang='lat' dir='ltr'>iordanes</span> <span class='ocrx_word' id='word_1_892' title='bbox 2486 5933 2596 5996; x_wconf 86' lang='lat' dir='ltr'>fluvius,</span> 
     </span>
     <span class='ocr_line' id='line_1_113' title="bbox 1643 6015 2644 6086; baseline 0.009 -20"><span class='ocrx_word' id='word_1_893' title='bbox 1643 6015 1695 6068; x_wconf 76' lang='lat' dir='ltr'>iat-o</span> <span class='ocrx_word' id='word_1_894' title='bbox 1712 6023 1852 6082; x_wconf 90' lang='lat' dir='ltr'>computo,</span> <span class='ocrx_word' id='word_1_895' title='bbox 1867 6017 1942 6070; x_wconf 89' lang='lat' dir='ltr'>abest</span> <span class='ocrx_word' id='word_1_896' title='bbox 1958 6017 2048 6070; x_wconf 86' lang='lat' dir='ltr'>stadiis</span> <span class='ocrx_word' id='word_1_897' title='bbox 2062 6017 2161 6072; x_wconf 89' lang='lat' dir='ltr'>circiter</span> <span class='ocrx_word' id='word_1_898' title='bbox 2176 6019 2308 6086; x_wconf 88' lang='lat' dir='ltr'>octoginta</span> <span class='ocrx_word' id='word_1_899' title='bbox 2322 6035 2400 6086; x_wconf 88' lang='lat' dir='ltr'>supra</span> <span class='ocrx_word' id='word_1_900' title='bbox 2419 6027 2536 6084; x_wconf 91' lang='lat' dir='ltr'>centum,</span> <span class='ocrx_word' id='word_1_901' title='bbox 2551 6023 2593 6074; x_wconf 86' lang='lat' dir='ltr'>sed</span> <span class='ocrx_word' id='word_1_902' title='bbox 2610 6033 2611 6036; x_wconf 71' lang='grc'>’</span> <span class='ocrx_word' id='word_1_903' title='bbox 2643 6019 2644 6022; x_wconf 71' lang='grc'>’</span> 
     </span>
     <span class='ocr_line' id='line_1_114' title="bbox 1646 6105 2597 6172; baseline 0.011 -18"><span class='ocrx_word' id='word_1_904' title='bbox 1646 6119 1731 6172; x_wconf 90' lang='lat' dir='ltr'>neque</span> <span class='ocrx_word' id='word_1_905' title='bbox 1750 6107 1823 6158; x_wconf 91' lang='lat' dir='ltr'>locus</span> <span class='ocrx_word' id='word_1_906' title='bbox 1840 6111 1881 6158; x_wconf 91' lang='lat' dir='ltr'>est</span> <span class='ocrx_word' id='word_1_907' title='bbox 1898 6105 1964 6158; x_wconf 89' lang='lat' dir='ltr'>circa</span> <span class='ocrx_word' id='word_1_908' title='bbox 1988 6105 2135 6170; x_wconf 83' lang='lat' dir='ltr'>terdenam,</span> <span class='ocrx_word' id='word_1_909' title='bbox 2153 6109 2201 6172; x_wconf 91' lang='lat' dir='ltr'>qui</span> <span class='ocrx_word' id='word_1_910' title='bbox 2218 6121 2316 6160; x_wconf 87' lang='lat' dir='ltr'>nornen</span> <span class='ocrx_word' id='word_1_911' title='bbox 2338 6123 2478 6162; x_wconf 89' lang='lat' dir='ltr'>commune</span> <span class='ocrx_word' id='word_1_912' title='bbox 2504 6109 2597 6164; x_wconf 86' lang='lat' dir='ltr'>habeat</span> 
     </span>
     <span class='ocr_line' id='line_1_115' title="bbox 1645 6193 2596 6262; baseline 0.006 -18"><span class='ocrx_word' id='word_1_913' title='bbox 1645 6205 1705 6244; x_wconf 88' lang='lat' dir='ltr'>curn</span> <span class='ocrx_word' id='word_1_914' title='bbox 1718 6195 1850 6248; x_wconf 85' lang='lat' dir='ltr'>Bethania.</span> <span class='ocrx_word' id='word_1_915' title='bbox 1862 6193 1956 6246; x_wconf 87' lang='lat' dir='ltr'>Dicunt</span> <span class='ocrx_word' id='word_1_916' title='bbox 1967 6199 2065 6262; x_wconf 88' lang='lat' dir='ltr'>autem,</span> <span class='ocrx_word' id='word_1_917' title='bbox 2078 6197 2180 6250; x_wconf 87' lang='lat' dir='ltr'>ostendi</span> <span class='ocrx_word' id='word_1_918' title='bbox 2193 6199 2259 6252; x_wconf 85' lang='lat' dir='ltr'>circa</span> <span class='ocrx_word' id='word_1_919' title='bbox 2270 6199 2385 6250; x_wconf 91' lang='lat' dir='ltr'>tumulos</span> <span class='ocrx_word' id='word_1_920' title='bbox 2396 6199 2511 6252; x_wconf 89' lang='lat' dir='ltr'>iordanis</span> <span class='ocrx_word' id='word_1_921' title='bbox 2523 6199 2596 6250; x_wconf 91' lang='lat' dir='ltr'>Beth·</span> 
     </span>
     <span class='ocr_line' id='line_1_116' title="bbox 1646 6277 2597 6352; baseline 0.007 -21"><span class='ocrx_word' id='word_1_922' title='bbox 1646 6277 1740 6346; x_wconf 77' lang='lat' dir='ltr'>abaco,</span> <span class='ocrx_word' id='word_1_923' title='bbox 1760 6281 1805 6334; x_wconf 91' lang='lat' dir='ltr'>nbi</span> <span class='ocrx_word' id='word_1_924' title='bbox 1825 6281 1947 6334; x_wconf 88' lang='lat' dir='ltr'>historiae</span> <span class='ocrx_word' id='word_1_925' title='bbox 1969 6283 2074 6348; x_wconf 89' lang='lat' dir='ltr'>dicunt,</span> <span class='ocrx_word' id='word_1_926' title='bbox 2100 6287 2222 6338; x_wconf 88' lang='lat' dir='ltr'>loannem</span> <span class='ocrx_word' id='word_1_927' title='bbox 2248 6285 2406 6348; x_wconf 75' lang='lat' dir='ltr'>baptizasse:</span> <span class='ocrx_word' id='word_1_928' title='bbox 2436 6293 2524 6352; x_wconf 88' lang='lat' dir='ltr'>estque</span> <span class='ocrx_word' id='word_1_929' title='bbox 2551 6299 2597 6338; x_wconf 84' lang='lat' dir='ltr'>no-</span> 
     </span>
     <span class='ocr_line' id='line_1_117' title="bbox 1645 6369 2595 6440; baseline 0.008 -22"><span class='ocrx_word' id='word_1_930' title='bbox 1645 6369 1722 6424; x_wconf 90' lang='lat' dir='ltr'>minis</span> <span class='ocrx_word' id='word_1_931' title='bbox 1736 6371 1910 6436; x_wconf 87' lang='lat' dir='ltr'>interpretatio</span> <span class='ocrx_word' id='word_1_932' title='bbox 1919 6385 2082 6436; x_wconf 86' lang='lat' dir='ltr'>conseqnens</span> <span class='ocrx_word' id='word_1_933' title='bbox 2095 6371 2245 6438; x_wconf 87' lang='lat' dir='ltr'>baptismati</span> <span class='ocrx_word' id='word_1_934' title='bbox 2253 6371 2284 6440; x_wconf 85' lang='lat' dir='ltr'>(t)</span> <span class='ocrx_word' id='word_1_935' title='bbox 2294 6373 2472 6436; x_wconf 86' lang='lat' dir='ltr'>praeparantis</span> <span class='ocrx_word' id='word_1_936' title='bbox 2485 6373 2595 6426; x_wconf 91' lang='lat' dir='ltr'>Domino</span> 
     </span>
     <span class='ocr_line' id='line_1_118' title="bbox 1644 6459 2596 6526; baseline 0.007 -18"><span class='ocrx_word' id='word_1_937' title='bbox 1644 6459 1773 6522; x_wconf 89' lang='lat' dir='ltr'>poputum</span> <span class='ocrx_word' id='word_1_938' title='bbox 1790 6459 1955 6518; x_wconf 85' lang='lat' dir='ltr'>instructam.</span> <span class='ocrx_word' id='word_1_939' title='bbox 1972 6459 2017 6512; x_wconf 85' lang='lat' dir='ltr'>Est</span> <span class='ocrx_word' id='word_1_940' title='bbox 2033 6461 2121 6526; x_wconf 87' lang='lat' dir='ltr'>enirn,</span> <span class='ocrx_word' id='word_1_941' title='bbox 2139 6461 2159 6514; x_wconf 88' lang='lat' dir='ltr'>si</span> <span class='ocrx_word' id='word_1_942' title='bbox 2180 6461 2369 6526; x_wconf 87' lang='lat' dir='ltr'>interpreteris,</span> <span class='ocrx_word' id='word_1_943' title='bbox 2384 6459 2480 6514; x_wconf 86' lang='lat' dir='ltr'>domus</span> <span class='ocrx_word' id='word_1_944' title='bbox 2499 6461 2596 6516; x_wconf 88' lang='lat' dir='ltr'>instru-</span> 
     </span>
     <span class='ocr_line' id='line_1_119' title="bbox 1645 6543 2597 6614; baseline 0 -16"><span class='ocrx_word' id='word_1_945' title='bbox 1645 6543 1738 6600; x_wconf 79' lang='lat' dir='ltr'>ationis</span> <span class='ocrx_word' id='word_1_946' title='bbox 1746 6565 1757 6612; x_wconf 91' lang='lat'>,·</span> <span class='ocrx_word' id='word_1_947' title='bbox 1774 6547 1898 6598; x_wconf 85' lang='grc'><strong>7727721172</strong></span> <span class='ocrx_word' id='word_1_948' title='bbox 1915 6559 1994 6614; x_wconf 84' lang='lat' dir='ltr'>raro,</span> <span class='ocrx_word' id='word_1_949' title='bbox 2012 6547 2108 6602; x_wconf 84' lang='lat' dir='ltr'>domus</span> <span class='ocrx_word' id='word_1_950' title='bbox 2128 6547 2313 6604; x_wconf 72' lang='lat' dir='ltr'>obedientiae»</span> <span class='ocrx_word' id='word_1_951' title='bbox 2341 6553 2390 6600; x_wconf 91' lang='lat' dir='ltr'>etc.</span> <span class='ocrx_word' id='word_1_952' title='bbox 2414 6549 2504 6600; x_wconf 88' lang='lat' dir='ltr'>Glossa</span> <span class='ocrx_word' id='word_1_953' title='bbox 2527 6545 2597 6600; x_wconf 89' lang='lat' dir='ltr'>ordi-</span> 
     </span>
     <span class='ocr_line' id='line_1_120' title="bbox 1643 6631 2596 6700; baseline 0.004 -16"><span class='ocrx_word' id='word_1_954' title='bbox 1643 6631 1724 6688; x_wconf 89' lang='lat' dir='ltr'>naria</span> <span class='ocrx_word' id='word_1_955' title='bbox 1743 6649 1808 6688; x_wconf 80' lang='grc'><strong>2222</strong></span> <span class='ocrx_word' id='word_1_956' title='bbox 1827 6637 1875 6688; x_wconf 89' lang='lat' dir='ltr'>ait:</span> <span class='ocrx_word' id='word_1_957' title='bbox 1895 6637 1966 6688; x_wconf 89' lang='lat' dir='ltr'>Duae</span> <span class='ocrx_word' id='word_1_958' title='bbox 1985 6641 2044 6690; x_wconf 90' lang='lat' dir='ltr'>sunt</span> <span class='ocrx_word' id='word_1_959' title='bbox 2063 6637 2214 6700; x_wconf 89' lang='lat' dir='ltr'>Bethaniae:</span> <span class='ocrx_word' id='word_1_960' title='bbox 2236 6651 2286 6690; x_wconf 88' lang='lat' dir='ltr'>una</span> <span class='ocrx_word' id='word_1_961' title='bbox 2307 6641 2384 6692; x_wconf 86' lang='grc'><strong>72222</strong></span> <span class='ocrx_word' id='word_1_962' title='bbox 2402 6639 2596 6700; x_wconf 61' lang='grc'><strong>7212722222)-</strong></span> 
     </span>
     <span class='ocr_line' id='line_1_121' title="bbox 1644 6721 2597 6798; baseline 0.004 -28"><span class='ocrx_word' id='word_1_963' title='bbox 1644 6725 1698 6772; x_wconf 87' lang='lat' dir='ltr'>tera</span> <span class='ocrx_word' id='word_1_964' title='bbox 1715 6721 1797 6788; x_wconf 85' lang='grc'><strong>27722,</strong></span> <span class='ocrx_word' id='word_1_965' title='bbox 1822 6739 1873 6776; x_wconf 91' lang='lat' dir='ltr'>non</span> <span class='ocrx_word' id='word_1_966' title='bbox 1900 6725 1978 6790; x_wconf 83' lang='lat' dir='ltr'>longe</span> <span class='ocrx_word' id='word_1_967' title='bbox 1997 6723 2029 6778; x_wconf 86' lang='lat' dir='ltr'>ab</span> <span class='ocrx_word' id='word_1_968' title='bbox 2048 6725 2234 6798; x_wconf 80' lang='lat' dir='ltr'>Hierusalem,</span> <span class='ocrx_word' id='word_1_969' title='bbox 2249 6721 2294 6778; x_wconf 90' lang='lat' dir='ltr'>ubi</span> <span class='ocrx_word' id='word_1_970' title='bbox 2321 6727 2433 6776; x_wconf 85' lang='lat' dir='ltr'>Lazarus</span> <span class='ocrx_word' id='word_1_971' title='bbox 2459 6721 2597 6778; x_wconf 85' lang='lat' dir='ltr'>suscitatus</span> 
     </span>
     <span class='ocr_line' id='line_1_122' title="bbox 1643 6813 1751 6862; baseline 0.019 -2"><span class='ocrx_word' id='word_1_972' title='bbox 1643 6813 1683 6860; x_wconf 82' lang='lat' dir='ltr'>est</span> <span class='ocrx_word' id='word_1_973' title='bbox 1701 6815 1751 6862; x_wconf 82' lang='grc'><strong>272.</strong></span> 
     </span>
    </p>
   </div>
   <div class='ocr_carea' id='block_1_10' title="bbox 0 0 2962 8276">
    <p class='ocr_par' dir='ltr' id='par_1_26' title="bbox 0 0 2962 8276">
     <span class='ocr_line' id='line_1_123' title="bbox 0 0 2962 8276; baseline 0 0"><span class='ocrx_word' id='word_1_974' title='bbox 0 0 2962 8276; x_wconf 95' lang='lat' dir='ltr'> </span> 
     </span>
    </p>
   </div>
  </div>
 </body>
</html>
