5916 8276
321 2045 430 2100 Quartum.

1096 577 1288 644 cantitant.
1314 575 1351 640 ΙΝ
1374 573 1641 640 hcctashtsrdh
1665 573 1696 640 C.
1721 571 1781 640 ΧΗ.

2386 571 2428 638 97

452 759 553 826 fertur
576 759 615 826 ad
640 757 843 828 hauriendam
869 755 1072 840 sapientiam;
1095 753 1135 820 de
1157 771 1220 838 qua
1244 753 1274 818 in
1307 751 1409 836 figura
1472 769 1578 818 sensas
1602 751 1715 818 tertio:
1739 775 1754 808 «
1769 747 1847 814 Cum
1864 755 1969 816 antem
1984 745 2167 832 apparuerit
2181 745 2342 824 Christus,
2366 743 2429 810 vita

451 865 573 934 loannis
602 873 715 952 quarto
728 869 762 930 ¹:
800 861 922 930 «Venit
952 859 1068 926 mulier
1095 859 1135 926 de
1166 857 1306 926 Samaria
1334 853 1407 924 cum
1471 863 1591 934 vestra,
1619 863 1693 922 tanc
1715 864 1747 924 et
1769 873 1825 922 vos
1849 853 2040 942 apparebitis
2062 869 2133 921 cum
2150 851 2265 938 ipsein
2284 849 2427 936 gloria».

451 971 564 1054 hydria
586 973 715 1040 haurire
737 985 852 1054 aquam
869 991 900 1030 a.
917 963 1038 1030 Mulier
1062 963 1099 1030 tle
1124 961 1294 1030 Samaria¹
1309 961 1422 1048 genti-'

451 1079 520 1146 btas
542 1085 606 1158 est,
618 1095 711 1162 ‘quae
736 1073 822 1144 venit
843 1089 920 1138 cem
943 1069 1085 1158 bgdrt'a,
1103 1069 1134 1138 id
1149 1077 1197 1138 est
1211 1069 1426 1146 curiositate„

451 1183 489 1252 ad
513 1183 696 1270 sapientiam
717 1177 943 1258 hauriendam;
966 1177 1052 1246 unde
1067 1177 1183 1244 dicitur
1204 1177 1338 1244 hctuum
1355 1175 1407 1240 de-

450 1291 530 1358 cimo
547 1289 679 1372 septimo
692 1287 724 1352 ιε
745 1311 761 1344 «
771 1285 972 1352 Athenienses
989 1283 1026 1348 ad
1043 1283 1122 1350 nihil
1136 1283 1220 1348 aliud
1238 1281 1407 1362 vacabant,

450 1397 510 1462 nisi
531 1401 586 1460 aut
608 1393 729 1472 dicere,
754 1397 810 1458 aut
830 1391 942 1458 audire
962 1389 1082 1474 aliquid
1106 1389 1179 1456 novi
1193 1415 1224 1456 ».
1247 1389 1335 1456 Foras
1351 1407 1407 1456 au·

452 1507 514 1566 tem
529 1505 576 1566 est
590 1499 750 1566 mundana
765 1497 933 1584 sapientia;
958 1495 1041 1564 unde
1058 1495 1089 1562 in
1112 1495 1254 1562 Psalmo:
1282 1519 1299 1552 (ε
1315 1493 1408 1558 Diru-

450 1603 521 1690 pisti
539 1603 640 1672 fontes
654 1611 687 1672 et
703 1609 858 1672 torrentes
871 1629 886 1662 a
905 1609 963 1670 etc.
977 1601 1113 1690 Hgtiria
1128 1619 1203 1686 ergo
1217 1619 1319 1684 seper
1333 1597 1407 1686 foe-

451 1717 512 1776 tem
529 1707 732 1796 frangitur,
766 1709 891 1794 quando
922 1727 984 1774 non
1002 1709 1104 1774 'restat
1129 1705 1234 1786 locus,
1256 1709 1294 1770 ut
1317 1723 1408 1770 mun-

449 1815 547 1882 danae
571 1815 740 1900 sapientiae
763 1815 887 1882 curiose
918 1819 1070 1892 vacetur3
1101 1811 1195 1878 Isaiae
1226 1809 1407 1896 trigesimo:

455 1949 470 1982 «
486 1923 523 1988 Et
545 1921 776 1990 comminuetur
800 1921 887 1990 uelut
901 1921 1011 2008 lagena
1025 1919 1114 2004 figuli
1135 1917 1321 2002 contritione
1336 1935 1408 2000 per-

450 2029 551 2096 talida
563 2053 579 2086 a
594 2035 653 2096 etc.
666 2029 841 2114 *Quarto
853 2031 982 2092 notatur
995 2023 1108 2090 ablatio
1120 2025 1313 2090 intaminatae
1327 2041 1407 2106 ope-

450 2133 584 2214 ientiae,
608 2151 681 2202 cum
705 2131 888 2218 subiungit:
906 2133 948 2198 Et
962 2127 1200 2216 confringatur
1214 2137 1290 2196 rota
1307 2147 1407 2212 seper

449 2239 636 2308 cisternam.
660 2241 717 2308 Per
743 2239 942 2316 cisternam,
965 2253 1047 2320 quae
1071 2237 1183 2320 recipit
1211 2251 1327 2320 aquas,
1360 2233 1406 2300 io-

449 2346 599 2430 telligitur
615 2341 815 2430 congregatio
829 2341 1008 2426 opulentiae
1021 2341 1215 2420 mundanae,
1233 2339 1406 2408 secundum

448 2451 525 2518 illud
548 2449 696 2518 Ieremiae
716 2447 853 2516 secando
867 2447 900 2512 ⁸:
923 2473 940 2506 t
955 2449 1003 2514 hle
1016 2447 1269 2532 dereliquerunt,
1289 2445 1405 2512 fontem

449 2573 547 2640 aquae
565 2555 669 2634 vivae,
686 2561 715 2620 et
732 2551 879 2620 lederent
894 2553 953 2620 sibi
967 2553 1120 2620 cisternas
1134 2551 1325 2638 dissipatas»
1346 2559 1404 2620 etc.

442 2663 532 2728 llota
555 2659 669 2728 dicitur
694 2657 872 2728 volubilitas
894 2667 925 2724 et
949 2659 1140 2726 variabilitas
1155 2659 1188 2726 in
1203 2659 1404 2744 possidend03

413 2785 415 2788 ·
448 2767 530 2834 unde
559 2767 618 2832 ista
639 2765 798 2834 «dicuntur
822 2763 906 2830 bona
931 2763 1095 2852 fortemne.
1122 2767 1209 2830 Tunc
1232 2783 1308 2848 ergo
1329 2773 1405 2830 rota

448 2869 674 2958 confringitur
703 2889 804 2958 seper
831 2871 1029 2950 cisternam,
1055 2873 1181 2958 quando
1202 2871 1305 2938 omnis
1334 2887 1405 2956 spes

448 2979 582 3048 habendi
605 2979 687 3046 bona
710 2979 893 3064 temporalia
911 2979 1074 3070 aetertum
1091 2979 1176 3066 qnod
1196 2977 1403 3064 significatum

448 3093 495 3154 est
518 3085 618 3152 Exodi
641 3087 762 3154 decimo
776 3085 938 3171 quarto4:
959 3113 975 3146 «
993 3087 1169 3172 Respiciens
1184 3085 1335 3154 Dominus
1352 3103 1404 3154 sn-

447 3210 504 3278 per
527 3197 631 3260 castra
652 3191 892 3278 hegyptiorum,
917 3193 1073 3260 subvertit
1094 3197 1403 3270 remanendum»,

383 3297 384 3300 ’
448 3297 537 3382 quia,
572 3297 774 3364 Ecclesiastici
808 3297 1063 3382 quadragesimo,
1091 3297 1317 3366 «substantiae
1346 3295 1403 3362 im·

446 3403 572 3486 piorum
601 3403 684 3470 sicut
713 3403 831 3494 fluvius
862 3403 1065 3470 siccabuntur
1079 3431 1110 3470 a.
1136 3441 1180 3452 —
1202 3403 1318 3488 Quinto
1349 3421 1404 3468 no-

448 3513 551 3588 tatur,
575 3509 732 3592 quomodo
756 3509 844 3574 malis
868 3509 921 3576 liet
946 3507 1082 3594 inflictio
1094 3529 1239 3594 poenae,
1262 3527 1334 3576 curn
1359 3509 1404 3576 di-

446 3613 510 3682 cit:
533 3617 576 3682 Et
596 3623 784 3682 reuertatur
803 3613 915 3700 pelais
948 3615 982 3680 t'e
1013 3623 1148 3682 terram.
1179 3615 1297 3682 Paleis
1320 3621 1404 3682 recte

446 3721 562 3786 dicitur
584 3721 700 3806 impius
722 3727 755 3786 et
776 3725 938 3804 peccator,
962 3721 1136 3786 secundum
1151 3721 1228 3788 illud
1245 3720 1355 3786 Psalmi
1370 3721 1402 3784 ⁵:

452 3851 467 3882 «
482 3825 549 3892 Non
573 3825 617 3892 sic
640 3823 745 3912 impii,
768 3843 831 3890 oon
854 3825 917 3904 sic,
935 3825 989 3892 sed
1006 3831 1154 3912 tanquam
1171 3825 1292 3912 pulvis,
1310 3843 1402 3910 quem

446 3931 570 4016 proiicit
590 3937 746 3998 rentusa
773 3929 849 3996 tacte
882 3937 985 3998 terrae
1001 3957 1030 3996 ε,
1064 3933 1169 3998 Terra
1192 3935 1241 4000 est
1262 3931 1402 3998 obscuri·-

446 4039 518 4104 tatis
539 4037 753 4122 profunditas,
776 4037 951 4128 secundum
982 4037 1061 4104 illud
1090 4037 1333 4106 proverbiorum
1357 4037 1402 4104 vi·
1439 4041 1440 4044 ’

446 4145 562 4230 gesimo
595 4145 727 4228 quinto:
769 4169 783 4202 t
800 4143 927 4210 Caelum
961 4163 1109 4224 sursum,
1145 4151 1178 4210 et
1199 4151 1285 4210 terta
1313 4143 1401 4210 deor-

350 4291 351 4304 .
446 4269 516 4318 sum
537 4277 570 4316 a,
600 4251 690 4318 Tunc
719 4267 795 4336 ergo
822 4249 936 4336 petris
965 4251 1011 4318 aci
1046 4259 1173 4318 terram
1205 4249 1400 4330 reuertitur,

445 4357 570 4442 quando
596 4363 742 4440 peccator
765 4355 796 4420 in
821 4351 965 4424 intimum
989 4357 1148 4424 infernalis
1172 4357 1401 4426 tenebrositatis

444 4463 639 4542 recluditur;
662 4459 861 4546 Apocalypsis
884 4461 1055 4548 vigesimo:
1085 4463 1176 4546 «Qui
1199 4483 1262 4530 noo
1285 4469 1332 4528 est
1355 4465 1402 4528 in-

444 4576 557 4638 tentus
579 4569 611 4636 in
635 4567 715 4636 libro
738 4567 820 4636 ritae
842 4567 980 4654 scriptus
1001 4569 1115 4636 missus
1138 4575 1186 4636 est
1208 4569 1240 4636 in
1257 4573 1401 4654 stagnum

444 4677 570 4762 ignis».
595 4711 638 4724 -·-
661 4675 758 4742 Sexto
784 4693 861 4742 uero
892 4681 1038 4754 notatur,
1070 4675 1227 4762 quomodo
1257 4675 1348 4742 iustis
1371 4681 1401 4744 et

445 4783 736 4876 spiritualibus'liet
760 4781 888 4848 collatio
908 4781 1056 4868 pieriae,
1080 4801 1153 4848 cum
1178 4783 1269 4850 dicit:
1294 4783 1400 4870 Spiri-

445 4899 498 4956 tus
521 4891 634 4956 rctleat
654 4889 702 4956 ati
725 4891 846 4966 Deam,
872 4889 932 4976 qai
953 4887 1040 4954 aeda
1064 4887 1167 4954 iilam.
1191 4889 1338 4974 Spiritus
1354 4897 1401 4956 est

444 4997 536 5062 homo
560 4993 731 5080 spiritualis
755 4999 786 5060 et
809 4993 928 5074 bonus,
960 4995 1015 5080 qui
1046 4995 1110 5062 Deo
1140 5001 1188 5062 est
1214 4993 1400 5064 coniunctus

442 5117 499 5186 per
530 5099 684 5184 gratiam;
714 5099 835 5184 primae
867 5099 904 5164 ad
937 5099 1113 5168 Corinthios
1141 5103 1278 5170 serici:
1310 5101 1399 5186 «Qui

443 5203 591 5272 adhaeret
622 5203 753 5272 Domino
780 5221 866 5270 unus
897 5203 1027 5288 spiritus
1060 5211 1106 5272 est
1121 5233 1155 5270 ».
1178 5207 1236 5272 Ιειε
1259 5205 1400 5292 spiritns

442 5311 525 5378 redit
548 5309 594 5376 ad
618 5311 741 5386 Deam,
772 5325 834 5374 non
865 5307 942 5394 quia
970 5309 1062 5392 prius
1088 5309 1185 5376 interit
1205 5327 1277 5376 cunr
1303 5327 1338 5376 eo
1370 5315 1400 5376 et

441 5425 511 5504 post
540 5417 723 5494 recesserit,
753 5431 826 5482 eum
848 5413 936 5482 venit
961 5415 1000 5480 ad
1030 5433 1146 5500 corpus
1175 5421 1204 5482 et
1235 5417 1267 5484 io
1298 5423 1398 5482 morte

340 5509 341 5512 ’
442 5527 558 5590 iterum
589 5523 778 5602 revertitur,
810 5521 1073 5614 quemadmodum
1106 5521 1205 5590 voluit
1227 5521 1398 5606 Origenes;

443 5629 496 5696 sed
519 5627 587 5696 ideo
610 5629 719 5696 redire
743 5625 876 5706 dicitur,
898 5625 973 5710 quia
996 5621 1047 5692 ab
1061 5625 1113 5692 illo
1129 5633 1176 5692 est
1192 5631 1221 5692 et
1238 5641 1294 5710 per
1310 5625 1396 5692 illum

1658 1069 1811 1134 Terrenis
1832 1087 2036 1138 rnonarronrs
2058 1085 2238 1136 conanusro.

1562 1279 1662 1362 (Vens.
1687 1279 1743 1360 8.).
1773 1279 1912 1344 Vaet'tas
1927 1279 2116 1348 vanitatem
2130 1289 2189 1348 ete.
2207 1281 2295 1348 Sicut
2308 1277 2427 1346 dietum

1471 1383 1529 1452 fuit
1554 1403 1571 1450 a
1593 1383 1748 1470 principio
1770 1381 1861 1462 libri,
1883 1389 1970 1449 totus
1985 1381 2063 1450 liber
2087 1383 2145 1450 iste
2169 1383 2206 1450 ad
2231 1381 2427 1468 probandum

1471 1507 1568 1556 unam
1583 1489 1827 1574 propositionem
1838 1487 2097 1566 ordinemhahet‚
2116 1507 2210 1572 quarn
2228 1489 2258 1556 in
2274 1489 2428 1574 principio
2503 1507 2504 1510 ¹

1472 1591 1544 1660 libri
1561 1585 1735 1678 proposuit,
1751 1591 1831 1658 hanc
1849 1590 1986 1660 scilicet:
2009 1591 2147 1660 Vomitus
2163 1595 2353 1662 vertitatem
2367 1601 2425 1662 etc.

1471 1699 1556 1766 Hanc
1577 1717 1634 1784 per
1658 1705 1758 1766 totum
1782 1697 1899 1764 librum
1916 1699 2060 1784 probarit
2074 1707 2107 1768 et
2121 1699 2213 1766 modo
2229 1699 2260 1768 in
2277 1699 2340 1768 line
2355 1719 2427 1768 con-

1472 1803 1569 1870 cludit
1600 1805 1726 1872 dicens:
1764 1803 1902 1870 Vanitas
1930 1803 2133 1886 uanitatem,
2158 1805 2244 1872 aierit
2267 1805 2427 1874 Ecclesia-

1470 1919 1544 1978 stes.
1569 1911 1696 1996 Supral
1725 1909 1869 1978 similiter
1899 1909 2004 2004 atate,
2030 1911 2061 1978 td
2084 1917 2130 1978 est
2151 1911 2351 1996 propomam
2373 1913 2427 1980 sed

1470 2035 1576 2082 nunc:
1608 2017 1694 2084 dieii
1726 2015 1950 2094 Ecclesiastes,
1985 2015 2014 2080 id
2048 2021 2094 2084 est
2123 2015 2292 2084 concitetit.
2315 2017 2576 2122 ⁰²³⁰²⁶1⁰¹ili⁶i.⁶“

1470 2121 1623 2206 inquam:
1659 2123 1798 2188 Vanitas
1823 2121 2022 2188 vanitatem.
2056 2125 2165 2188 Sermo
2193 2121 2252 2188 iste
2282 2121 2428 2188 materia-

1450 2227 1542 2296 liter
1563 2235 1702 2308 tenetur,
1727 2233 1758 2296 et
1782 2229 1892 2296 transit
1924 2233 2011 2296 actus
2043 2227 2163 2296 dicendi
2189 2245 2288 2314 super
2309 2227 2427 2314 ipsum,

1468 2341 1505 2402 ut
1538 2335 1594 2402 sit·
1613 2353 1741 2402 sensus:
1771 2335 1971 2402 Ecclesiastes
1999 2335 2081 2400 dixit
2116 2335 2200 2404 hunc
2234 2351 2427 2402 sermonem:

1475 2439 1614 2506 Vanitas
1635 2439 1842 2518 uanitatem·
1866 2445 1896 2506 et
1913 2441 1944 2506 in
1961 2441 2019 2506 hoc
2036 2457 2181 2508 sermone
2195 2439 2353 2526 genitivus
2375 2439 2427 2506 ille

1468 2545 1611 2632 designat
1638 2545 1811 2632 originem,
1832 2553 1872 2612 ut
1901 2545 1941 2614 sit
1969 2563 2094 2615 sensus:
2113 2547 2271 2614 §Vanites
2295 2545 2426 2612 uanita-

1469 2659 1559 2732 tem,
1581 2651 1614 2720 id
1636 2659 1698 2732 cst,
1714 2671 1734 2718 a
1749 2653 1938 2720 vanitatibus
1960 2653 2064 2720 oritur
2079 2653 2208 2720 vanitas.
2227 2651 2313 2718 Dixit
2333 2651 2426 2718 etiarn

1469 2757 1668 2826 Ecclesiastes
1694 2755 1772 2836 hoc,
1802 2757 1935 2824 scilicet:
1961 2759 2082 2824 Omnia
2106 2759 2257 2838 tenitas,
2282 2763 2312 2824 et
2335 2757 2426 2826 intel·
2495 2751 2502 2766 '

1468 2863 1576 2948 ligitur
1600 2863 1734 2932 uerbum
1757 2863 1989 2932 substantivum
2012 2881 2055 2932 ex
2070 2881 2131 2932 usu
2148 2863 2313 2950 loquendi,
2330 2871 2367 2930 ut
2386 2861 2427 2930 sit

1468 2987 1597 3038 sensus:
1625 2971 1746 3036 Omnia
1759 2977 1837 3036 sent
1853 2971 1996 3038 canitae.
2012 3007 2056 3020 -·
2074 2971 2120 3038 Ex
2136 2971 2195 3038 hoc
2210 2969 2327 3054 duplici
2344 2969 2426 3038 dicto
2444 2981 2572 3090 sssilffiii‘}

1467 3075 1602 3144 elicitur
1616 3077 1686 3144 talis
1709 3075 1806 3144 ratio:
1829 3077 1862 3142 Si
1884 3095 1902 3142 a
1927 3077 2116 3144 vanitatibus
2149 3077 2252 3144 oritur
2288 3077 2424 3158 vanitas3
2576 3067 2581 3078 ’

1467 3189 1500 3250 ει
1520 3183 1626 3250 omnia
1646 3185 1767 3250 vanius
1778 3187 1878 3268 :ergo
1892 3183 1998 3250 omnia
2012 3189 2118 3250 creata
2132 3183 2313 3252 dilectorem
2331 3201 2424 3252 sunm

1467 3289 1596 3356 beatum
1620 3307 1682 3356 non
1704 3289 1839 3368 faciunt,
1865 3289 1919 3356 sed
1951 3289 2069 3356 iaciunt
2093 3307 2228 3370 vanum,
2252 3289 2424 3384 secundum

1467 3395 1545 3462 illud
1568 3395 1715 3464 Ieremiae
1739 3395 1920 3464 secundo⁸z
1948 3421 1964 3454 <t
1978 3397 2225 3464 hmbulaterunt
2246 3401 2316 3482 post
2339 3397 2426 3464 uani-

1468 3505 1582 3580 tatem,
1607 3507 1637 3568 ει
1661 3503 1733 3568 rani
1760 3501 1830 3568 facti
1864 3505 1939 3568 sunt
1953 3527 1986 3568 a.
2009 3501 2040 3568 Si
2064 3519 2139 3588 ergo
2171 3517 2280 3570 omnes
2311 3501 2426 3568 debent

1467 3612 1615 3690 appetere
1637 3607 1861 3676 beatitudinem
1892 3613 1924 3672 et
1956 3607 2103 3694 refugere
2135 3609 2321 3676 vanitatem:
2351 3625 2427 3694 ergo

1467 3731 1576 3778 omnes
1607 3713 1720 3780 dehent
1756 3717 1881 3778 terrena
1913 3713 1994 3778 bona
2015 3713 2185 3800 despicere.
2210 3715 2247 3782 Ει
2275 3715 2352 3780 haec
2379 3719 2428 3782 est

1468 3819 1628 3886 conclusio
1650 3819 1749 3886 huius
1763 3817 1847 3912 libri.

1868 4029 2030 4098 Dertonae.

1558 4241 1701 4330 Caetqee
1715 4249 1797 4310 esset
1810 4243 2077 4330 sapientissimas
2093 4251 2151 4312 etc.
2168 4247 2292 4314 Dictum
2309 4253 2357 4314 est
2371 4265 2424 4314 su·
2442 4255 2532 4300 ornae

1464 4367 1522 4434 pra
1535 4349 1560 4428 ⁹,
1575 4351 1659 4434 quod
1674 4351 1755 4418 liber
1769 4349 1827 4416 iste
1844 4350 1938 4418 habet
1953 4357 2018 4420 tres
2030 4359 2135 4438 partes
2147 4353 2349 4438 principales
2366 4355 2424 4422 sci-

1464 4455 1537 4522 licet
1560 4457 1746 4542 prologum,
1768 4461 1938 4522 tractatum
1960 4465 1992 4524 et
2013 4459 2181 4546 epilogum.
2207 4459 2338 4528 Duabus
2360 4461 2424 4546 pri-

1463 4563 1524 4630 mis
1540 4563 1683 4648 partibus
1698 4561 1889 4642 terminatis,
1915 4563 1965 4630 hic
1982 4565 2088 4652 incipit
2106 4567 2196 4632 tertia
2214 4585 2299 4652 pars.
2315 4567 2349 4632 ln
2365 4567 2424 4634 hoc

1463 4675 1570 4736 autem
1601 4669 1722 4756 epilogo
1750 4669 1809 4736 hoc
1835 4669 1945 4738 ordine
1980 4671 2129 4756 procedit.
2162 4673 2263 4740 Primo
2287 4681 2424 4740 notatur
2442 4681 2548 4778 iggissffl‘

1463 4775 1635 4842 scribentis
1658 4775 1869 4854 studiositas;
1891 4777 2044 4858 secundo,
2066 4795 2258 4846 sermonem
2274 4777 2346 4846 eies
2362 4799 2424 4846 ae·
2447 4747 2462 4790 q
2541 4765 2547 4778 ’

1463 4881 1621 4960 ctoritas;
1644 4883 1739 4949 tertio
1770 4881 1968 4966 reprimitur
1999 4885 2180 4950 curiositas
2206 4883 2423 4964 auditorem,-

1463 4997 1578 5074 qnarto
1620 4989 1773 5076 aperitur
1796 5007 1932 5054 semma
1953 4989 2129 5056 dictorem.

1534 5095 1652 5182 lVers.
1680 5099 1709 5162 9.
1738 5095 1812 5178 lh).
1835 5095 2014 5162 insinuatur
2039 5113 2115 5182 ergo
2146 5097 2252 5182 primo
2277 5097 2586 5204 scribae-Expgrsfflgb·

1463 5203 1506 5268 tis
1527 5203 1742 5268 stettiositas:
1766 5201 1858 5286 qnia,
1880 5219 1953 5268 cum
1979 5209 2060 5270 esset
2075 5203 2216 5288 sapiens,
2237 5203 2420 5290 sapientiam
2439 5213 2546 5256 Primum·

1462 5325 1554 5372 suam
1575 5325 1637 5372 noo
1660 5305 1839 5386 abscondit,
1871 5307 1926 5374 sed
1947 5309 2015 5374 aliis
2045 5311 2212 5376 enarravit.
2238 5309 2307 5376 ideo
2330 5309 2420 5376 dicit:

1450 5413 1611 5500 'Cumque
1631 5419 1710 5476 esset
1733 5411 1998 5494 sapientissimas
2022 5413 2247 5494 Ecclesiastea·
2263 5415 2348 5482 tertii
2364 5417 2421 5482 lie-

1462 5535 1538 5602 gum
1562 5521 1677 5602 quarto
1689 5515 1734 5582 ¹⁰:
1756 5541 1771 5572 r
1788 5515 1993 5584 Praecedebat
2007 5519 2160 5604 sapientia
2180 5521 2350 5588 Salomonis
2373 5539 2421 5588 sa-

1461 5623 1612 5710 pientiam
1644 5623 1786 5690 omnium
1809 5623 2044 5704 Orientalium;
2082 5633 2114 5692 et
2147 5633 2217 5692 erat
2250 5627 2421 5712 sapientior

442 5741 471 5800 ει
488 5733 526 5800 ad
541 5735 632 5802 illum
647 5735 781 5802 finaliter
797 5731 978 5812 ordinatum
1004 5737 1035 5800 et
1058 5733 1118 5800 hoc
1140 5731 1266 5818 quidem
1290 5731 1350 5798 erit
1367 5731 1397 5798 in
1461 5731 1583 5798 cunctis
1607 5715 1787 5798 hominihus
1803 5755 1831 5794 ε.
1857 5729 1935 5796 Cum
1958 5731 2001 5796 ita
2023 5737 2106 5800 esset
2127 5733 2267 5818 sepiem,
2285 5751 2346 5800 non
2363 5731 2421 5800 luit

441 5839 539 5926 gloria
554 5847 626 5926 post
641 5841 810 5922 iudicium,
827 5839 1001 5908 secundnm
1016 5839 1101 5926 quod
1116 5839 1232 5908 dicitur
1244 5839 1281 5908 ad
1294 5839 1396 5906 Calos·
1460 5837 1637 5924 negligens,
1654 5835 1707 5904 sed
1724 5835 1864 5922 diligens.
1880 5833 1965 5904 Unde
1982 5837 2094 5906 docuit
2112 5839 2295 5926 papatem,-
2317 5839 2421 5906 Eccle-

512 6193 615 6250 1ιεεε.
643 6197 668 6248 7.
696 6199 807 6262 Vulgata
835 6199 930 6250 otnittit
956 6211 1018 6252 cere
1046 6197 1157 6268 hydria,
1187 6199 1219 6250 de
1248 6211 1301 6264 qua
1331 6199 1395 6252 ibid.

440 6287 465 6338 v.
484 6285 535 6336 28:
554 6283 666 6350 Reliquit
686 6299 750 6350 ergo
770 6287 891 6350 hydriam
910 6301 986 6340 suam
1006 6289 1108 6340 molier.

511 6371 615 6426 “Vera
640 6373 682 6426 41.
707 6373 759 6428 Clr.
782 6389 863 6440 supra
888 6389 951 6442 prag.
978 6377 1024 6442 ta,
1049 6381 1110 6428 nota
1136 6377 1159 6428 l.
1186 6403 1219 6414 -
1247 6377 1395 6442 &quonum

439 6465 479 6514 Ps.
499 6463 546 6528 ta,
567 6461 609 6512 td.
629 6467 653 6514 ει
672 6461 727 6514 ιεεί.
748 6463 794 6524 30,
815 6463 866 6516 li:
884 6467 913 6516 Et
941 6465 1142 6526 comminuetur,
1160 6465 1227 6516 sicut
1256 6465 1395 6518 conteritur

440 6553 530 6616 lagena
550 6555 597 6600 etc.

511 6635 615 6692 ³Vers.
636 6637 681 6702 43,
701 6635 746 6688 ubi
766 6637 877 6702 Vulgata
896 6645 955 6704 post
972 6639 1103 6694 ctbtcrnas
1122 6641 1214 6704 repetit
1232 6637 1371 6696 cisternas.

510 6727 615 6778 ‘Vera
634 6725 675 6778 44.
701 6729 725 6776 ει
752 6725 793 6778 aa.
819 6727 878 6778 Post
895 6719 1089 6796 Aegyptiarum
1108 6729 1220 6790 Vulgata
1250 6729 1323 6794 plora
1352 6731 1395 6782 ad·

440 6817 483 6868 dit.
497 6845 532 6856 -
545 6813 667 6880 Sequitur
686 6815 764 6866 Eccli.
777 6811 822 6880 l0,
837 6815 870 6868 43
882 6833 888 6868 :
907 6815 1072 6868 Substantiae
1090 6817 1247 6868 iniustorum
1266 6817 1333 6871 sicut
1344 6825 1392 6874 etc.

509 6901 520 6934 ⁵
538 6905 633 6958 Psalm.
653 6905 676 6970 l,
697 6901 720 6954 4.
732 6929 769 6942 -
782 6903 933 6968 Serpruntur
952 6907 1026 6974 Pron.
1041 6907 1089 6970 25,
1109 6907 1134 6958 3.
1151 6911 1178 6958 et
1195 6905 1393 6970 inocente.

543 7011 575 7066 S.
593 7011 694 7066 Bonae.
706 7037 741 7048 -—
756 7009 832 7060 Tem.
850 7009 894 7064 Vl.

1531 6193 1542 6226 ⁶
1562 6199 1638 6250 Vers.
1664 6197 1705 6248 li.
1724 6223 1760 6236 -
1779 6197 1839 6262 Seq.
1864 6165 1935 6250 locus
1952 6203 1992 6250 est
2015 6195 2071 6250 Col.
2092 6199 2122 6262 3,
2142 6197 2168 6250 4.
2185 6225 2220 6236 -
2239 6199 2277 6248 Βε
2295 6195 2419 6260 opinione

1368 6307 1369 6310 ¹
1458 6287 1579 6352 Origenis
1598 6289 1645 6340 clr.
1664 6293 1729 6338 tom.
1748 6285 1775 6338 ll.
1795 6299 1856 6350 pag.
1875 6285 1940 6348 448,
1958 6291 2017 6340 nota
2038 6289 2063 6340 6.
2081 6293 2108 6338 et
2125 6301 2187 6352 pag.
2207 6285 2272 6350 tls,
2293 6289 2352 6336 nota
2372 6287 2395 6336 8.

1531 6371 1625 6438 'Cap
1644 6373 1669 6436 i,
1689 6375 1713 6424 2.

1530 6459 1637 6514 ⁸Vers.
1655 6463 1683 6514 5.

1530 6547 1542 6580 ⁹
1562 6553 1587 6604 ln
1607 6549 1776 6614 explicatione
1796 6563 1854 6614 cap.
1875 6551 1898 6612 ι,
1922 6553 1944 6602 l.

1529 6637 1554 6666 ¹⁰
1571 6639 1644 6690 Vers.
1658 6639 1701 6690 30.
1717 6645 1743 6690 et
1762 6637 1806 6690 31.
1818 6639 1878 6690 Post
1891 6637 2070 6692 Orientalium
2084 6639 2195 6702 Vulgata
2214 6637 2287 6692 addit
2300 6643 2324 6694 et
2336 6643 2418 6710 Aepy-

1454 6729 1586 6798 ptt'oram.
1606 6757 1640 6766 —
1660 6729 1716 6778 Duo
1737 6727 1878 6792 sedeloci
1897 6733 1957 6780 sum
1977 6727 2054 6780 Eccli.
2072 6727 2121 6794 Pl,
2141 6727 2183 6778 46.
2202 6733 2229 6780 ει
2246 6727 2295 6782 47ι
2315 6731 2417 6796 Videte,

1457 6819 1582 6886 quoniam
1615 6829 1710 6868 non...
1744 6817 1791 6868 sed.
1820 6813 1942 6868 omnibus
1970 6817 2166 6882 exqttireotibns
2192 6817 2328 6872 veritatem
2360 6819 2417 6882 (cl.

1458 6907 1521 6960 ibid.
1544 6907 1590 6970 33,
1615 6905 1674 6972 l8.).

2277 7015 2308 7064 43
