5908 8266
418 1383 447 1418 ne
461 1371 543 1428 culpae.

581 601 647 666 tlt

665 777 696 844 3.
720 779 815 854 ltem,
839 774 879 843 de
902 779 961 844 hec
983 777 1070 864 qued
1092 777 1258 844 subditur:
1283 773 1437 860 Qnernm
1460 779 1536 848 reti-

575 873 734 962 nuerit-is,
761 889 886 950 retente
906 893 1002 950 sent:
1025 901 1100 970 erge
1126 883 1266 962 videtur,
1289 885 1376 970 qued
1391 887 1535 954 sacerdo-

576 997 621 1058 tes
645 989 767 1076 possint
788 989 880 1056 nohis
902 989 1049 1082 claudere
1073 989 1252 1076 ingressum
1275 983 1375 1076 regui.

662 1095 864 1160 Rusreroae:
884 1093 1074 1172 Dicendum,
1090 1093 1174 1178 qued
1193 1095 1222 1160 in
1239 1099 1367 1178 peccate
1382 1097 1446 1162 due
1461 1115 1534 1162 cen·

422 1211 553 1268 1211111
575 1201 771 1280 siderentur,
793 1199 912 1268 scilicet
936 1199 1035 1286 cntpe
1059 1207 1089 1268 21
1113 1203 1533 1288 1221112222112;21111211

416 1265 561 1312 distinctions.

409 1319 441 1362 ve
449 1319 554 1364 remissie
575 1307 734 1374 remittere
759 1307 855 1374 selius
880 1307 935 1372 Dei
952 1315 999 1374 est
1014 1303 1169 1394 effective,
1188 1307 1262 1392 qnia
1276 1307 1376 1376 solius
1391 1317 1439 1376 est
1457 1309 1533 1378 dare

570 1415 844 1498 Ι1111111111111122
868 1415 951 1480 delet
972 1415 1116 1498 eulpam3
1141 1415 1309 1482 meritoria
1331 1423 1379 1484 est
1400 1415 1533 1484 Christi-

574 1519 723 1600 homiuis;
751 1519 940 1604 dispositive
961 1537 1036 1586 vero
1062 1519 1231 1588 sacerdotis
1256 1527 1320 1604 est,
1343 1523 1419 1610 quia
1442 1523 1531 1604 lacit,

500 1619 502 1622 ’
574 1643 636 1710 que
656 1623 755 1704 lacte,
777 1623 862 1690 Dens
886 1623 1032 1702 remittit,
1059 1625 1249 1694 conferendo
1281 1627 1399 1694 scilicet
1425 1629 1532 1694 Sacra-

382 1765 385 1770 ·
427 1741 554 1840 regrepe-
574 1733 711 1808 mantnt
729 1729 840 1796 ——Est
863 1733 968 1796 autem
995 1729 1212 1800 aliaremtsste
1229 1739 1383 1820 quantem
1404 1735 1445 1800 ad
1455 1753 1532 1820 pee-

505 1829 510 1840 '
572 1857 670 1916 nem,
696 1841 726 1904 et
751 1853 845 1934 super
863 1839 944 1904 hanc
959 1837 1056 1904 habet
1070 1847 1254 1924 potestatem
1271 1841 1436 1920 smerdes,
1451 1841 1533 1906 laeta

573 1945 757 2038 remissione
779 1945 963 2030 culpae,·et
995 1945 1267 2028 Christus-hem03
1305 1949 1360 2016 sed
1391 1953 1531 2032 potestas

572 2049 838 2118 Christi-hominis
863 2055 909 2118 est
944 2051 1146 2120 ementiendae
1172 2059 1201 2120 et
1233 2051 1450 2132 nnieersetiS,
1476 2071 1531 2140 po-

367 2221 370 2234 ,
465 2189 467 2192 ·
573 2163 665 2224 testas
690 2175 765 2224 rere
788 2157 957 2226 sacerdotis
982 2165 1028 2226 est
1052 2159 1283 2228 ministerialis
1300 2165 1330 2228 et
1341 2159 1530 2246 perticeta-

491 2287 492 2290 *
572 2265 621 2330 ris
633 2265 654 2330 ².
681 2267 816 2334 Et'sunt
836 2265 897 2332 hae
912 2273 1081 2352 potestates
1099 2267 1276 2348 ordinatae,
1295 2267 1370 2354 quie
1384 2267 1530 2334 sacerdos

571 2393 633 2438 nen
655 2373 752 2439 hahet
773 2373 919 2438 ellectum
944 2373 1188 2440 inrremittende
1222 2391 1356 2458 poenam
1388 2373 1447 2440 nisi
1474 2393 1530 2460 per

572 2479 747 2564 passionem
767 2477 897 2558 Christi,
928 2497 986 2546 1122
1018 2497 1133 2546 rursus
1169 2479 1271 2566 passio
1297 2479 1413 2546 Christi
1436 2479 1530 2547 alicui

569 2585 750 2666 confertur,
772 2585 831 2650 nisi
857 2571 1014 2660 cuiDeus
1039 2585 1172 2650 remittit
1193 2585 1328 2668 culpam.
1416 2663 1418 2666 ¹

657 2693 688 2758 3.
712 2691 803 2774 Quod
818 2689 983 2768 obiicitur,
999 2689 1082 2788 qued
1100 2689 1185 2756 salos
1199 2693 1308 2756 uestra
1322 2695 1371 2756 est
1385 2689 1417 2754 in
1433 2691 1532 2756 mauu¹

403 2807 405 2810 ’
481 2795 755 2876 113·22221112112;
779 2793 961 2872 dicendum,
987 2795 1071 2878 qued
1094 2799 1233 2880 potestas
1253 2795 1314 2860 iste
1328 2795 1531 2878 intelligenda

524 2943 525 2946 =
569 2909 633 2982 est,
671 2901 759 2966 eteec
794 2917 861 2964 nen
893 2889 1037 2964 errent.
1070 2899 1159 2964 Tune
1179 2887 1300 2964 'autem
1334 2903 1459 2976 errat,
1480 2899 1530 2964 rel

568 3007 693 3094 quando
716 3005 810 3074 solvit
830 3023 927 3090 quem
949 3005 1038 3072 Deus
1058 3023 1121 3072 non
1136 3003 1319 3086 vivificarit;
1338 3005 1386 3072 rel
1403 3005 1530 3090 quande

568 3115 674 3182 minus
695 3111 789 3198 ligat,
818 3129 916 3194 quam
946 3111 988 3176 sit
1016 3111 1171 3200 ligandus.
1201 3109 1288 3176 Unde
1310 3109 1528 3196 Gregorius³:

573 3217 693 3284 «illum
719 3215 883 3300 discipuli·
897 3215 1053 3282 virentem
1090 3215 1234 3302 solvunt,
1263 3233 1359 3302 quem
1382 3215 1529 3300 Magister

485 3407 486 3410 ,
521 3343 522 3346 ¹
569 3323 811 3392 resuscitaverat
833 3327 1006 3392 mertuum.
1034 3321 1061 3388 Si
1087 3321 1170 3388 enim
1193 3321 1339 3406 discipuli
1369 3323 1530 3388 solverent

567 3435 747 3508 mertuum,
782 3425 932 3494 lectorem
969 3427 1065 3512 magis
1102 3417 1302 3518 ostenderent
1338 3443 1433 3512 quam
1465 3425 1529 3492 xir-

569 3539 669 3600 tutcm
686 3559 717 3600 ».

573 4053 574 4056 ,
636 3981 720 4036 ²Ctr.
738 3983 782 4036 lV.
801 3983 871 4034 Sent.
890 3983 917 4034 d.
936 3983 963 4034 11.
982 3995 1005 4034 2.
1026 3985 1050 4034 3.
1068 3983 1135 4052 cpi.
1154 3997 1210 4050 seq.
1229 3987 1254 4034 et
1274 3983 1356 4036 1118.
1375 3997 1403 4048 p.
1421 3983 1440 4034 l.
1460 3997 1482 4034 a.
1501 3983 1527 4034 2.

564 4087 593 4138 q.
612 4073 641 4138 l;
663 4071 726 4124 thid.
743 4085 772 4138 q.
791 4073 816 4124 2.
837 4071 922 4136 agitur
941 4073 975 4124 de
992 4075 1121 4136 potestate
1142 4073 1284 4126 sacerdotis
1301 4085 1384 4138 supra
1399 4083 1527 4140 pecnem.

566 4161 633 4214 Vide
662 4161 740 4214 etiam
769 4159 805 4211 lll.
836 4161 906 4234 Seut.
929 4159 1526 4226 11122.1.(1.1.2111.20.2.1.21122

564 4249 645 4300 linem
665 4263 746 4316 corp,
766 4247 810 4300 ubi
831 4247 864 4300 de
881 4247 980 4300 inlluxu
998 4247 1129 4312 passienis
1143 4247 1237 4302 Christi
1257 4249 1281 4300 in
1298 4247 1456 4300 remissione
1467 4261 1527 4314 pec-

565 4345 693 4390 catorum.

635 4427 1206 4492 2111(12111.8211.11.1111112112.
1322 4481 1323 4484 ,

631 4511 648 4544 '³
666 4513 735 4568 Libr.
755 4515 782 4566 11.
800 4513 897 4568 Homil.
923 4515 951 4566 in
980 4517 1083 4580 Evang.
1103 4515 1194 4568 homil.
1214 4515 1302 4566 261.
1323 4515 1354 4578 6,
1375 4517 1420 4566 eir.
1445 4527 1526 4578 supra

566 4619 589 4656 c.
608 4603 652 4658 11.
669 4619 696 4656 u.
716 4605 756 4656 60.
778 4609 801 4656 et
821 4605 864 4656 63.
884 4601 1526 4666 (111.Ρ211211211.,Χ11.Η12121.Τ1111211.11211211.

564 4707 590 4746 c.
608 4693 657 4758 12,
674 4691 720 4746 ubi
739 4691 864 4746 sententia
886 4695 951 4744 haec
970 4693 996 4744 S.
1010 4693 1109 4746 'Bonam
1123 4693 1164 4746 de
1182 4691 1338 4746 remissione
1355 4697 1524 4762 peecatorum

565 4783 713 4838 detenditur
733 4787 825 4834 2211112
843 4793 889 4834 222
907 4781 954 4848 qui
972 4781 1077 4844 diecret,
1094 4781 1179 4846 ipsam
1201 4793 1257 4832 esse
1275 4781 1399 4832 reiectam
1417 4777 1525 4834 2621-

481 4891 483 4900 ·
564 4871 631 4926 cilio.
657 4871 720 4924 Nam
748 4889 763 4916 o
779 4869 837 4922 eius
862 4869 1015 4938 opinionem
1038 4869 1108 4922 haud
1139 4883 1248 4934 prorsus
1274 4869 1359 4934 reiiei,
1385 4875 1524 4934 propterea

564 4961 638 5030 quod
656 4961 714 5026 ipsa
731 4963 884 5024 antegressa
899 4959 1202 5024 reconciliatiepenitur
1219 4957 1255 5010 ab
1273 4973 1303 5010 ee
1324 4963 1449 5024 tanquam
1466 4971 1525 5022 pre·

567 5055 630 5104 tecta
650 5063 706 5104 nen
722 5063 759 5102 ccc
777 5045 808 5120 ei
823 5045 907 5102 seties
925 5046 1103 5114 contritionis,
1121 5051 1196 5116 qued
1214 5047 1362 5110 affirmabat
1381 5051 1470 5100 Petrus
1490 5045 1527 5098 ah.

564 5141 658 5204 Osme,
677 5141 817 5194 damnatus
842 5135 939 5190 diserte
956 5151 971 5188 a
990 5137 1061 5190 Sixto
1082 5137 1123 5188 lV.
1142 5141 1167 5188 et
1189 5135 1266 5190 tacite
1290 5141 1381 5200 postea
1400 5149 1414 5186 a
1433 5139 1523 5188 nostre

564 5229 698 5294 Concilio,
716 5227 765 5280 sed
782 5239 819 5280 em
836 5225 863 5278 ei
881 5225 948 5292 ceti,
965 5225 1038 5292 quod
1058 5225 1086 5278 in
1103 5225 1259 5278 contritione
1276 5225 1425 5288 includitur,
1445 5225 1523 5276 huius

565 5315 723 5370 Sacramenti
736 5313 911 5378 suscipiendi,
925 5315 992 5366 adeo
1010 5319 1038 5366 ut
1056 5313 1170 5378 supersit
1190 5313 1215 5366 in
1234 5317 1387 5378 peccatore,
1399 5311 1523 5378 quemvis

565 5405 677 5470 perlecte
706 5403 830 5470 contrito,
848 5401 972 5466 obligatio
1003 5403 1149 5456 confitendi.
1169 5403 1201 5454 Et
1217 5407 1368 5466 praeterea,
1385 5399 1446 5468 quia
1465 5399 1522 5464 ipse

564 5495 689 5558 affirmat,
709 5491 733 5542 in
753 5489 810 5556 ipse
830 5489 1002 5542 absolutionis
1024 5495 1085 5542 actu
1109 5489 1206 5542 remitti
1226 5475 1333 5554 aliquod
1352 5487 1471 5540 debitum
1491 5501 1521 5540 eo

566 5597 649 5648 esque
665 5593 853 5646 perseverans,
874 5581 923 5632 hee
943 5583 980 5630 est
999 5585 1099 5644 partem
1127 5591 1227 5644 poenae
1247 5579 1435 5642 temporariae,
1453 5567 1522 5644 quac

539 5711 540 5714 .
564 5675 624 5734 post
650 5667 869 5722 condonationem
896 5671 1017 5718 aeternae
1043 5667 1132 5718 adhuc
1152 5665 1272 5732 debetur,
1291 5663 1535 5740 21212112112211-Ι

524 5781 526 5788 ·
564 5757 656 5812 21112112
674 5755 783 5810 intendi.
803 5757 873 5808 llaec
886 5751 997 5822 2111111),
1010 5753 1107 5818 quihus
1121 5753 1146 5804 S.
1158 5753 1358 5806 Beneventurae
1377 5751 1464 5816 opinio
1486 5757 1521 5802 ut-

563 5859 678 5914 cumque
698 5843 870 5900 detenditur»
891 5849 940 5894 ete.
960 5843 1027 5894 Vide
1047 5845 1074 5894 S.
1091 5841 1196 5906 Thena,
1223 5839 1371 5894 Commeat.
1396 5839 1425 5890 in
1452 5841 1519 5890 loan.

469 5929 471 5934 ’
564 5949 585 5986 c.
599 5935 609 5986 t
619 5935 711 5988 t.lect.
720 5933 746 6000 6,
756 5931 800 5984 ubi
812 5931 891 5986 dicit:
905 5931 954 5984 Sed
968 5931 1034 5980 haec
1049 5927 1242 5998 [quorundam]
1254 5927 1349 5992 positio
1365 5925 1518 5996 [secundum

563 6037 643 6092 qoam
656 6023 807 6076 sacerdotes
819 6035 872 6072 neu
884 6017 1026 6074 obsetennt
1040 6031 1055 6068 a
1069 6017 1159 6082 culpa,
1180 6015 1226 6068 sed
1240 6017 1324 6068 solum
1337 6029 1353 6066 a
1367 6021 1441 6080 parte
1458 6027 1521 6076 pee-

564 6125 610 6164 nae
624 6101 786 6176 t'emperelis]
801 6107 880 6160 nimis
891 6119 987 6174 parem
1002 6105 1119 6158 attribuit
1131 6103 1260 6164 Ecclesiae
1273 6101 1400 6156 clavibus.
1415 6103 1469 6154 lloe
1483 6105 1521 6152 est

564 6199 634 6254 enim
651 6197 788 6264 propriam
810 6199 1038 6248 sacramentorum
1057 6207 1143 6246 nevae
1161 6191 1242 6258 legis,
1255 6191 1328 6258 qued
1340 6191 1368 6242 ie
1380 6191 1419 6242 ets
1437 6189 1519 6254 gratia

564 6291 737 6342 conteratur...
758 6287 808 6338 Sed
827 6287 879 6338 hoe
896 6283 1009 6336 dubium
1034 6285 1119 6336 lacere
1142 6281 1257 6344 videtur,
1275 6281 1375 6348 qued...
1393 6279 1428 6332 ad
1446 6277 1520 6332 abso·

563 6377 689 6430 tutionem
710 6373 924 6442 consequendam
951 6371 1079 6436 accedunt
1104 6371 1185 6424 adulti
1202 6371 1362 6436 plerumque
1379 6373 1454 6420 antea
1473 6381 1520 6434 per

563 6463 744 6516 contritionem
763 6467 932 6526 peccaterum
949 6459 1130 6512 remissionem
1149 6457 1299 6522 consecuti,
1312 6461 1340 6510 et
1353 6455 1389 6510 sie
1406 6467 1520 6520 sequens

563 6551 692 6604 absolutio
718 6551 782 6604 nihil
811 6551 894 6602 lacere
923 6551 1043 6602 videatur
1070 6549 1105 6600 ad
1131 6551 1302 6612 peccatorum
1327 6537 1525 6598 remissionem.

564 6641 642 6692 Sed...
653 6641 771 6694 similiter
790 6647 828 6692 est
848 6639 990 6692 dicendum
1007 6639 1043 6692 de
1061 6637 1230 6704 peonitentia.
1250 6635 1276 6688 Si
1295 6635 1355 6704 quis
1373 6635 1442 6688 enim
1460 6639 1520 6686 aute

563 6725 752 6782 absolutionem
770 6729 914 6782 sacerdotis
932 6729 1008 6794 plene
1032 6729 1158 6782 contritus
1183 6727 1272 6790 tuerit,
1292 6725 1461 6790 consequitur
1480 6737 1521 6774 re-

563 6815 713 6868 missionem
734 6815 960 6884 peccaterum,eo
974 6817 1047 6884 quod
1065 6815 1143 6868 habet
1163 6815 1190 6868 in
1201 6819 1284 6880 eote,
1307 6821 1334 6866 et
1353 6813 1476 6866 subiiciat
1492 6825 1520 6862 se

563 6903 691 6954 Ecclesiae
707 6901 839 6968 claribus,
854 6905 907 6956 siue
927 6919 980 6970 quo
998 6917 1062 6956 vera
1080 6905 1201 6956 contritio
1220 6917 1272 6956 1121
1292 6907 1368 6956 22221.
1386 6903 1414 6954 Si
1431 6907 1519 6954 autem

1260 603 1866 698 cmmmmmmx

1692 747 2559 870 emmnmmmmmmm

1592 873 1664 952 cit:
1692 887 1836 974 Accipite
1861 887 2024 974 Spiritum
2047 899 2211 956 sunctum.
2238 925 2277 962 ,-
2304 889 2436 956 Videtur
2457 893 2558 972 euim,

1600 993 1687 1076 qued
1709 993 1847 1058 nendum
1872 993 2001 1060 deberet
2027 995 2073 1062 eis
2104 995 2180 1082 ctare
2210 995 2364 1082 Spiritum
2393 985 2557 1078 sanctum,

1598 1099 1675 1184 quia
1697 1097 1813 1166 dicitur
1840 1117 1938 1184 supra
1967 1099 2088 1167 decime
2114 1103 2250 1168 sexte4:
2276 1101 2314 1168 Si
2333 1097 2401 1170 nen
2426 1103 2556 1184 obiere,

1598 1205 1799 1274 Pereetctns
1810 1225 1876 1274 rien
1886 1205 1991 1274 ueniet
2005 1207 2053 1272 ed
2066 1227 2141 1274 eos:
2159 1227 2235 1294 erge
2251 1205 2275 1274 si
2294 1207 2432 1274 nendum
2448 1227 2556 1276 ascen-

1596 1313 1703 1392 derat,
1727 1313 1869 1378 nendum
1889 1311 2022 1378 debebat
2047 1313 2122 1382 dare
2144 1313 2298 1400 Spiritum
2320 1319 2476 1380 sanctum.

1687 1419 1890 1484 ltnsromue:
1908 1417 2099 1498 Dicendum,
2117 1419 2200 1504 qued
2216 1415 2352 1504 Spiritus
2368 1423 2495 1484 sanctus
2509 1419 2556 1484 di·
2573 1427 2640 1486 uon

1597 1523 1681 1590 citur
1703 1523 1815 1606 decipi
1840 1523 1889 1590 rel
1923 1523 2019 1602 deri,
2053 1543 2115 1592 uon
2144 1523 2265 1592 ratione
2297 1523 2471 1604 essentiae,
2502 1525 2556 1592 sed
2675 1511 2676 1516 ¹

1595 1625 1735 1716 effectes.
1759 1629 1944 1694 Habuerunt
1965 1647 2042 1712 erge
2063 1629 2207 1714 discipuli
2234 1629 2382 1712 Spiritum
2413 1635 2556 1696 sanctum

1596 1741 1674 1802 ente
1699 1733 1892 1820 passionem,
1925 1735 1980 1802 sed
2001 1735 2042 1802 ad
2063 1737 2185 1802 setntis
2207 1755 2291 1802 sene
2312 1737 2555 1822 operetienmr,

1595 1859 1678 1929 quae
1708 1847 1756 1908 est
1787 1855 1843 1927 per
1874 1841 2030 1926 gratiem3
2062 1841 2246 1910 habuerunt
2273 1851 2350 1928 pest
2378 1843 2555 1926 passionem

1595 1955 1674 2014 ente
1694 1945 1919 2014 escensionem
1940 1947 1981 2012 ad
2000 1955 2216 2030 percuterem
2237 1945 2484 2026 remissiencm5
2498 1949 2555 2012 ha-

1595 2055 1737 2124 buerunt
1756 2061 1833 2138 pen
1856 2053 2076 2120 escensionem
2103 2051 2141 2120 ad
2164 2051 2242 2138 fidei
2255 2057 2390 2118 nostroe
2403 2051 2554 2138 publice
2590 2111 2592 2116 ,

1595 2163 1738 2240 tionem·
1759 2161 1829 2228 ideo
1854 2167 1929 2228 tuuc
1951 2159 2127 2228 confirmati
2160 2161 2304 2238 luerunt,
2328 2165 2359 2226 et
2381 2157 2415 2224 in
2437 2159 2554 2244 linguis
2593 2167 2594 2170 ’

1594 2269 1692 2354 igneis
1717 2267 1854 2354 Spiritus
1876 2273 2013 2336 sanctus
2027 2265 2223 2334 (1222211115.

1684 2377 1737 2440 ax.
1761 2375 1887 2460 Quaest.
1913 2375 1957 2440 lll.
1983 2375 2057 2462 llere
2075 2371 2257 2460 quaeritur:
2276 2369 2392 2458 quihus
2411 2369 2551 2438 dicitur6

1595 2479 1780 2566 pluraliter:
1814 2479 1961 2564 Accipite
1991 2477 2369 2566 Spiritnmsenctnmi
2396 2513 2435 2528 -
2462 2477 2551 2544 Vide·

1595 2591 1667 2664 tur,
1690 2585 1776 2668 qued
1798 2585 1954 2668 pluribus.
2628 2577 2631 2582 ’

1682 2687 1831 2754 Conana:
1863 2687 2007 2754 Matthaei
2040 2689 2161 2756 decime
2190 2689 2330 2770 sextat:
2365 2689 2438 2756 Titi
2468 2689 2550 2756 debe

1595 2793 1700 2860 cteees
1725 2793 1819 2878 repni
1843 2793 2030 2872 meterem,
2053 2793 2135 2858 dixit
2158 2793 2307 2860 Dominus
2333 2795 2444 2858 Petro:
2476 2813 2550 2880 erge

1594 2897 1739 2978 ridetur,
1763 2897 1850 2984 qued
1871 2903 2009 2982 potestas
2033 2897 2193 2966 relaxandi
2219 2903 2346 2984 peccate
2360 2897 2420 2964 fuit
2436 2899 2551 2984 specia-

1594 3005 1665 3070 liter
1686 3005 1720 3070 in
1742 3005 1852 3084 Petre,
1875 3004 1927 3070 hic
1950 3011 2055 3072 autem
2080 3005 2221 3084 ridetur,
2244 3005 2331 3088 qued
2345 3005 2378 3068 in
2394 3005 2548 3074 omnihus.

1682 3111 1721 3178 lit
1742 3111 1926 3190 dicendum,
1951 3113 2036 3196 qued
2060 3117 2199 3198 potestas
2213 3111 2400 3178 dimittendi
2413 3111 2549 3196 211222-
2569 3125 2634 3182 hese·

1593 3221 1687 3284 testas
1719 3215 1865 3282 soluendi
1895 3217 1967 3284 data
1992 3223 2041 3284 est
2072 3217 2219 3284 omnibus
2247 3215 2419 3302 Apostolis;
2447 3225 2547 3284 1211121

1593 3321 1762 3410 2222121112
1782 3323 1871 3390 Petro
1895 3323 1967 3388 data
1988 3329 2036 3390 est
2057 3323 2220 3408 plenitude
2240 3323 2404 3408 potestatis
2426 3331 2459 3390 et
2479 3323 2547 3392 eius

1592 3427 1845 3508 successorihus,
1877 3423 2027 3512 tauquam
2056 3427 2190 3514 principi
2222 3433 2253 3494 et
2282 3427 2376 3514 capiti
2406 3429 2570 3496 ennium

1488 3617 1489 3622 ,
1590 3531 1808 3632 Apostolorum
1823 3533 1845 3598 ⁸.
1868 3533 1950 3618 Quia
1973 3551 2047 3620 erge
2072 3539 2167 3618 caput
2189 3537 2275 3614 erat,
2291 3531 2407 3600 dieitur
2423 3533 2547 3602 1111121-
2567 3537 2568 3540 ’

1589 3989 1664 4034 antea
1683 3995 1739 4038 nee
1758 3981 1838 4052 plene
1855 3983 1947 4034 luisset
1964 3983 2084 4034 contritio
2100 3983 2231 4034 sufficiens
2251 3981 2284 4034 ad
2302 3981 2501 4044 remissionem,
2519 3981 2546 4034 in

1590 4069 1649 4140 ipse
1667 4071 1835 4126 ehsetntiene
1851 4071 2033 4124 remissionem
2063 4073 2155 4136 culpae
2180 4069 2360 4136 consequitur,
2389 4069 2440 4122 nist
2465 4075 2547 4134 ponat

1589 4159 1755 4214 obstaculum
1775 4161 1884 4224 Spiritui
1902 4165 2052 4212 sancto.'-·-
2071 4159 2124 4214 Cir.
2142 4161 2185 4214 lV.
2204 4163 2274 4212 Seni.
2292 4159 2320 4212 d.
2339 4159 2382 4210 l8.
2393 4171 2421 4224 p.
2441 4160 2458 4212 1.
2476 4173 2502 4212 2.
2520 4161 2547 4214 2.

1589 4265 1616 4316 q.
1637 4249 1660 4312 t,
1680 4247 1725 4300 uhi
1746 4247 1773 4300 in
1790 4247 1891 4302 scholio
1908 4247 2064 4316 ostenditur,
2087 4249 2157 4302 idern
2184 4247 2252 4302 circa
2270 4251 2337 4300 haec
2355 4261 2411 4300 rem
2435 4249 2546 4302 sensisse

1487 4369 1488 4374 κ
1590 4337 1615 4388 S.
1635 4337 1845 4388 beneventorum
1865 4343 1891 4390 et
1907 4349 1988 4390 ceres
2010 4341 2096 4392 states
2123 4337 2281 4406 quaestionis
2306 4343 2331 4388 et
2354 4337 2467 4390 auctoris
2489 4351 2545 4394 sen·

1588 4439 1650 4490 ses,
1672 4439 1688 4476 a
1707 4425 1854 4478 Pallavieiu
1876 4427 2062 4478 insufficienter
2079 4427 2164 4490 relati,
2184 4427 2362 4492 explanantur.

1658 4509 2071 4582 411212.7;111.111111.121.
2144 4505 2147 4510 ’
2315 4567 2316 4570 ,

1659 4599 1671 4632 ⁵
1691 4603 1760 4656 Vide
1782 4619 1864 4670 supra
1886 4619 1908 4658 c.
1927 4601 1953 4658 7.
1970 4619 1997 4656 1.
2017 4603 2145 4658 51212.
2166 4605 2208 4658 tt.
2227 4619 2254 4658 n.
2272 4605 2315 4658 31.
2333 4607 2424 4658 Patres
2450 4607 2476 4658 in
2505 4621 2546 4660 ex·

1589 4691 1713 4756 ponende
1731 4691 1781 4744 hoc
1799 4693 1856 4744 lece
1876 4691 1938 4746 satis
1961 4691 2136 4758 convenient,
2154 4693 2209 4744 scil.
2228 4693 2252 4744 in
2270 4705 2318 4758 ee,
2336 4693 2406 4760 quod
2428 4695 2546 4758 Apostoli

1588 4777 1735 4844 receperint
1754 4779 1879 4844 Spiritum
1903 4785 2022 4832 sanetum
2047 4781 2065 4832 i.
2091 4793 2116 4832 e.
2135 4781 2233 4832 donem
2263 4781 2375 4844 Spiritus
2401 4781 2483 4832 sancti
2510 4783 2546 4836 ad

1587 4869 1769 4922 remissionem
1788 4875 1956 4934 peccaterum
1964 4887 1971 4932 ;
1985 4869 2105 4934 adiungit
2123 4867 2207 4934 Cyrill.
2221 4869 2369 4932 Alexandr,
2381 4871 2452 4934 qued
2465 4871 2544 4924 etiam

1588 4961 1716 5022 ThemeS,
1735 4957 1793 5010 11221
1812 4971 1864 5010 121
1883 4963 1950 5010 22221
1967 4971 2028 5010 crim
2050 4955 2106 5010 21112
2126 4957 2267 5022 apostolis,
2286 4959 2335 5008 hec
2354 4957 2453 5010 denum
2474 4973 2545 5012 acce-

1586 5047 1668 5114 perit,
1688 5045 1751 5114 quia
1769 5049 1821 5098 hoe
1832 5045 1904 5100 dedit
1927 5065 1941 5092 a
1952 5045 2070 5100 Christus
2081 5061 2135 5098 noe
2147 5045 2279 5114 aliquibus
2292 5045 2416 5114 seorsim,
2429 5047 2476 5100 sed
2490 5049 2545 5100 1111-

1586 5135 1670 5202 versis
1690 5135 1830 5200 discipulis.
1844 5135 2012 5202 Quapropter
2030 5149 2087 5188 earn
2108 5135 2246 5204 [virtutem
2262 5135 2384 5202 Spiritus]
2396 5135 2544 5202 accipiunt,

1586 5225 1690 5290 taxuetsi
1707 5225 1818 5290 quidam
1844 5239 1897 5276 nen
1926 5223 2048 5290 aderaut,
2066 5225 2151 5276 dantis
2174 5223 2448 5280 1112121112121121211
2467 5239 2544 5288 prae·

1586 5319 1672 5366 sentes
1691 5315 1773 5366 selum
1794 5313 2069 5366 contrarietatem
2087 5315 2136 5366 hoc
2155 5311 2322 5378 probandum
2341 5311 2448 5366 adducit
2465 5315 2544 5366 Num.

1588 5405 1630 5468 tt,
1648 5403 1692 5456 21.
1709 5417 1794 5468 seqq,
1813 5399 1858 5454 ubi
1877 5407 2004 5464 narratur,
2023 5401 2097 5468 qued
2122 5401 2202 5454 Eldad
2228 5407 2253 5454 et
2277 5399 2370 5452 hledad
2386 5409 2545 5466 receperunt

1586 5491 1688 5544 donum
1711 5489 1880 5554 prophetiae,
1897 5489 1956 5542 licet
1981 5503 2034 5542 neu
2059 5489 2153 5540 tuerint
2172 5501 2232 5540 eum
2251 5485 2308 5540 aliis
2326 5489 2460 5552 sexaginta
2483 5495 2543 5540 ecte
2606 5493 2607 5496 ’

1586 5579 1653 5630 cirea
1675 5565 1881 5630 tabernaculum.

1655 5663 1734 5718 ⁶ud.
1753 5679 1836 5732 pnerc
1857 5663 1973 5734 dicator.
2370 5659 2379 5690 ²
2401 5665 2477 5716 Vers.
2498 5665 2540 5718 te.

1655 5751 1667 5780 ⁸
1686 5755 1821 5820 Bernard,
1840 5755 1869 5806 ll.
1886 5753 1922 5806 de
1939 5753 2102 5808 Considerat.
2123 5767 2145 5806 c.
2167 5755 2189 5804 8.
2208 5767 2235 5806 n.
2255 5751 2305 5804 lo:
2324 5753 2393 5816 Ergo
2413 5753 2482 5804 iuxta
2501 5767 2542 5806 ca·

1584 5843 1668 5894 nenas
1687 5837 1746 5894 tuos
1763 5842 1809 5894 alii
1826 5841 1853 5894 iu
1867 5847 1972 5906 partem
1992 5841 2187 5906 sollicitudinis,
2195 5847 2224 5894 te
2243 5843 2269 5894 11
2290 5843 2478 5906 plenitudinem
2496 5857 2542 5908 pe·

1584 5929 1684 5984 testatis
1700 5915 1810 5982 vocatus
1828 5941 1867 5982 es.
1886 5927 2003 5982 Aliorum
2025 5933 2140 5992 potestas
2166 5929 2241 5984 certis
2264 5935 2378 5982 arctatur
2397 5929 2541 5996 limitibus;

1584 6021 1628 6068 tua
1646 6017 1793 6070 extenditur
1810 6023 1835 6070 et
1855 6017 1878 6068 in
1899 6017 1971 6080 ipses
1995 6015 2041 6082 qui
2069 6021 2223 6080 potestatem
2241 6031 2320 6082 super
2347 6017 2410 6070 alies
2433 6029 2541 6082 aecepe-

1583 6110 1652 6158 ruut.
1673 6105 1725 6158 Cir.
1744 6105 1793 6170 Qq.
1811 6103 1935 6170 disputat.
1962 6103 1996 6156 de
2024 6105 2181 6158 perfectione
2207 6119 2304 6170 evang.
2321 6119 2349 6170 q.
2367 6105 2392 6156 1.
2413 6105 2457 6172 (de
2481 6103 2541 6158 ebe·
2570 6145 2578 6152 .

1583 6181 1682 6246 11121112
1700 6195 1787 6258 Papae
1805 6191 1972 6260 praestanda)
1992 6207 2015 6244 a.
2035 6195 2060 6246 3.
2077 6195 2113 6248 ed
2131 6197 2156 6248 5.
2171 6200 2194 6248 21
2207 6197 2233 6248 6.
2255 6193 2328 6260 (tem.
2344 6195 2375 6248 V.
2387 6209 2449 6260 pag.
2465 6193 2539 6262 126),

1583 6281 1629 6332 uhi
1649 6283 1677 6336 S.
1692 6283 1792 6334 Deeav.
1811 6281 1892 6332 verba
1912 6281 2031 6334 hlatthaei
2050 6287 2074 6334 et
2094 6283 2194 6336 loannis
2214 6271 2254 6336 hic
2274 6281 2349 6334 allata
2366 6281 2472 6348 exponit
2489 6281 2541 6336 ita:

1583 6369 1744 6438 Dicendum,
1762 6369 1834 6436 qued
1862 6371 1939 6436 longe
1967 6369 2040 6422 aliter
2066 6371 2166 6424 dietum
2185 6371 2234 6424 leit
2251 6371 2290 6422 eis
2307 6367 2376 6436 [aliis
2396 6367 2539 6440 Apostolis]
2618 6423 2619 6426 ,

1583 6463 1611 6510 21
1626 6459 1710 6512 Petro.
1730 6461 1794 6512 Nam
1808 6461 1887 6512 Ι112112
1908 6457 2013 6514 divisim
2033 6463 2058 6514 ct
2073 6457 2251 6528 sinpnteritcr
2273 6457 2372 6510 dietum
2397 6459 2458 6520 leit,
2477 6459 2539 6524 quia

1583 6545 1612 6596 in
1629 6559 1662 6600 eo
1681 6551 1815 6614 potestatis
1833 6549 1969 6614 plenitude
1990 6555 2046 6602 erat
2068 6549 2244 6614 principaliter
2263 6551 2289 6598 et
2306 6545 2472 6610 singulariter
2489 6547 2540 6598 cel·

1583 6635 1691 6688 locanda
1701 6655 1709 6698 ;
1729 6637 1785 6690 aliis
1803 6651 1866 6690 vere
1892 6637 1991 6690 dictum
2010 6639 2057 6690 luit
2075 6635 2181 6692 simet...
2202 6635 2277 6692 Unde
2295 6635 2354 6686 licet
2371 6633 2538 6688 consimilem

1584 6719 1710 6776 haberent
1730 6731 1898 6794 potestatem,
1918 6729 2076 6778 nontamen
2097 6723 2228 6778 habehant
2243 6723 2384 6794 eepaatcm
2404 6727 2452 6776 ete.
2472 6723 2538 6776 Vide

1583 6811 1662 6862 etiam
1675 6811 1740 6866 thid.
1751 6814 1881 6880 Brevileq.
1893 6827 1920 6878 p.
1932 6815 1976 6866 Vl.
1988 6827 2012 6866 c.
2027 6815 2067 6866 12.
2082 6817 2108 6866 21
2119 6811 2260 6866 (12112122.
2273 6813 2297 6864 11
2309 6811 2432 6864 1121121111.
2447 6825 2473 6862 1.
2486 6811 2537 6874 15;

1556 6915 1558 6918 ·
1583 6899 1626 6950 lV.
1646 6901 1716 6952 Sent.
1730 6901 1755 6954 d.
1772 6905 1810 6954 re.
1830 6917 1856 6956 a.
1873 6903 1900 6956 3.
1918 6917 1944 6968 q.
1965 6903 1989 6956 1.
2011 6901 2037 6956 iu
2054 6915 2143 6968 corp,
2157 6903 2182 6954 d.
2196 6905 2238 6956 211.
2261 6915 2288 6966 p.
2310 6901 2338 6954 ll.
2357 6915 2385 6966 q.
2398 6899 2421 6950 5.
2435 6899 2461 6950 in
2476 6899 2537 6950 11112.
