5908 8266
471 595 535 660 ala

470 769 574 854 illios,
607 769 754 856 iuquam,
788 775 878 848 tuos,
910 785 967 852 per
996 769 1108 848 tidem,
1142 771 1315 838 secundum
1347 767 1424 834 illud

471 865 591 942 loannis
613 875 732 958 primo:
761 899 778 932 «
793 873 883 944 Dedit
905 865 958 940 cis
973 881 1156 958 potestatem
1171 873 1253 942 filios
1268 875 1322 940 Dei
1340 873 1422 954 lieri,

471 981 520 1046 bis
548 981 604 1064 qui
635 981 768 1046 credunt
797 979 830 1046 in
860 979 985 1046 nomine
1013 979 1082 1046 eius
1097 1003 1132 1060 »3
1155 999 1214 1046 nec
1235 981 1423 1046 draconum

470 1093 702 1152 veneratorum
724 1085 875 1152 eicerent
894 1085 1020 1166 dentes,
1036 1085 1065 1152 id
1084 1091 1130 1154 θεῖ
1146 1093 1329 1172 serpentum
1346 1085 1424 1172 igni·

471 1195 592 1270 torum;
622 1189 854 1258 Deuteronomll
878 1195 1012 1266 octavo:
1036 1215 1052 1248 c<
1067 1191 1186 1258 Duotm
1211 1195 1286 1256 tuus
1308 1191 1368 1256 full
1392 1191 1422 1256 lu

469 1295 634 1362 solitudine
656 1313 769 1380 magua
790 1301 886 1382 atque
908 1295 1059 1374 terribili,
1084 1295 1114 1362 in
1131 1313 1195 1380 qua
1211 1301 1278 1364 erat
1293 1313 1423 1382 serpens

401 1445 402 1448 ,
468 1399 544 1466 llatu
566 1401 705 1466 adurens
726 1405 758 1466 θῖ
781 1399 903 1486 scorpio
924 1417 963 1466 ac
977 1399 1082 1484 dipsas
1097 1427 1128 1466 a.
1149 1401 1301 1488 Loquitur
1319 1401 1369 1466 bic
1385 1401 1423 1466 de

468 1505 575 1583 bonis,
599 1505 733 1590 quirilli
757 1505 812 1572 Dei
837 1511 927 1584 sunt,
952 1525 1014 1574 uon
1037 1507 1077 1574 de
1100 1507 1200 1574 malis.

494 1655 495 1658 ,
553 1611 786 1680 Misericordia
815 1613 903 1678 cuim
932 1619 1012 1692 tarn:
1040 1613 1216 1682 ostenditur
1238 1619 1345 1682 autem
1372 1613 1424 1678 hic
1458 1669 1459 1674 ,

302 1727 447 1836 13133333325
467 1717 554 1834 colio
587 1719 756 1802 multiplea
779 1717 982 1786 liberationis
1008 1719 1262 1798 israelitorum,
1285 1735 1422 1802 quarum

315 1835 393 1880 avenes.
466 1841 567 1908 prima
590 1823 650 1890 fuit
667 1825 777 1910 pietur
802 1825 879 1914 Dei:
897 1821 1064 1906 secunda,
1082 1825 1282 1920 *periculum
1313 1825 1422 1910 daspe-
1457 1909 1458 1912 Ἴ

466 1927 627 1994 rationis:
652 1931 692 1996 ln
716 1931 875 1998 mercorio
898 1931 1004 2008 enim:
1035 1933 1146 2010 tertia,
1178 1931 1287 2016 uirtus
1317 1927 1424 1996 diuini

464 2033 643 2102 sermonis:
668 2035 795 2102 Etenim
811 2057 912 2126 neque
926 2035 1049 2114 acron,-
1065 2043 1197 2122 quarla,
1216 2035 1356 2102 ostensio
1372 2033 1421 2102 di-

466 2139 561 2208 uinnc
582 2141 733 2228 pictatia:
767 2143 816 2206 Tu
839 2161 871 2208 es
895 2141 1004 2222 enirn,
1031 2141 1185 2220 Domine;
1210 2141 1337 2228 quinta,
1361 2139 1421 2206 ltu-

467 2259 568 2314 monn
590 2247 786 2336 popillius.-
812 2249 913 2314 Homo
938 2257 1048 2314 nutem
1071 2255 1130 2316 etc.

350 2437 351 2444 ἵ
444 2403 447 2408 ·
552 2357 635 2422 Bene
657 2357 740 2420 dixi:
765 2353 849 2440 filios
873 2363 984 2420 nutem
1016 2363 1099 2434 tuos,
1124 2355 1155 2420 ld
1178 2359 1226 2420 θεῖ
1249 2353 1420 2432 israelitae,

300 2477 363 2522 nara
377 2477 522 2534 oona-occ
542 2465 729 2528 ciro-conum
752 2469 986 2528 venenatorum
1010 2461 1135 2538 dentes,
1158 2459 1191 2526 id
1221 2465 1269 2526 θεῖ
1295 2477 1421 2526 morsus

466 2577 648 2654 serpentum
670 2567 858 2654 ignitorum,
884 2565 1057 2642 uicerunt,·
1081 2565 1313 2630 misericordia
1334 2563 1421 2638 enim

351 2753 353 2756 ,
419 2737 420 2740 ,
467 2683 543 2756 tun,
575 2675 606 2742 id
637 2681 684 2742 θεῖ
714 2657 843 2740 effectus
873 2669 1104 2738 misericordiae
1130 2663 1219 2748 tuac,
1244 2669 1421 2734 cctecmecs

465 2783 609 2850 :annom
633 2781 723 2858 illos,·
746 2777 778 2844 in
802 2777 922 2842 Psalmo
937 2777 966 2840 1:
996 2801 1012 2834 <t
1028 2775 1057 2840 Si
1082 2774 1239 2842 dicebam:
1258 2775 1358 2840 llotus
1374 2779 1421 2840 cst

467 2903 521 2974 pes
541 2905 648 2964 meus:
665 2881 879 2950 misericordia
894 2887 963 2960 tua,
979 2879 1127 2958 Domine,
1144 2879 1311 2946 adiuvabat
1326 2897 1377 2944 me
1389 2901 1418 2956 »3
1446 2901 1449 2910 =
1476 2871 1477 2874 ’

465 2993 610 3060 Ieremias
628 2989 787 3074 trigesimo
803 2987 912 3054 tortio:
936 3011 951 3044 (t
963 2985 1123 3050 Obducam
1141 2983 1317 3050 cicatricem
1333 2977 1417 3050 luam

465 3105 505 3166 et.
518 3099 597 3166 dabo
621 3095 674 3164 tibi
701 3095 862 3164 sanitatem
881 3115 909 3172 »;
933 3117 949 3150 c<
965 3091 1029 3176 ipse
1046 3089 1128 3158 enim
1145 3091 1291 3158 vulnerat
1307 3095 1338 3156 θῖ
1353 3107 1419 3156 me-

464 3205 555 3272 detur
573 3229 603 3282 v,
628 3203 679 3268 lob
703 3199 822 3286 quinto.
1317 3199 1318 3202 ’

551 3311 652 3396 (Vers.
680 3311 755 3388 lt).
779 3307 821 3370 ln
842 3305 1114 3370 memoriaenon
1137 3323 1329 3370 sermonum
1349 3309 1419 3368 tuo-

466 3437 563 3496 rum,
587 3415 617 3482 id
649 3421 696 3482 est
718 3427 774 3498 per
797 3411 1082 3500 remunerationem
1105 3411 1326 3477 mandatorum
1349 3415 1419 3476 tuo-

465 3543 548 3602 rum,
573 3517 891 3596 eutermionbnntnr,
907 3515 1004 3602 aliqui
1028 3515 1144 3584 scilicet
1160 3515 1305 3594 illorum,
1322 3523 1351 3582 et
1369 3533 1419 3582 oc-

467 3629 576 3696 lociter
597 3625 822 3704 scanduntur,
845 3622 894 3690 vel
916 3621 1181 3702 calcabunturl,
1211 3619 1329 3687 scilicet
1359 3619 1421 3686 ulii

415 3765 417 3770 v
464 3733 670 3820 poenitenter,
688 3731 755 3798 visa
770 3735 871 3794 morte
888 3729 936 3794 vel
951 3745 1050 3812 poena
1066 3727 1218 3808 aliorum;
1235 3727 1326 3794 iuxta
1341 3725 1419 3794 illud

465 3839 592 3908 Psalmi:
622 3863 639 3896 «
654 3837 732 3902 Cum
755 3833 931 3902 occiderent
954 3851 1008 3902 eos
1022 3859 1062 3914 a,
1085 3833 1116 3898 id
1147 3839 1195 3900 est
1224 3833 1346 3918 aliquos
1377 3849 1418 3898 en

395 4031 397 4034 Ι
465 3947 525 4026 eis,
554 3945 780 4030 «quaerebant
802 3959 906 4010 eum»
935 3941 966 4006 id
989 3947 1035 4008 est
1056 3939 1107 4004 alii
1124 3939 1326 4024 poenitentes.
1343 3937 1417 4004 Vel:

464 4053 557 4122 iidem
572 4049 896 4126 cntcrrniunbuntnr,
920 4045 951 4112 id
967 4051 1014 4112 θεῖ
1029 4045 1167 4130 graviter
1187 4043 1416 4130 puniebantur,

464 4165 492 4224 et
507 4155 654 4224 uelociter
676 4153 907 4244 sonabuntur,
931 4169 970 4216 ne
986 4151 1021 4216 in
1037 4151 1142 4216 otium
1149 4201 1159 4244 ,
1178 4149 1209 4214 id
1225 4155 1272 4214 est
1288 4147 1418 4232 profun-

464 4261 546 4340 dam,
562 4259 748 4336 incidentes,
766 4257 796 4322 ld
813 4261 858 4326 cst
875 4257 959 4322 intus
971 4255 1126 4334 cadentes,
1139 4253 1341 4332 obliuionem,
1360 4251 1417 4318 scl-

465 4367 534 4434 lloet
551 4365 785 4450 desperationis
803 4361 919 4430 scilicet
936 4367 1064 4446 propter
1079 4359 1226 4424 adiutorii
1243 4365 1273 4424 θῖ
1289 4357 1418 4424 remedii

464 4471 661 4550 dilationem;
677 4489 744 4534 non
752 4475 883 4554 possent
899 4471 954 4532 tuo
970 4465 1021 4530 oti
1037 4463 1221 4542 adiutorio,
1238 4463 1269 4529 id
1285 4471 1332 4530 est
1348 4481 1419 4548 gra-

464 4577 524 4644 tiae
546 4582 620 4643 tuae
650 4573 828 4652 liberantis,
851 4571 927 4658 ipsi,
951 4571 1036 4650 dico,
1061 4569 1132 4638 iacti
1156 4571 1273 4656 indigni
1297 4571 1418 4636 miseri-

463 4683 569 4750 cordia
593 4691 646 4750 tua
668 4675 796 4766 propter
812 4677 1077 4762 desperationem3
1102 4677 1343 4742 proverbiorum
1366 4677 1418 4742 de

464 4787 543 4854 aimo
567 4793 675 4854 octavo
689 4787 717 4850 3:
748 4783 912 4868 «Impius,
938 4801 1010 4850 oum
1034 4781 1066 4848 in
1088 4779 1280 4866 profundum
1311 4799 1418 4868 pecca-

462 4899 568 4960 torum
592 4891 729 4970 venerit,
755 4889 924 4956 contemnit
940 4913 969 4968 »3
995 4887 1025 4954 iu
1042 4877 1179 4954 Psalmo:
1201 4887 1327 4982 «bollo
1343 4895 1417 4956 sunt

462 4999 580 5078 Deum,
603 4997 658 5082 qui
683 4993 813 5062 salvavit
834 5011 888 5060 eos
902 5019 918 5052 θ
947 4997 1005 5060 θῖθ.

552 5105 651 5190 (Pers
681 5101 754 5184 lt).
779 5101 816 5166 Et
838 5099 917 5166 bene
940 5099 1024 5166 dixi:
1050 5101 1086 5166 in
1109 5101 1272 5168 clamecin
1294 5121 1417 5168 ccccmo-

462 5229 543 5276 num
569 5215 722 5286 tuorum:
746 5205 873 5286 etenim,
890 5223 948 5288 pro
961 5205 1035 5290 quia
1044 5229 1053 5284 ;
1069 5225 1170 5294 neque
1187 5203 1307 5286 derbe,
1323 5207 1417 5274 idest

462 5315 546 5400 potio
571 5331 612 5380 cvr
636 5311 742 5378 herbis
764 5309 919 5390 conlecta,
944 5327 1024 5396 quae
1056 5311 1190 5378 bibendo
1208 5311 1292 5406 intra
1319 5313 1416 5378 sumi-

387 5461 390 5466 *
463 5425 533 5500 tnr;
550 5437 651 5508 neque
664 5415 857 5502 mnlnpmn,
873 5417 904 5480 id
922 5423 967 5482 est
983 5417 1206 5500 emplastrum,
1224 5417 1309 5502 quod
1324 5423 1417 5486 extra

351 5587 352 5592 ,
462 5527 529 5594 loco
564 5519 680 5592 doloris
713 5521 965 5606 superponitur:
986 5521 1122 5586 rennuit
1148 5539 1218 5600 cos,
1250 5523 1368 5590 scillcet
1397 5543 1415 5588 a

532 5957 654 6012 ¹Psalm.
683 5959 729 6022 93,
757 5953 798 6006 lo.
818 5981 852 5992 -
878 5953 1026 6020 Sequuntur
1056 5957 1101 6006 lec.
1127 5955 1175 6020 33,
1199 5957 1233 6008 6:
1258 5957 1337 6020 Ecce,
1362 5969 1413 6020 ego

461 6047 592 6102 obducam
613 6047 649 6098 eis
669 6043 816 6098 cicatricem
834 6047 861 6094 et
878 6043 1012 6096 sanitatem
1028 6047 1055 6094 θῖ
1071 6041 1170 6094 cvvrabo
1189 6057 1248 6106 eos:
1263 6041 1308 6094 lob
1320 6043 1350 6106 6,
1366 6045 1413 6094 tt:

461 6139 525 6206 Quia
546 6139 601 6202 ipse
621 6137 739 6188 vulnerat
758 6137 808 6184 eto.

530 6223 542 6256 ²
562 6227 674 6290 Vulgata
692 6221 920 6278 ceniminnouncm·
939 6227 964 6272 et
986 6219 1178 6290 ralnaounrnr;
1196 6221 1267 6274 card.
1286 6221 1363 6286 Hugo
1388 6227 1414 6272 et

460 6317 576 6380 Lyranus
595 6317 700 6380 legunt:
719 6311 749 6366 in
766 6307 896 6362 memorio
914 6307 986 6362 enim
1012 6323 1169 6364 sermonum
1190 6311 1303 6364 tuorum
1325 6311 1414 6362 cacter-

459 6401 636 6458 minobcntur
656 6401 705 6466 [lta
725 6397 803 6452 etiam
821 6397 852 6464 Α]
878 6401 904 6452 θῖ
928 6396 1050 6452 uelociter
1073 6397 1252 6454 carminatur.
1270 6425 1307 6440 ·-
1324 6397 1413 6450 Verba

452 6487 539 6566 &rnatu
558 6489 627 6542 illud
644 6481 771 6542 Psalmi...
786 6484 949 6554 poenitentes
974 6487 1155 6554 supplevimus
1183 6503 1213 6542 ex
1241 6485 1300 6540 ΑΒ.
1327 6489 1413 6538 Locus

460 6575 609 6640 scripturae
628 6582 666 6628 est
684 6577 724 6628 Ρε.
743 6573 791 6640 m,
811 6575 853 6626 ol.

529 6659 541 6690 ⁸
561 6665 634 6716 Veis.
653 6665 680 6716 3.
697 6689 734 6704 -
753 6663 876 6730 Sequitur
892 6663 932 6716 Ps.
953 6663 1016 6728 loo,
1035 6665 1078 6716 al.

529 6745 542 6776 ⁴
561 6751 634 6802 Vers.
655 6753 681 6804 8.
698 6755 723 6802 et
742 6755 767 6802 9.
786 6749 956 6804 -Subinde
975 6753 1119 6816 allegantur
1136 6753 1176 6802 Ps⁴
1191 6753 1256 6818 loo,
1275 6751 1323 6812 20:
1343 6749 1413 6802 loen.

461 6834 486 6896 l,
500 6835 509 6884 l
521 6851 527 6900 ;
541 6837 629 6888 Glossa
647 6835 791 6890 ordinaria
810 6835 850 6902 (er
869 6837 987 6904 Rabano)
1006 6843 1032 6890 et
1050 6839 1136 6890 llattb.
1155 6839 1185 6904 4,
1205 6841 1247 6894 23.
1265 6841 1305 6892 Do
1322 6833 1413 6892 distri-

459 6917 566 6974 butione
583 6923 757 6976 accommoda
775 6927 820 6974 cfr.
839 6937 919 6990 supra
937 6939 999 6990 pag.
1018 6927 1066 6988 28,
1085 6931 1146 6980 nota
1164 6927 1189 6980 7.
1241 6965 1242 6968 η

1138 591 1633 662 eouolENT.1Nssr1bNT1sll
1657 593 1688 658 C.
1713 593 1787 660 XVI.

1488 767 1647 834 morsibus
1670 773 1860 852 serpentum.
1895 769 1959 836 Sed
1986 787 2094 836 senno
2119 777 2211 846 tuns,
2236 767 2446 846 Dominc,'id

1488 879 1536 938 est
1558 873 1740 938 mandatnm
1772 873 1810 938 de
1840 881 1984 958 serpente
2015 893 2110 940 aeneo
2134 873 2273 940 faciendo
2304 877 2334 938 et
2364 873 2447 956 aspi-

1488 977 1615 1058 ciendo,
1640 979 1849 1045 Numerorum
1882 979 2030 1064 vigesimo
2057 981 2203 1066 prim0⁴=3
2226 977 2304 1068 qni,
2328 979 2446 1046 scilicet

1487 1103 1609 1164 sermo,
1634 1091 1733 1148 sonat
1763 1085 1894 1164 manin,
1917 1085 2034 1154 scilicet
2057 1103 2140 1172 quae
2162 1091 2330 1164 sanantur;
2362 1085 2445 1150 unde

1487 1189 1539 1256 bic
1562 1193 1609 1256 θεῖ
1633 1189 1822 1256 distributio
1845 1193 2079 1272 accommodo:
2110 1193 2142 1256 in
2165 1191 2303 1262 Psalmo:
2333 1215 2347 1248 (ι
2365 1189 2451 1256 alisii

1487 1295 1620 1360 verbum
1646 1311 1739 1358 suum
1766 1301 1795 1360 et
1818 1295 2061 1364 samariteos».
2084 1299 2155 1364 Vel:
2174 1297 2306 1372 Sermo,
2324 1295 2445 1360 increa-

1487 1403 1553 1478 tus,
1578 1397 1608 1464 id
1631 1403 1677 1466 est
1701 1399 1813 1478 Filius,
1836 1401 1875 1466 de
1897 1421 1961 1486 quo
1983 1403 2104 1470 loannis
2129 1403 2248 1488 primo:
2269 1427 2284 1458 r
2302 1401 2333 1466 lu
2357 1399 2444 1484 prin-

1487 1505 1569 1590 cipio
1591 1511 1659 1570 erat
1682 1505 1821 1572 Verbum
1837 1531 1868 1586 θ,
1886 1507 1944 1574 ἰεῖθ
1959 1509 2085 1586 Sermo,
2101 1509 2274 1576 secundum
2289 1505 2443 1586 Glosmm,

1492 1637 1509 1670 c
1525 1618 1615 1678 curat
1640 1629 1772 1696 corpora
1793 1619 1826 1678 θῖ
1847 1631 1866 1678 θ
1890 1613 2105 1696 spiritualibus
2122 1615 2227 1682 bestiis
2252 1615 2370 1680 animas
2395 1631 2445 1680 sa·

1486 1723 1540 1784 nat
1556 1739 1588 1796 »3
1611 1717 1758 1784 Matthaei
1781 1723 1912 1802 quarto:
1943 1719 2093 1784 «Sonans
2113 1737 2237 1786 omnem
2261 1721 2445 1804 languorem

1486 1829 1519 1890 θῖ
1540 1841 1664 1890 omnem
1688 1823 1950 1890 infirmitatem».
2418 1879 2420 1882 .

1577 1931 1675 2014 (Vers
1705 1931 1779 2012 la).
1812 1931 1860 1994 To
1889 1931 1974 1994 enim
2003 1949 2052 2008 ea,
2081 1931 2223 1996 Domine.
2250 1931 2330 1996 Bene
2357 1929 2443 2008 dixi,
2461 1939 2550 1994 Quaru-

1485 2037 1571 2122 qnod
1586 2057 1694 2102 sermo
1706 2045 1784 2102 tuus
1799 2043 1900 2102 aarum
1915 2033 2049 2112 oronim
2066 2043 2100 2100 tu
2117 2033 2203 2102 enirn
2218 2055 2270 2114 er,
2288 2035 2442 2112 Domine,

1485 2141 1602 2208 scilicet
1625 2141 1754 2210 Creator
1776 2141 1936 2220 omnium,
1959 2139 2019 2228 qui
2039 2139 2127 2204 oilae
2149 2147 2178 2204 cl
2200 2139 2318 2204 mortis
2343 2135 2443 2204 bobes

1481 2255 1689 2334 potestatem,
1714 2249 1745 2312 ld
1769 2255 1816 2314 est
1838 2245 2014 2316 vivificandi
2037 2251 2071 2312 et
2089 2243 2315 2324 mortificandi,
2330 2259 2444 2312 secun*

1484 2353 1560 2420 dum
1584 2353 1661 2420 illud
1685 2355 1777 2438 primi
1802 2357 1918 2438 Regum
1944 2351 2124 2420 socondo⁵:
2153 2349 2335 2418 «Dominus
2358 2369 2442 2414 mor-

1484 2459 1584 2524 tificat
1604 2467 1637 2524 et
1658 2459 1796 2526 vivificat
1813 2485 1828 2518 a
1848 2465 1926 2540 etc.;
1943 2459 2016 2526 ilem
2032 2459 2236 2528 Ecclesiastici
2260 2457 2441 2522 undecimo:

1490 2589 1507 2620 α
1522 2565 1602 2628 llors
1628 2571 1657 2630 θῖ
1680 2565 1745 2630 vita
1767 2585 1784 2630 a
1809 2567 1873 2630 Deo
1895 2569 1969 2630 sunt
1986 2591 2016 2630 a.

1574 2669 1633 2732 Sco
1649 2685 1795 2732 courna:
1815 2665 1894 2750 Quia
1916 2667 2033 2736 dicitur
2048 2687 2145 2754 sopra
2159 2671 2263 2756 primo
2275 2669 2307 2736 6:
2329 2697 2344 2728 c<
2356 2672 2442 2738 Deus
2458 2681 2568 2736 Quaestio·

1483 2777 1617 2838 mortem
1640 2771 1797 2838 nonieolt
1815 2799 1844 2836 ».
2211 2779 2217 2792 ‘
2270 2833 2282 2846 ,
2479 2851 2480 2854 ¹

1573 2879 1770 2962 Respondeo:
1787 2879 1969 2956 dicendum,
1988 2879 2072 2964 quod
2087 2879 2230 2962 quamvis
2252 2879 2364 2946 mortis
2378 2899 2438 2946 non
2459 2891 2522 2948 seso·

1484 2983 1524 3050 sit
1539 2983 1624 3050 Deus
1640 2999 1734 3050 causa
1749 2983 1908 3050 meritoria
1924 3001 1980 3050 nec
1997 2983 2150 3062 essiclcns;
2168 2987 2321 3070 quantum
2336 2989 2440 3052 tamen
2491 3003 2493 3008 ’

1484 3089 1523 3156 ad
1541 3089 1641 3176 ipsam
1662 3089 1869 3174 privationem
1893 3091 1988 3158 babet
2003 3097 2187 3176 potestatem
2204 3089 2332 3170 mortis,
2351 3091 2439 3176 quia,
2510 3097 2511 3100 ’

1483 3197 1555 3262 licet
1584 3213 1647 3262 non
1679 3197 1718 3262 sil
1750 3215 1854 3262 conso
1886 3197 2073 3276 mulorum,
2106 3197 2199 3266 babet
2222 3207 2326 3264 tamen
2345 3217 2441 3282 posse

1482 3321 1584 3388 samer
1605 3303 1716 3380 muln,
1742 3303 1817 3388 quia
1838 3321 1880 3368 eu
1903 3305 1949 3370 eis
1971 3303 2029 3370 scil
2054 3311 2083 3368 ot
2104 3311 2205 3388 potest
2221 3303 2332 3372 elicere
2349 3305 2440 3370 bona.

1573 3409 1616 3476 dd
1639 3409 1716 3476 illud
1748 3409 1831 3494 quod
1854 3411 2019 3488 obiicitur,
2044 3413 2128 3496 qnod
2150 3431 2237 3478 mors
2259 3429 2321 3478 non
2352 3418 2398 3478 θεῖ
2415 3407 2441 3476 'a
2458 3425 2549 3470 sonno.

1482 3521 1564 3596 Deo;
1587 3515 1771 3610 dicendum,
1796 3517 1880 3602 quod
1903 3517 1936 3606 ln
1954 3525 2061 3584 morte
2090 3525 2137 3584 θεῖ
2164 3517 2313 3604 privatio
2340 3519 2439 3596 vitae,

1482 3641 1565 3710 quae
1586 3623 1663 3688 nibil
1688 3629 1752 3702 est,
1769 3629 1800 3688 θῖ
1816 3623 1884 3688 ideo
1899 3611 2031 3696 calisam
2043 3623 2229 3710 allicientem
2244 3641 2307 3690 oon
2327 3623 2439 3702 habet,

1483 3729 1536 3796 sed
1561 3729 1658 3812 magis
1683 3729 1898 3812 deficientem·
1922 3729 2014 3808 item,
2039 3735 2086 3796 θεῖ
2110 3729 2150 3794 ibi
2172 3729 2321 3816 poenalis
2352 3727 2439 3812 ufflc'-

1482 3835 1564 3914 ctio,
1587 3851 1670 3918 quac
1693 3833 1812 3920 aliquid
1834 3839 1881 3900 θεῖ
1904 3841 1935 3900 θῖ
1957 3851 1976 3898 a
1999 3835 2063 3902 Deo
2085 3841 2150 3914 est,
2175 3837 2255 3902 iuste
2279 3833 2438 3918 infligente

1482 3957 1552 4004 cam
1574 3939 1791 4024 peccatoribus
1814 3941 1926 4006 merito
1949 3947 2150 4024 peccatorum
2175 3957 2323 4008 suorum..

1573 4047 1613 4112 Εῖ
1636 4045 1769 4112 decincis
1793 4045 1839 4112 cut
1860 4055 1976 4130 portus
2000 4047 2135 4124 mortis,
2159 4047 2191 4112 ld
2213 4047 2313 4112 estad
2330 4051 2439 4112 extre-

1481 4169 1570 4218 mum
1592 4151 1674 4218 vitae
1703 4151 1891 4230 articulum,
1916 4159 1944 4218 ct
1967 4153 2118 4232 reducis,
2141 4153 2258 4220 scilicet
2282 4153 2436 4232 sanando,

1481 4263 1518 4322 ut
1532 4245 1626 4340 ‘patet
1647 4257 1680 4322 iu
1703 4257 1849 4334 Ezechla,
1875 4259 1968 4324 lsaiae
1993 4259 2150 4344 trigesimo
2174 4265 2282 4326 octavo
2297 4259 2316 4324 ⁷.

1571 4361 1671 4446 (Vers.
1699 4363 1772 4444 lla).
1798 4361 1902 4428 Homo
1927 4371 2036 4430 nutem
2061 4371 2137 4444 etc,
2162 4367 2250 4452 quasi
2275 4365 2374 4430 dicat:
2392 4367 2436 4432 sic
2455 4377 2542 4434 Quinta·

1481 4473 1570 4550 potes
1604 4467 1795 4534 mortificare
1829 4473 1861 4532 et
1892 4467 2073 4548 vivificare3
2110 4479 2238 4550 notem,
2268 4487 2327 4552 pro
2363 4471 2437 4550 sed;

1482 4571 1577 4640 bomo
1600 4577 1701 4660 potest
1723 4573 1865 4640 occidere
1887 4591 1938 4654 se,
1962 4575 2100 4640 sednon
2124 4577 2301 4654 vivificare,
2324 4581 2357 4640 et
2378 4575 2438 4642 hoc
2468 4597 2474 4610 ·

1453 4727 1454 4730 ,
1482 4685 1528 4748 θεῖ
1553 4679 1637 4766 quod
1659 4679 1751 4746 dicit:
1767 4677 1862 4746 borno
1879 4687 2007 4760 nutem,
2025 4681 2141 4748 scilicet
2157 4685 2318 4766 peccator,
2335 4681 2438 4748 dictus

1482 4783 1576 4850 bomo
1599 4785 1638 4852 ab
1663 4785 1776 4864 humo;
1810 4787 1929 4852 occidit
1949 4787 2098 4874 quidem,
2123 4786 2153 4854 id
2177 4793 2224 4854 est
2246 4793 2349 4868 nerle,
2375 4807 2437 4872 per

1481 4891 1665 4970 molitioni,
1697 4893 1824 4976 culpae,
1858 4893 2008 4958 opimum
2030 4893 2176 4974 su·nm⁸,
2201 4901 2328 4978 propter
2354 4895 2436 4980 quod

1481 4997 1595 5064 dicitur
1619 4997 1650 5062 iu
1675 4997 1812 5062 Psalmo:
1841 5023 1858 5056 «
1874 4997 1932 5082 Qui
1955 4997 2057 5084 diligit
2077 4999 2274 5084 iniquitatem
2291 4999 2355 5066 odit
2370 4999 2436 5066 ani·
2459 4987 2460 4990 '

1481 5115 1564 5166 mam
1586 5099 1676 5168 suam
1692 5125 1722 5180 »ς
1747 5111 1794 5168 θεῖ
1816 5103 1897 5168 euim
1923 5103 2076 5170 homicida
2109 5105 2156 5172 sui
2187 5105 2303 5188 ipsius;
2327 5123 2435 5188 pecca-

1481 5207 1654 5274 tamenim
1679 5213 1725 5274 est
1748 5207 1940 5292 gladiusbis
1967 5216 2097 5288 acutus,
2126 5211 2237 5276 occidit
2258 5211 2342 5276 enim
2366 5227 2435 5276 cor-

1479 5331 1540 5398 pus
1563 5317 1594 5378 et
1614 5313 1765 5392 animam;
1784 5315 1988 5382 Ecclesiastlei
2003 5309 2151 5400 vigesimo
2168 5315 2286 5400 primo:
2309 5315 2433 5400 «Quasi

1481 5419 1650 5504 romphaea
1673 5417 1721 5486 bis
1744 5425 1835 5486 acula
1858 5421 1957 5486 omnis
1981 5421 2128 5506 iniquitas
2144 5447 2175 5486 o.
2201 5423 2241 5486 Et
2255 5441 2331 5486 eum
2348 5423 2432 5488 cnie-

1478 5525 1525 5590 rit
1547 5525 1706 5608 spiritus,
1732 5525 1848 5592 seilicet
1871 5543 1888 5592 a
1913 5543 2044 5612 corpore
2059 5543 2116 5610 per
2132 5531 2284 5606 mortem,
2300 5545 2367 5592 raon
2381 5547 2432 5594 rc-

1547 5953 1558 5984 ⁵
1577 5955 1650 6008 Vers.
1670 5957 1694 6008 6.
1714 5985 1749 5998 -
1766 5959 1827 6022 Seq.
1850 5959 1923 6008 locus
1940 5963 1980 6008 est
1997 5957 2072 6010 Eccli.
2094 5959 2139 6022 tl,
2161 5961 2208 6014 ll:
2222 5961 2281 6014 Vita
2294 5967 2318 6014 ct
2331 5975 2430 6018 mors...
2493 5973 2497 5984 ¹
2567 5973 2569 5980 ’

1475 6045 1565 6098 aDeo
1579 6045 1652 6098 sunt.
2110 6035 2111 6038 ¹
2257 6065 2258 6068 ¹

1547 6127 1558 6160 ⁶
1576 6133 1651 6186 Vers.
1672 6133 1719 6196 l3,
1739 6133 1763 6184 in
1782 6133 1857 6184 culus
1869 6133 2040 6198 explicatione
2051 6137 2140 6190 similis
2153 6139 2271 6206 quaestio
2285 6139 2367 6202 posita
2381 6145 2427 6192 est.

1547 6215 1651 6274 'Vera
1672 6221 1695 6274 l.
1715 6235 1789 6288 seqq.

1547 6305 1558 6338 ³
1576 6311 1686 6376 Vulgata
1706 6311 1803 6364 omittit
1818 6309 1940 6364 unimam
1957 6327 2052 6380 suum,
2071 6317 2144 6382 quod
2158 6317 2258 6370 babent
2277 6317 2355 6368 etlam
2378 6317 2427 6368 Ra·

1476 6395 1574 6464 bauuS,
1594 6399 1666 6452 card.
1684 6387 1759 6464 llugo
1779 6403 1805 6452 θῖ
1821 6401 1947 6464 Lyrauus.
1966 6429 2000 6440 -
2018 6405 2123 6470 isidor„
2142 6407 2185 6458 Χῖ.
2204 6407 2351 6470 Etymolog.
2363 6419 2384 6456 c.
2401 6407 2426 6458 l.

1475 6499 1501 6536 n.
1521 6485 1547 6536 l.
1561 6477 1590 6538 'el
1610 6487 1639 6540 5:
1658 6489 1744 6542 Homo
1763 6487 1862 6554 dictus,
1880 6489 1941 6554 quia
1960 6503 1995 6544 ccc
2013 6491 2096 6546 bomo
2115 6495 2223 6546 lactus..
2240 6493 2304 6544 Nam
2320 6495 2427 6558 proprie

1475 6571 1555 6626 bomo
1573 6575 1608 6626 ab
1625 6575 1718 6646 bomo.
1737 6573 1789 6626 Glr.
1808 6575 1856 6640 qq.
1874 6589 1906 6626 ex
1924 6581 2036 6644 utroque
2055 6579 2241 6650 [testamento]
2259 6581 2359 6634 mixtim
2378 6581 2428 6648 (ln-

1475 6665 1514 6712 ter
1533 6677 1613 6728 opera
1632 6661 1766 6730 August),
1787 6677 1812 6726 p.
1830 6665 1848 6716 l.
1867 6679 1893 6730 q.
1908 6667 1918 6716 l
1925 6667 1972 6718 08:
1986 6669 2014 6720 Et
2027 6669 2060 6722 ab
2073 6669 2155 6722 burno
2168 6671 2271 6732 initium
2284 6671 2426 6724 sumsimus

1475 6755 1500 6802 et
1518 6753 1574 6806 eius
1592 6755 1699 6806 nomine
1716 6765 1916 6818 nuncupamur;
1934 6755 2053 6812 domines
2071 6757 2142 6808 enlm
2167 6771 2295 6812 vocamur
2317 6763 2426 6824 propter

1475 6837 1599 6894 bornum.
1615 6869 1650 6882 -
1670 6843 1824 6908 Sequuntur
1837 6839 1876 6892 Ps.
1898 6841 1946 6904 lo,
1966 6843 1990 6894 6.
2009 6849 2035 6896 θῖ
2052 6845 2127 6898 Eccli.
2147 6845 2194 6912 al,
2215 6845 2238 6896 i.
