5934 8284
1049 561 1239 630 COMMENT,
1265 559 1300 624 lN
1325 553 1593 624 uectostastuu
1615 555 1648 620 C.
1673 555 1721 620 tx.
2333 549 2372 612 71

491 743 574 798 Primo
594 743 753 816 ostenditur,
774 739 891 812 quomodo
909 739 968 792 iude
985 735 1105 792 assuitur
1122 735 1260 792 securitas.

491 957 627 1024 Primum
644 975 720 1040 ergo
735 957 795 1022 hoc
809 951 919 1018 ordine
933 947 1145 1018 describitur:
1164 947 1267 1032 primo
1282 965 1357 1032 ergo

276 1077 384 1174 6666666
404 1067 531 1130 notatur
553 1059 747 1128 discernendi
772 1075 870 1122 rosso
892 1055 1096 1134 sollicitudo:
1112 1053 1248 1122 meando
1264 1049 1356 1132 6666,

317 1141 357 1174 '¹³'
404 1167 611 1236 discretionis
626 1161 847 1240 incertitudo:
862 1161 970 1242 tertie,
986 1157 1229 1226 incertitudinis
1243 1157 1357 1234 ratio:

404 1279 516 1358 quarto
540 1277 667 1338 notatur
689 1287 732 1336 ex
753 1269 813 1334 hoc
838 1285 944 1332 ouuoe
968 1263 1157 1332 securitatis
1178 1263 1282 1350 oripo.

295 1461 296 1464 Ἴ
492 1379 593 1464 (Vers.
617 1377 666 1440 16.
694 1361 768 1458 17.)’.
797 1373 977 1440 insinuatur
999 1371 1097 1456 igitur
1116 1371 1221 1456 primo
1241 1369 1358 1436 discer-

279 1483 496 1550 6661666661
525 1501 624 1550 cosso
654 1479 858 1560 sollicitudo,
888 1497 970 1566 quae
996 1477 1172 1544 sollicitudo
1202 1475 1358 1542 161666666-

403 1609 501 1676 666
524 1587 609 1656 uode
623 1575 719 1654 dioto:
744 1587 786 1654 Et
806 1587 951 1674 opposui
965 1603 1023 1650 cor
1039 1603 1166 1662 meam,
1181 1581 1290 1662 idest,
1311 1581 1359 1646 iu-

404 1693 561 1762 telleotum
586 1693 742 1778 applicui;
766 1701 804 1758 ut
824 1691 943 1758 scirem
966 1689 1182 1776 eopimtiom,
1205 1693 1358 1774 quantum

404 1799 442 1866 ad
466 1797 701 1878 invisibilium
733 1799 942 1886 1666666666
975 1795 1215 1862 distinctionem
1243 1813 1358 1860 eorum

405 1925 489 1992 quoe
509 1913 690 1972 versantur
713 1907 748 1974 iu
764 1913 873 1984 terro,
890 1905 1043 1990 quantum
1059 1899 1264 1980 adalsinda,
1286 1899 1360 1986 quia

404 2011 442 2076 ad
467 2013 790 2096 nomanosprim01:
818 2007 1017 2078 «invisibila
1047 2007 1101 2074 Dei
1133 2025 1188 2092 per
1221 2023 1360 2090 eaquae

405 2115 484 2182 lacta
506 2121 598 2196 6666,
620 2135 639 2182 6
662 2123 807 2184 creatura
838 2113 946 2182 mundi
983 2111 1138 2180 intellecta
1165 2111 1360 2196 6666616166

405 2223 624 2290 6666661666
640 2223 814 2290 sollicitudo
830 2241 929 2286 66666
944 2225 1000 2298 666,
1019 2219 1102 2304 quia,
1118 2223 1359 2304 quantumcum-

407 2348 468 2415 que
491 2331 585 2396 bomo
608 2329 746 2410 laboret,
768 2347 832 2394 uon
855 2333 957 2412 potest
978 2325 1135 2406 invenire3
1154 2327 1222 2394 ideo
1237 2325 1359 2392 subdit:

407 2437 465 2502 Est
488 2433 600 2514 domo,
623 2433 682 2520 qui
704 2433 817 2500 diebus
841 2439 870 2498 et
890 2431 1041 2498 noctibus
1054 2451 1209 2498 somnum
1224 2451 1290 2496 uon
1304 2451 1360 2498 oo-

402 2539 453 2624 666
476 2537 598 2616 ocutis,
621 2537 718 2604 immo
740 2537 861 2604 laborat
884 2539 1032 2604 continue
1053 2537 1094 2604 ad
1115 2535 1359 2624 inquirendum;

307 2657 308 2660 ’
407 2663 502 2730 supra
526 2643 638 2712 tertio:
668 2671 684 2704 a
699 2643 768 2712 Vidi
798 2643 1015 2724 afflictionem,
1048 2661 1142 2730 quam
1166 2643 1248 2712 dedit
1278 2645 1360 2710 Deus

407 2751 480 2820 tiliis
502 2751 683 2832 bominum,
707 2757 743 2820 ut
766 2751 984 2818 distendantur
1006 2751 1040 2816 in
1067 2769 1105 2818 ea
1119 2775 1151 2830 6;
1179 2757 1212 2816 66
1234 2751 1359 2816 subdit:

413 2885 428 2916 o
443 2857 561 2924 Cuncta
583 2857 657 2924 16616
678 2859 759 2924 bona
782 2863 812 2924 et
834 2859 987 2924 mundum
1012 2857 1137 2924 tradidit
1160 2855 1361 2940 disputationi

407 2983 516 3030 eorum
536 2989 564 3042 »3
597 2969 627 3030 66
651 2963 722 3030 11666
742 2969 864 3030 666666
888 2965 1026 3042 laboret,
1049 2963 1128 3030 nibil
1160 2961 1292 3048 proficit.
1318 3001 1360 3012 --

1419 729 1490 798 ideo
1521 731 1648 798 subdit:
1679 733 1721 798 Et
1751 729 1911 808 irotelieori,
1943 729 2031 818 quod
2060 723 2209 792 omnium
2239 741 2378 810 oportun

1421 837 1482 902 Dei
1501 837 1629 902 nuttam
1651 835 1755 922 possit
1772 831 1864 902 domo
1882 835 2029 902 inuenire
2048 831 2228 924 rationem,
2245 849 2377 906 eorum,

1420 941 1537 1008 66111666
1567 957 1719 1026 operum,
1751 961 1836 1030 quoe
1864 941 1954 1026 dunt
1973 941 2034 1008 sub
2066 931 2375 1016 666;Εο61661666161

1420 1047 1660 1130 quadragesimo
1682 1047 1799 1112 6666161
1815 1071 1823 1112 :
1844 1073 1859 1104 (ι
1876 1047 1918 1114 Ne
1934 1045 2098 1126 laboretis,
2116 1063 2178 1110 noo
2195 1041 2277 1110 6616
2293 1057 2378 1106 com-

1420 1149 1667 1234 66611666166166.
1694 1153 1734 1214 ut
1757 1157 1881 1238 quanto
1901 1149 1979 1236 pius
2004 1149 2204 1218 laboraverit
2218 1149 2265 1216 ud
2279 1163 2379 1236 6666-

1420 1253 1581 1332 reudum,
1613 1261 1705 1320 66666
1735 1255 1850 1320 minus
1881 1255 2038 1334 66666166
2063 1257 2145 1322 unde
2175 1255 2209 1320 in
2236 1253 2377 1320 Psalmo:

1425 1385 1442 1416 o
1458 1359 1589 1428 decedet
1610 1359 1705 1426 bomo
1727 1359 1767 1426 ad
1787 1377 1842 1426 cor
1856 1359 1974 1438 altum,
1991 1367 2022 1426 et
2037 1359 2230 1428 exaltabitur
2246 1361 2330 1426 Deus
2344 1385 2377 1436 6,

1421 1465 1453 1530 id
1483 1471 1531 1530 est
1555 1465 1779 1550 6166666166,
1805 1465 2019 1548 Augustinus:
2054 1491 2071 1524 o
2087 1467 2172 1532 ditus
2204 1473 2251 1534 666
2273 1467 2378 1544 Deus;

1421 1573 1526 1638 elevas
1547 1577 1596 1650 66,
1619 1577 1652 1638 66
1673 1569 1753 1656 sugit
1769 1591 1787 1638 a
1802 1577 1853 1650 te;
1871 1569 2019 1638 humilias
2035 1577 2082 1650 te,
2099 1571 2229 1638 eivenit
2246 1571 2283 1638 ad
2300 1577 2331 1638 te
2346 1597 2377 1634 6.

1423 1677 1581 1744 Etiamsi
1595 1677 1719 1744 disserit
1731 1677 1885 1762 666666,
1901 1695 1935 1742 se
1950 1695 2058 1752 nosse,
2076 1695 2143 1742 666
2153 1677 2275 1762 poterit
2288 1669 2379 1762 repe-

1421 1783 1511 1860 rire,
1535 1783 1566 1848 id
1589 1787 1653 1860 est,
1670 1783 1695 1848 si
1712 1799 1744 1848 66
1769 1781 1874 1848 credat
1890 1781 1986 1860 scire,
2003 1779 2108 1848 miuus
2129 1781 2287 1866 intelligit,
2305 1781 2380 1868 quia

1421 1889 1537 1956 dicitur
1548 1889 1588 1956 ad
1598 1889 1753 1956 Romanos
1769 1887 1870 1974 primo
1883 1887 1913 1954 ³:
1936 1887 2163 1966 obtrectasse
2178 1891 2380 1974 essesapieu-

1423 2001 1487 2072 666,
1503 1995 1591 2060 666111
1606 1991 1677 2060 16661
1695 1999 1770 2060 6666
1782 2017 1811 2072 6;
1837 2009 1933 2078 supra
1949 1993 2096 2076 septimo:
2117 2019 2134 2050 «
2150 1993 2241 2058 Dixi:
2258 1993 2381 2076 sapiens
2478 2001 2479 2004 ’
2502 2001 2503 2004 ’

1423 2099 1557 2178 efficiar,
1576 2107 1606 2166 66
1622 2099 1689 2184 ipsa
1705 2099 1829 2184 lougius
1850 2085 1979 2166 recessit
1995 2119 2015 2166 a
2029 2115 2081 2166 me
2092 2125 2121 2164 6.
2140 2099 2175 2166 Et
2192 2097 2304 2184 repetit
2320 2099 2380 2166 sol-

1422 2204 1626 2282 licitudiuem,
1643 2204 1770 2284 addens
1785 2205 1868 2290 quod
1885 2205 2115 2280 salicurtem:
2132 2203 2279 2272 adhibere
2294 2203 2379 2268 enirn

1423 2309 1680 2388 sollicitudinem,
1712 2309 1769 2376 ubi
1790 2329 1853 2376 666
1877 2315 1923 2376 666
1946 2309 2082 2388 utilitas,
2105 2315 2153 2376 666
2179 2307 2379 2376 curiositas&

1514 2415 1584 2482 Ideo
1605 2415 1696 2482 dicit:
1724 2415 1845 2482 Omuiu
1868 2413 1948 2482 doec
1970 2415 2115 2484 tractavi
2129 2417 2164 2482 iu
2180 2415 2277 2484 corde
2291 2433 2380 2496 meo,

1424 2529 1463 2586 ut
1485 2519 1694 2608 intell-iporeae
1718 2519 1893 2598 curiose⁵;
1915 2525 1947 2586 66
1973 2523 2032 2588 boc
2060 2522 2301 2604 reprehenditur
2326 2521 2381 2586 Ec-

1424 2625 1586 2694 clesiastici
1610 2625 1749 2692 tertioi:
1772 2628 1838 2694 «16
1860 2625 2064 2712 supervacuis
2088 2627 2182 2694 rebus
2206 2627 2268 2694 noli
2291 2645 2382 2694 scru-

1423 2733 1483 2798 tari
1504 2733 1659 2812 multum,
1682 2739 1715 2800 et
1736 2733 1770 2800 in
1791 2733 1938 2820 pluribus
1960 2733 2108 2818 operibus
2132 2733 2200 2802 eius
2221 2753 2262 2802 ne
2283 2733 2383 2802 tueris

1424 2837 1569 2904 cariosus
1586 2865 1614 2904 ».
1640 2839 1675 2904 Et
1691 2839 1735 2904 sic
1751 2837 2061 2924 patet'distiuguendi
2085 2839 2276 2918 sollicitudo,
2300 2857 2382 2924 quae

1424 2941 1483 3012 suit
1505 2943 1646 3030 dilipoos
1667 2949 1699 3010 et
1723 2963 1841 3024 cosso,
1865 2949 1896 3012 et
1919 2943 1988 3012 ideo
2013 2943 2157 3012 curioso.

1271 3213 1452 3278 Carrruuun
1475 3213 1522 3276 tn.

497 3461 598 3542 (Vers.
626 3461 677 3542 6.).
702 3459 789 3526 Sunt
811 3459 893 3526 iusti
914 3469 1010 3548 utque
1033 3461 1194 3546 sopientes
1211 3465 1268 3528 666.
1286 3463 1365 3528 Tau-

257 3575 388 3622 secunaum.
409 3565 767 3650 61666616666666166,
792 3565 909 3632 66111666
931 3565 1138 3632 discretionis
1158 3567 1362 3632 incertitudo.

411 3671 505 3738 Homo
521 3669 605 3738 enim
621 3669 660 3736 de
674 3687 706 3736 se
722 3669 790 3756 ipso
805 3669 922 3750 666616,
938 3677 1047 3738 atrurn
1064 3669 1104 3736 sit
1127 3673 1223 3738 bomo
1244 3669 1364 3750 66666,

410 3779 459 3842 uel
486 3777 606 3856 malus,
629 3777 722 3842 etiam
744 3777 810 3860 ipse
833 3777 943 3842 bonus.
971 3775 1135 3860 Propterea
1158 3777 1250 3842 dicit:
1282 3777 1366 3844 Sunt

411 3883 493 3950 iusti
517 3889 614 3970 utque
635 3883 814 3968 sopientes,
840 3887 870 3948 66
892 3881 935 3948 ila
958 3881 1052 3960 boni;
1076 3891 1106 3948 et
1126 3901 1228 3968 opero
1249 3903 1365 3950 eorum

411 3989 445 4058 in
462 4005 564 4056 mauu
590 3989 665 4068 Dei,
688 3989 721 4056 id
742 3993 803 4068 666,
819 3987 1020 4072 inpotestate
1041 3989 1261 4074 cognoscendi,
1278 4009 1365 4056 acce-

411 4095 516 4182 piandi
540 4101 570 4162 et
594 4093 796 4162 retribuendi.
824 4093 858 4158 ln
881 4093 949 4160 eius
977 4111 1072 4160 mauu
1097 4101 1171 4162 sunt
1192 4095 1311 4162 turrito
1336 4101 1367 4164 et

245 4211 394 4308 ltertttgorou-
408 4201 572 4288 praemio.
599 4203 677 4266 Sunt
697 4199 810 4266 merita
833 4199 987 4266 bonarum
1011 4199 1267 4286 capitationem
1292 4203 1364 4268 Pro-

346 4293 352 4308 ’
412 4307 592 4374 rerbiorum
616 4305 763 4392 vigesimo
785 4305 886 4390 primo
900 4305 933 4372 ⁷:
955 4333 972 4364 «
988 4305 1073 4374 Sicut
1089 4305 1254 4374 divisiones
1270 4327 1365 4392 aqua-

412 4431 502 4494 rurn,
527 4413 569 4480 ita
593 4431 647 4480 cor
670 4413 751 4500 regis
774 4413 806 4478 in
833 4431 930 4480 manu
952 4413 1073 4478 Domini
1091 4439 1120 4476 6.
1147 4413 1225 4480 Sunt
1254 4413 1367 4482 merita

414 4521 566 4588 bonarum
590 4515 819 4606 affectionunm
835 4521 993 4586 Psalmus:
1015 4545 1031 4578 (ε
1047 4519 1079 4584 16
1097 4539 1189 4586 16666
1208 4519 1366 4586 61666666

412 4643 519 4692 66666
546 4625 624 4692 fines
656 4629 756 4692 terrae
773 4651 803 4690 6.
828 4625 908 4692 Sunt
929 4625 1022 4692 etiam
1047 4625 1201 4692 bonarum
1234 4623 1367 4692 6666666-

412 4751 492 4798 666
502 4755 515 4809 ,·
540 4731 712 4814 Sapientiae
736 4729 888 4814 septimo:
919 4755 933 4788 «
950 4731 984 4796 16
999 4749 1096 4798 manu
1111 4731 1201 4798 iltius
1217 4737 1316 4798 66666
1337 4737 1366 4798 66

413 4851 570 4904 sermones
595 4835 692 4902 nostri
710 4863 740 4900 ».
756 4835 836 4900 Sunt
858 4835 949 4902 etiam
976 4835 1223 4920 operationum,
1239 4835 1320 4904 sicut
1336 4837 1367 4902 iu

414 4943 580 5028 proposito.
596 4941 1182 5028 866666161666666661666666166;
1196 4941 1368 5028 Sapientiae

414 5049 522 5116 tertio:
542 5048 728 5114 «Iustorum
743 5049 865 5114 animae
880 5047 913 5112 in
928 5065 1025 5114 manu
1041 5049 1096 5114 Dei
1112 5055 1185 5114 suot
1202 5073 1233 5126 6;
1249 5055 1282 5114 66
1296 5067 1369 5115 666

416 5153 524 5222 616616
540 5169 635 5220 mauu
652 5151 718 5232 Dei,
735 5153 849 5220 debent
863 5153 958 5220 nosci.
974 5155 1013 5218 616
1030 5161 1138 5220 tumeo
1150 5151 1249 5220 nescit
1262 5151 1367 5232 domo,

414 5265 528 5326 utrum
552 5275 683 5334 umore,
703 5277 749 5336 uu
764 5257 839 5322 odio
855 5257 978 5342 dipuus
998 5259 1059 5336 sit,
1085 5265 1115 5326 et
1138 5259 1180 5324 ita
1203 5259 1301 5324 666616
1323 5259 1368 5326 di-

416 5383 580 5444 soernere;
605 5361 779 5448 primaead
794 5361 971 5430 Corinthios
992 5371 1125 5446 quarto:
1157 5361 1270 5430 «Nihil
1292 5363 1369 5446 mihi

416 5471 557 5540 conscius
572 5487 661 5550 sum,
678 5469 732 5536 sed
746 5487 807 5536 noo
833 5467 865 5532 in
888 5467 946 5534 boc
970 5467 1157 5534 iustificatos
1178 5485 1248 5534 sum
1267 5493 1283 5526 6
1310 5475 1368 5536 666.

503 5579 604 5662 (Vens
629 5579 684 5658 2.).
709 5575 771 5644 Sed
803 5575 915 5640 omniu
939 5575 977 5676 in
998 5571 1157 5660 futurarm
1179 5581 1368 5640 seruantur.

1427 3479 1509 3546 quae
1532 3459 1675 3546 66666616
1698 3479 1739 3528 ea
1764 3463 1841 3540 boc,
1865 3461 1950 3548 quod
1973 3463 2005 3528 iu
2028 3463 2183 3548 praesenti
2205 3463 2382 3530 66611666-

1427 3567 1604 3632 muneratio
1628 3567 1800 3632 secundum
1824 3567 1953 3648 merita,
1976 3569 2031 3636 sed
2053 3571 2383 3636 6666666666161666-

1427 3687 1512 3736 rum.
1526 3673 1560 3736 Et
1572 3677 1738 3756 propterea
1754 3671 1830 3738 dicit
1844 3671 1908 3738 ita:
1925 3673 2035 3740 Nescit
2048 3669 2174 3740 domo...
2193 3675 2258 3742 Sed
2271 3675 2385 3744 omorio

1427 3775 1466 3840 iu
1493 3773 1652 3860 futurum
1681 3785 1861 3842 seruantur
1892 3777 2035 3858 incerto,
2068 3783 2103 3844 ut
2132 3779 2247 3846 66111666
2270 3781 2384 3846 6666111-

1428 3887 1561 3960 centur3
1587 3879 1708 3966 primae
1723 3881 1761 3946 ad
1778 3881 1955 3948 Corinthios
1977 3883 2137 3966 quartossz
2158 3909 2173 3942 o
2191 3883 2288 3952 Nolite
2312 3892 2384 3952 ante

1428 3991 1553 4070 tempus
1569 3985 1726 4064 iudicare,
1742 3987 1950 4072 quoadusque
1965 3989 2068 4056 666166
2084 3987 2251 4068 Dominus,
2275 3991 2330 4074 qui
2352 3997 2385 4056 et

1428 4089 1617 4158 illuminabit
1632 4089 1812 4160 asbscondita
1829 4093 2030 4160 tenebrarum
2045 4099 2078 4158 66
2092 4095 2299 4162 manifestabit
2312 4113 2386 4162 con-

1430 4197 1502 4262 silia
1530 4197 1670 4264 cordium
1687 4223 1718 4276 »;
1751 4197 1836 4284 quod
1859 4197 1983 4284 quidem
2009 4197 2100 4264 modo
2123 4217 2185 4266 uon
2210 4199 2298 4278 iacit,
2332 4199 2385 4266 sed

1430 4311 1589 4384 reservat,
1613 4305 1786 4370 secundum
1817 4305 1896 4370 illud
1925 4303 2120 4372 66666166
2144 4305 2385 4392 6666666681-

1429 4409 1531 4494 gnasti
1553 4411 1644 4496 quasi
1666 4411 1696 4476 16
1723 4413 1846 4478 sacculo
1868 4411 1979 4478 delicta
1996 4437 2027 4494 »3
2054 4419 2087 4478 66
2108 4413 2152 4478 166
2174 4413 2385 4498 inpraesenti

1430 4515 1535 4582 omnia
1556 4523 1631 4584 sunt
1654 4515 1685 4582 16
1710 4517 1842 4584 occulito.
1866 4517 1904 4584 Et
1925 4519 2093 4586 subditur:
2127 4521 2171 4584 Eo
2194 4519 2281 4606 quod
2312 4517 2387 4584 uui-

1429 4641 1529 4688 66666
1551 4641 1653 4712 oeque
1674 4625 1826 4692 eueniunt
1847 4623 1934 4690 inesto
1951 4633 1979 4692 et
1991 4625 2094 4710 impio
2109 4631 2186 4706 etc.;
2209 4625 2385 4706 oonioerou,

1430 4731 1512 4796 bona
1546 4737 1577 4796 66
1607 4731 1708 4810 mala,
1740 4749 1842 4820 nequo
1872 4733 2025 4798 comdant
2053 4731 2137 4800 iusto
2159 4737 2190 4798 et
2213 4731 2385 4818 peccatori,

1430 4853 1511 4922 quos
1534 4837 1594 4902 sub
1622 4853 1680 4902 sen
1713 4835 1896 4904 differentiis
1917 4835 2076 4904 describit.
2100 4839 2191 4902 Iusto
2215 4843 2242 4902 66
2266 4835 2385 4922 impio,
2404 4851 2520 4914 saxosos·

1431 4941 1536 5026 quoad
1556 4941 1635 5026 fidoi
1658 4943 1912 5022 6666666666,
1925 4961 2006 5028 quae
2030 4941 2147 5010 66111666
2167 4943 2315 5010 iustificat
2330 4943 2388 5010 im-
2405 4911 2510 5002 6111ιὲῗῇ

1431 5047 1539 5130 pium;
1555 5049 1698 5114 Habacuc
1716 5049 1877 5116 666666169
1893 5073 1900 5114 :
1918 5075 1934 5106 o
1947 5049 2049 5116 iustus
2065 5049 2095 5114 in
2113 5049 2172 5116 fide
2190 5067 2247 5116 sua
2263 5047 2339 5114 vivit
2353 5075 2385 5116 66.

1432 5155 1525 5220 Bono
1538 5161 1566 5220 et
1577 5153 1676 5232 mulo,
1690 5161 1845 5238 quantum
1859 5155 1898 5220 ad
1910 5155 2091 5222 dilectionis
2098 5157 2297 5238 pluritatem,
2312 5157 2387 5240 quia
2404 5171 2511 5216 6666666.

1432 5265 1540 5324 666666
1554 5259 1678 5326 dilectio
1694 5257 1813 5326 bonum
1837 5259 1926 5336 iacit:
1945 5259 2089 5328 blattbaei
2105 5259 2254 5346 septimo:
2277 5287 2292 5318 «
2303 5261 2387 5328 Bona

1431 5361 1527 5428 arbor
1550 5381 1613 5430 666
1636 5369 1737 5446 666666
1760 5367 1858 5430 malos
1880 5365 2004 5432 fructus
2031 5365 2178 5430 166666»,
2213 5367 2388 5432 61661666

1432 5467 1616 5546 immundo,
1631 5469 1734 5552 quoad
1745 5469 2004 5536 conversationis
2016 5469 2211 5538 honestatem
2216 5497 2227 5552 ;
2240 5473 2291 5538 1116
2303 5473 2387 5538 6616
2405 5491 2483 5534 666.

1432 5573 1605 5640 attenditur
1617 5571 1701 5640 circa
1714 5575 1871 5640 exteriora
1882 5625 1890 5652 ‚
1903 5577 2016 5646 Tobiae
2028 5581 2185 5664 quorsom.
2200 5579 2390 5646 laomedonti

287 5691 392 5738 666166·
416 5685 546 5754 Notatur
575 5685 627 5750 hio
659 5685 806 5762 tertium,
838 5681 953 5750 scilicet
984 5671 1229 5748 incertitudinis
1260 5681 1368 5760 ratio,
1400 5675 1404 5756 Ι
1432 5677 1557 5748 dostios
1572 5689 1602 5746 66
1616 5679 1770 5746 uictimas
1792 5687 1820 5748 ot
1842 5681 2015 5768 sacrificio
2030 5687 2261 5766 6666666661,
2285 5687 2388 5772 quoad

487 6083 495 6114 ¹
515 6087 591 6138 vers.
606 6087 647 6138 oo.
661 6115 695 6124 -
706 6087 855 6152 sequuntur
868 6069 948 6138 scon.
964 6087 993 6148 3,
1008 6087 1055 6138 oo:
1065 6087 1125 6138 666
1135 6087 1369 6150 autesiodorum„

416 6177 441 6226 et
459 6173 507 6224 ll:
525 6171 624 6226 Cuncta
643 6177 692 6224 etr.
768 6187 775 6198 “

487 6257 590 6312 ’Vens
620 6261 664 6312 31.
689 6291 726 6300 -
752 6265 812 6330 Seq.
840 6265 913 6316 loeus
934 6269 974 6316 est
990 6263 1032 6314 Ps.
1051 6261 1099 6328 63,
1116 6263 1143 6314 7.
1163 6269 1188 6316 66
1208 6265 1233 6314 8.
1251 6245 1370 6330 666666,

418 6351 501 6402 Seruo.
515 6347 573 6400 177.
588 6345 613 6396 16
626 6347 780 6412 appendice
794 6349 865 6416 (alias
884 6351 945 6402 675.
964 6351 996 6404 de
1016 6349 1157 6414 Tempore)
1176 6365 1202 6402 6.
1221 6351 1250 6400 i:
1274 6351 1371 6402 «Altus

416 6441 550 6504 66611666,
567 6435 691 6504 66161666,
705 6443 731 6488 et
743 6439 834 6500 lugita
850 6445 886 6506 te;
900 6437 1020 6492 humilias
1034 6445 1065 6500 66,
1079 6447 1104 6490 66
1117 6439 1251 6490 descendit
1264 6441 1298 6492 ad
1310 6445 1336 6492 te
1346 6461 1370 6492 6.
1385 6443 1386 6446 ’

419 6525 512 6578 Eadem
533 6521 657 6580 sententio
677 6523 812 6576 exhibetur
830 6525 857 6576 iu
874 6527 990 6578 Enarrat.
1012 6525 1040 6576 iu
1067 6527 1109 6578 l‘s.
1136 6525 1180 6578 33.
1208 6533 1318 6580 enarrat.
1346 6531 1371 6580 6.

417 6627 444 6666 6.
462 6615 510 6678 233
530 6613 618 6666 inPs.
636 6611 680 6664 50.
698 6625 723 6662 u.
743 6611 792 6672 2¹3
811 6611 837 6662 iu
855 6613 895 6664 l‘s,
914 6613 957 6666 71.
978 6627 1002 6664 6.
1023 6615 1052 6678 ‘23
1072 6613 1099 6664 in
1117 6615 1158 6664 l‘s.
1179 6613 1224 6664 85.
1246 6627 1273 6666 u.
1298 6617 1322 6666 7,
1348 6621 1372 6666 66

418 6701 442 6752 16
461 6703 503 6754 Ρ6.
523 6699 581 6754 aaa
602 6715 627 6752 6.
648 6699 690 6750 11.
794 6713 795 6716 ’

488 6787 498 6818 ³
516 6791 593 6842 Vers.
611 6791 654 6840 62.
672 6817 706 6826 -
727 6787 849 6852 Sequitur
866 6789 947 6838 Ecale.
966 6789 995 6852 7,
1016 6789 1057 6840 il.
1141 6825 1143 6830 -

488 6875 499 6906 ⁴
518 6877 569 6930 Cir.
589 6891 669 6942 supra
688 6891 750 6942 pag.
770 6875 816 6936 18,
836 6879 894 6926 6666
915 6875 936 6924 6.

1503 6081 1515 6112 ⁵
1535 6085 1600 6138 Cum
1619 6083 1742 6136 omnibus
1762 6085 1854 6148 codd,
1874 6087 1984 6150 llugoue
2008 6101 2022 6138 a
2040 6087 2067 6138 S.
2089 6087 2172 6138 Charo
2192 6093 2217 6140 66
2234 6091 2337 6152 Lysone
2354 6093 2390 6138 at-

1433 6173 1575 6226 tribuimus
1594 6171 1689 6224 verba:
1721 6171 1819 6226 Omnia
1838 6171 1903 6228 1666
1921 6179 1971 6226 etc.
1990 6189 2048 6240 cap.
2069 6177 2129 6240 llll,
2148 6191 2172 6226 s.
2195 6175 2244 6238 tt;
2264 6175 2311 6226 sed
2331 6177 2390 6226 Vitl-

1434 6267 1494 6324 gata
1514 6261 1611 6314 eisdem
1632 6259 1722 6324 incipit
1739 6273 1797 6324 cap.
1823 6261 1865 6312 lX.

1505 6347 1517 6378 θ
1535 6351 1610 6402 Vers.
1630 6347 1673 6398 26.
1691 6349 1740 6398 Pro
1759 6349 1876 6402 666666
1896 6355 1920 6400 66
1937 6363 1971 6402 ue
1982 6345 2068 6416 soteris
2083 6351 2192 6414 Vartgota
2206 6347 2389 6414 ruodtr'piicitor

1433 6443 1460 6490 et
1478 6451 1533 6490 non
1550 6435 1614 6490 eris
2262 6477 2265 6482 .

1505 6521 1610 6578 711666.
1632 6525 1657 6574 1.
1674 6553 1711 6560 -
1730 6525 1879 6590 Sequuntur
1899 6527 1938 6576 l‘s.
1958 6525 2004 6590 ot,
2027 6525 2054 6588 i3
2075 6527 2137 6588 Sap,
2156 6525 2186 6588 7,
2207 6525 2248 6576 ib.
2268 6531 2292 6578 66
2309 6527 2338 6592 3,
2358 6529 2388 6590 l:

1433 6615 1451 6666 1.
1472 6613 1533 6666 Cor.
1551 6611 1581 6678 6,
1602 6611 1623 6662 l.

1505 6697 1610 6752 ⁸Vers.
1630 6697 1656 6750 5.
1674 6727 1710 6736 —
1728 6701 1788 6764 Seq.
1805 6699 1878 6750 locus
1898 6705 1935 6750 est
1955 6699 1998 6750 lob
2019 6699 2065 6764 ld,
2087 6699 2129 6750 67.
2150 6769 2151 6772 ¹

1505 6787 1518 6816 ⁹
1537 6789 1611 6840 l'ers.
1632 6787 1657 6838 1.
1674 6817 1710 6824 -
1729 6787 1850 6854 Sequitur
1868 6789 1956 6840 blattlr.
1973 6789 2004 6854 7,
2026 6789 2067 6840 68.
2092 6837 2093 6840 ,

1507 6873 1530 6906 ¹⁰
1549 6879 1575 6928 16
1596 6879 1644 6928 boc
1664 6875 1777 6940 capitulo
1795 6877 1891 6928 dantur
1909 6875 1941 6930 sle
1961 6879 2010 6930 boc
2029 6879 2103 6944 6166
2122 6879 2288 6932 documenta.
