5916 8276
356 1391 372 1472 st

548 561 549 566 ’
591 565 654 628 556

589 739 752 824 operarius
767 739 837 804 cibo
854 757 911 804 suo
923 763 952 818 »3
972 739 1062 822 quasi
1077 737 1177 806 dicat:
1194 745 1226 804 et
1241 739 1416 818 uon-alius;
1433 753 1544 806 secun-

589 845 646 910 dae
670 845 708 910 ad
733 843 1021 910 Thessalonicenses
1045 843 1176 908 ultimo:
1197 869 1213 900 «
1231 841 1258 908 Si
1284 841 1355 926 quis
1384 839 1446 908 non
1477 843 1545 908 uult

590 949 732 1036 operari,
755 967 817 1014 non
842 949 1010 1018 manducet
1022 949 1191 1028 »3Genesis
1217 949 1325 1016 tertio:
1344 949 1405 1012 «ln
1429 949 1544 1020 sudore

438 1067 567 1112 secudum·
590 1057 698 1124 vultus
720 1055 765 1122 tui
791 1057 926 1122 vescens
947 1073 1029 1140 pane
1052 1061 1149 1122 tuo».
1169 1092 1210 1104 —
1227 1055 1319 1132 item,
1337 1055 1476 1122 modeste
1497 1063 1545 1122 θεῖ

588 1159 821 1246 accipiendum
849 1161 1017 1228 Ezechielis
1048 1165 1179 1246 quarto:
1209 1159 1335 1228 «Cibus
1363 1167 1455 1240 tuus,
1480 1179 1544 1246 quo

518 1331 519 1334 ,
591 1267 742 1346 vesceris,
765 1267 825 1332 erit
858 1267 888 1330 iu
920 1267 1057 1350 pondere
1088 1267 1196 1352 viginti
1223 1271 1353 1334 stateres
1374 1267 1407 1332 in
1430 1267 1544 1346 die;a

590 1379 730 1458 tempore
752 1389 855 1458 usque
876 1371 918 1438 ad
938 1377 1064 1456 tempus
1088 1371 1230 1438 comedes
1253 1371 1330 1438 illud
1344 1395 1374 1452 ³³3
1391 1371 1481 1458 quasi
1496 1371 1543 1438 di-

589 1483 655 1544 cat:
670 1471 821 1542 'comedes
837 1475 882 1542 ad
908 1477 1030 1562 pondus
1052 1483 1083 1542 et
1107 1477 1144 1542 ad
1169 1483 1313 1562 tempus;
1341 1475 1544 1544 Ecclesiastici

586 1585 747 1670 trigesimo
770 1583 920 1668 septimo:
948 1607 965 1642 «
981 1583 1048 1648 Noli
1070 1601 1139 1650 esse
1163 1585 1273 1652 auidus
1295 1585 1326 1650 in
1352 1573 1434 1650 omni
1467 1601 1544 1666 epu-

590 1689 720 1768 latione,
737 1693 767 1756 et
783 1707 845 1754 non
862 1693 891 1754 te
908 1687 1050 1756 effundas
1071 1707 1168 1774 super
1191 1707 1314 1756 omnem
1340 1707 1440 1756 escam
1455 1715 1486 1754 ».
1498 1725 1544 1738 -·-

348 1807 351 1810 ·
464 1807 565 1852 Tertium·
590 1797 681 1876 item,
704 1795 882 1862 liberaliter
914 1801 960 1862 est
989 1795 1263 1876 distribuendum
1298 1800 1472 1882 quocontra
1503 1795 1543 1864 de

587 1921 697 1982 auaro,
714 1903 769 1970 loh
784 1901 932 1986 vigesimo
945 1903 976 1968 1:
1004 1929 1021 1962 «
1037 1903 1103 1972 Non
1125 1903 1277 1972 remansit
1298 1903 1337 1970 de
1361 1903 1429 1970 cibo
1453 1903 1541 1980 eice,

587 2017 753 2096 propterea
776 2007 856 2074 nihil
878 2010 1053 2077 remanebit
1067 2011 1107 2080 de
1121 2011 1212 2080 honis
1228 2011 1296 2080 eius
1307 2035 1338 2074 a.
1356 2009 1542 2094 Exemplum

585 2117 624 2184 de
647 2115 741 2182 diuite
764 2115 915 2200 epulone,
938 2117 1041 2184 Lucae
1062 2117 1183 2184 decimo
1208 2121 1306 2184 sexto.

675 2221 705 2290 3.
730 2221 818 2288 Circa
844 2221 947 2290 cibum
965 2223 1134 2290 cornaleto
1152 2221 1290 2300 attende,
1306 2239 1407 2306 quare
1420 2219 1542 2306 fugien-

422 2323 567 2436 ,gigqffggffi
586 2329 663 2398 dus:
686 2329 759 2416 quia
785 2329 997 2434 comedentem
1022 2329 1123 2396 reddit
1147 2347 1301 2414 aponum,
1327 2345 1363 2394 eo
1388 2325 1471 2410 quod
1494 2325 1542 2392 ui-

476 2425 570 2490 hilo?
587 2437 644 2506 mis
674 2443 722 2504 θεῖ
751 2437 890 2516 venalis3
916 2435 1113 2502 Thronorum
1137 2433 1283 2520 primol:
1312 2431 1452 2498 «Omnis
1487 2449 1542 2516 po·

585 2545 681 2628 pulus
703 2559 830 2630 gemens
853 2546 884 2608 θῖ
908 2557 1062 2626 quaerens
1086 2557 1215 2626 panem;
1236 2539 1391 2616 dederunt
1407 2537 1543 2622 pretiosa

586 2669 730 2736 quaeque
761 2665 819 2732 pro
841 2647 920 2714 ,cibo
952 2647 990 2712 ad
1022 2645 1252 2712 refocillandam
1284 2643 1419 2708 animam
1436 2669 1467 2708 ».
1499 2679 1541 2710 .-

447 2755 803 2824 80011θεῖεΟοῖῖῖθῖῖθῖῖῖθῖῖῖ
826 2751 900 2818 iacit
925 2749 1158 2826 immundum·
1188 2755 1236 2816 est
1266 2747 1350 2814 enim
1380 2747 1541 2830 pollutus;

585 2859 710 2928 Levitici
733 2857 915 2926 undecimo:
944 2855 1085 2920 «Omnis
1107 2855 1215 2932 cibus,
1238 2869 1334 2938 quem
1356 2851 1540 2932 comedetis,

585 2967 609 3034 si
632 2967 702 3034 fusa
732 2963 830 3030 luerit
859 2979 955 3046 super
986 2979 1059 3052 eum
1091 2979 1189 3046 aqua,
1222 2959 1404 3026 immundus
1433 2959 1492 3026 erit
1508 2983 1540 3038 »3

418 3145 419 3148 ,
475 3079 564 3124 lelius·
584 3093 690 3162 equo,
710 3073 744 3138 id
765 3077 815 3158 west
850 3067 1109 3154 concupiscentia.
1144 3105 1187 3118 --
1217 3065 1434 3132 comedentem
1469 3063 1542 3130 facit

583 3181 717 3248 debilem
738 3181 771 3244 et
793 3177 972 3268 infirmum;
988 3181 1036 3244 est
1058 3175 1143 3242 enim
1168 3175 1247 3240 male
1272 3171 1465 3250 nutritivus3
1487 3170 1541 3238 lob

1123 559 1376 664 contusiones
1401 561 1437 628 IN
1446 563 1624 634 thNNElll
1649 565 1726 630 ChP.
1750 563 1798 630 IV.
1822 563 1927 630 COLL.
1952 565 2028 630 XVl.

1697 743 1727 806 5.
1750 739 1828 806 Νοῖθ
1851 747 1956 808 autem
1981 741 2052 820 tria,
2074 759 2156 826 quae
2176 743 2327 832 auferunt
2342 743 2461 810 homini
2482 745 2566 812 dele-
2586 757 2636 820 uia
2652 759 2718 856 imqe·

1604 843 1755 912 ctatioues
1773 843 1833 910 cibi
1850 845 2030 928 spiritualis.
2054 847 2193 916 Primum
2210 853 2256 914 est
2272 865 2388 912 coccos
2410 845 2566 934 desectio;
2585 811 2718 926 tillidi?

1608 951 1735 1018 secundi
1766 951 1885 1036 Regum
1915 951 2037 1020 decimo
2058 951 2169 1018 nono6
2192 937 2231 1018 de
2254 953 2419 1018 berzellai:
2450 955 2565 1022 «Nun-
2584 917 2687 962 numm.

1608 1057 1683 1140 quid
1706 1057 1811 1142 uigent
1835 1073 1945 1124 sensus
1966 1057 2030 1126 ,mei
2051 1057 2092 1122 ad
2120 1057 2361 1126 discernendum
2394 1077 2487 1126 suave
2518 1061 2566 1126 uel

1607 1167 1773 1230 amarmn?
1796 1169 1851 1228 aut
1873 1161 2029 1230 delectare
2058 1169 2162 1248 potest
2191 1183 2319 1232 servum
2350 1169 2442 1232 tuum
2472 1173 2566 1252 potus

1607 1275 1638 1336 θῖ
1662 1267 1775 1336 cibus?
1797 1269 1848 1336 uel
1868 1267 1979 1336 audire
2001 1285 2130 1354 possum
2155 1271 2237 1336 ultra
2261 1285 2368 1336 rocem
2401 1275 2565 1338 cantorum

1607 1377 1637 1438 θῖ
1661 1369 1920 1438 cantatricum?
1941 1373 2102 1440 Psalmus:
2132 1399 2148 1432 «
2164 1373 2252 1442 hruit
2275 1391 2329 1440 cor
2348 1391 2473 1454 meum,
2490 1375 2566 1458 quia

1607 1477 1723 1544 obiitus
1745 1493 1816 1542 sum
1841 1477 2002 1544 comedere
2018 1495 2130 1564 panem
2155 1499 2261 1548 meum
2279 1507 2307 1544 u.
2328 1515 2368 1528 -·
2387 1479 2565 1552 Secundum
2584 1477 2712 1540 secunlum.

1607 1591 1654 1650 est
1676 1601 1793 1648 sensus
1815 1579 1968 1666 infectio,
1984 1585 2069 1668 quod
2086 1585 2163 1652 solet
2183 1603 2252 1654 esse
2269 1585 2298 1650 in
2316 1585 2468 1666 infirmiS,
2484 1603 2564 1672 quo·

1607 1705 1679 1754 rum
1695 1687 1842 1756 aduritur
1856 1687 2015 1772 palatum;
2033 1689 2086 1756 lob
2101 1691 2262 1776 trigesimo
2277 1693 2369 1758 tertio
2383 1695 2412 1758 ⁷:
2431 1719 2447 1752 «
2463 1691 2564 1764 inore-

1606 1801 1660 1878 pat
1680 1793 1833 1860 Dominus
1854 1811 1913 1878 per
1934 1795 2076 1860 dolorem
2099 1795 2131 1866 in
2159 1795 2273 1864 lectulo
2302 1805 2335 1864 et
2363 1799 2468 1866 omnia
2494 1817 2565 1866 ossa

1606 1901 1674 1966 eius
1693 1917 1892 1968 marcescere
1915 1899 2004 1980 lacit;
2029 1893 2245 1970 abominabilis
2269 1903 2294 1970 ei
2320 1905 2354 1970 ut
2378 1903 2410 1970 in
2426 1905 2490 1973 vita
2507 1923 2563 1980 sua

1606 2005 1713 2092 panis,
1729 2011 1760 2074 et
1777 2005 1864 2074 cibus
1888 2005 2009 2074 animae
2026 2025 2100 2074 suae
2114 2015 2186 2074 ante
2203 2007 2415 2078 desiderabilis
2431 2035 2463 2092 »;
2479 2009 2563 2078 Psal-

1605 2131 1694 2182 mus:
1718 2113 1883 2182 «Omnem
1911 2131 2015 2182 escam
2037 2115 2216 2182 abominata
2237 2121 2285 2184 est
2307 2115 2411 2184 anima
2434 2135 2562 2198 eorum,

1605 2227 1636 2288 et
1659 2219 1992 2308 appropinquaverunt
2015 2239 2116 2308 usque
2140 2221 2177 2288 ad
2202 2227 2307 2308 portos
2337 2223 2448 2290 mortis
2463 2251 2493 2290 a.
2519 2241 2560 2274 -’

1606 2329 1745 2396 Tertium
1770 2333 1817 2396 θεῖ
1843 2347 1961 2412 census
1989 2329 2142 2416 repletio;
2171 2329 2382 2398 Numerorum
2411 2329 2562 2416 vigesimo
2580 2341 2685 2386 leuium·

1605 2435 1726 2520 primo:
1755 2461 1772 2494 «
1786 2433 1849 2500 Cur
1872 2435 2011 2502 eduxisti
2034 2455 2091 2504 nos
2113 2437 2153 2506 de
2174 2437 2330 2524 Aegypto,
2354 2443 2393 2506 ut
2421 2455 2562 2506 morere-

1605 2557 1677 2604 mur
1706 2539 1736 2604 in
1769 2537 1959 2606 solitudine?
1986 2541 2081 2608 Deest
2109 2539 2215 2626 panis,
2247 2561 2309 2608 nou
2340 2549 2414 2610 suut
2444 2561 2561 2630 aquae,

1605 2649 1735 2710 nauseat
1757 2641 1860 2730 anima
1883 2649 1989 2708 nostra
2012 2661 2106 2728 super
2132 2645 2200 2712 cibo
2222 2647 2281 2712 isto
2297 2645 2455 2714 levissimo
2469 2675 2502 2714 ».
2519 2687 2561 2700 -

1605 2749 1747 2826 attende,
1781 2747 1854 2832 quia
1886 2767 1995 2816 sensus
2020 2749 2100 2816 male
2127 2751 2271 2836 raptetur
2301 2751 2427 2818 lascivia
2459 2755 2559 2820 malae
2580 2765 2710 2810 Notandum·

1604 2853 1808 2938 operationis,
1834 2855 1913 2920 male
1937 2853 2087 2938 inficitur
2108 2873 2165 2940 per
2190 2857 2470 2942 concupiscentiam
2493 2877 2559 2926 ma-

1604 2959 1653 3026 lae
1682 2959 1869 3044 affectionis
1895 2959 2003 3046 delicit
2031 2967 2139 3028 autem
2165 2969 2293 3050 propter
2326 2965 2559 3030 inconsuetudi-

1593 3083 1675 3140 nem
1699 3065 1889 3146 deuotionis3
1919 3073 1952 3134 et
1974 3073 2047 3134 suut
2080 3067 2124 3136 illi
2148 3069 2236 3154 quasi
2268 3069 2436 3148 saturat,
2468 3073 2557 3156 quasi

1604 3173 1720 3240 uetusti
1740 3171 1803 3250 illi,
1828 3171 1871 3238 illi
1895 3173 1983 3258 quasi
2009 3173 2188 3260 deficientes
2210 3181 2241 3244 θῖ
2266 3175 2411 3268 languidi.

586 3283 789 3370 trigesimo-⁹2:
829 3281 960 3348 «Radix
998 3281 1217 3366 iuniperorum
1254 3277 1345 3344 cibus
1382 3295 1492 3344 eorum
1508 3301 1539 3356 »3
1613 3369 1614 3372 Ἴ

501 3379 502 3382 “
583 3393 781 3472 Threqorum
804 3389 923 3472 primo:
953 3387 1166 3454 «Sacerdotes
1189 3385 1285 3454 vestri
1308 3385 1341 3448 in
1363 3383 1443 3450 urhe
1468 3401 1540 3450 con-

550 3515 551 3518 ’
584 3477 681 3566 sumti
702 3501 793 3574 sunt,
813 3493 888 3580 quia
905 3493 1108 3588 quaesierunt
1122 3493 1228 3560 cibum
1244 3489 1320 3570 sihi,
1338 3497 1373 3558 ut
1391 3489 1540 3558 relocilla-

538 3691 540 3694 .
585 3611 655 3672 rent
676 3605 810 3670 animam
835 3619 924 3670 suam
940 3625 971 3680 »;
995 3599 1091 3668 Isaiae
1120 3597 1381 3684 quinquagesimo
1412 3597 1538 3682 quinto:

588 3737 603 3770 l
619 3711 723 3796 Quare
737 3705 912 3792 appenditis
926 3709 1092 3792 argentum
1109 3711 1250 3772 vestrum
1265 3721 1328 3770 non
1343 3703 1375 3768 in
1391 3703 1538 3788 panibus,

433 3817 562 3864 rounam.
583 3823 613 3882 θῖ
628 3817 768 3882 laborem
790 3819 931 3880 vestrum
947 3831 1011 3880 non
1026 3811 1057 3878 in
1074 3811 1236 3880 saturitate
1252 3817 1293 3874 »ῖ
1309 3847 1352 3858 --
1370 3811 1539 3894 Depoupe-

578 3907 640 3988 'rut
668 3919 852 4008 expellendo
883 3919 1033 4006 gratiam,
1060 3919 1179 4004 polluit
1214 3917 1383 4004 ingerendo
1414 3919 1536 4000 culpam

584 4045 639 4094 seu
669 4026 847 4106 maculam,
878 4023 1031 4110 tntirmot
1060 4021 1292 4108 corrumpendo
1329 4021 1395 4090 sive
1428 4023 1538 4090 vulne·

584 4135 680 4200 raudo
703 4141 858 4200 naturam.

670 4241 701 4306 l.
719 4239 806 4306 Circa
821 4237 1032 4324 spirituatem
1046 4237 1153 4304 cibum
1168 4235 1307 4314 attende,
1325 4253 1423 4320 quare
1439 4255 1536 4320 uppe-

418 4349 489 4446 {qq
497 4347 564 4458 ἐξὲξ
584 4341 718 4414 teocius.-
741 4345 816 4432 quia
839 4341 957 4410 nobilis
980 4347 1043 4420 est;
1066 4341 1239 4426 Sapientiae
1263 4339 1383 4406 decimo
1406 4341 1535 4406 sexto&

424 4455 563 4552 fflffijlffl
589 4453 806 4546 «Angelorum
830 4465 901 4516 esca
921 4447 1083 4514 nutrivisti
1104 4447 1257 4530 populum
1276 4451 1385 4522 turim,
1400 4453 1431 4510 ct
1447 4463 1536 4530 para-

584 4557 650 4624 tum
672 4573 785 4642 panem
803 4555 843 4622 de
857 4555 943 4622 caelo
959 4551 1141 4638 praestitisti
1157 4551 1202 4618 eis
1217 4551 1284 4618 sine
1299 4549 1407 4618 labore
1422 4575 1438 4608 »
1459 4555 1535 4630 eto.;

583 4673 612 4732 et
637 4643 793 4732 Psalmus:
823 4687 839 4720 u
854 4661 968 4726 Panem
990 4659 1178 4744 Angelorum
1202 4655 1401 4724 manducavit
1423 4657 1535 4736 homo;

425 4771 698 4838 ῖ77711778·θίῖῖθθῖθῖ
727 4761 812 4834 misit
842 4765 888 4834 eis
917 4765 950 4832 in
980 4764 1170 4833 abundantia
1186 4791 1217 4828 ».
1247 4799 1287 4812 —
1316 4761 1396 4848 Quia
1426 4761 1536 4840 utilia

473 4929 477 4936 .
582 4879 660 4944 bene
683 4877 766 4942 enim
789 4873 891 4940 reficit
912 4879 945 4940 et
967 4871 1138 4960 confortat3
1162 4869 1245 4936 tertii
1270 4871 1386 4954 Regum
1417 4867 1536 4936 decimo

582 4999 679 5046 nono:
710 5005 726 5038 c<
740 4979 819 5046 Cum
843 4977 1036 5044 surrexisset
1058 4975 1157 5056 Elias,
1174 4973 1323 5042 comedit
1344 4979 1375 5042 et
1405 4973 1482 5040 bibit
1506 4979 1536 5040 et

581 5071 752 5154 ambulavit
775 5085 806 5152 in
830 5083 1013 5152 fortitudine
1035 5083 1095 5150 cibi
1122 5083 1207 5150 illius
1235 5079 1443 5168 quadraginta
1471 5079 1536 5146 die·

582 5193 642 5260 bus
664 5199 695 5260 et
718 5191 923 5278 quadraginta
947 5189 1091 5256 noctibus
1113 5207 1215 5274 usque
1242 5185 1281 5254 ad
1311 5191 1450 5252 montem
1479 5185 1535 5252 Dei

416 5301 570 5398 Quinggee·
582 5299 681 5366 Horeb
698 5327 727 5362 u.
747 5335 788 5348 -
805 5295 886 5380 Quia
901 5293 1115 5372 delectabilem
1133 5293 1305 5380 Sapientiae
1321 5291 1440 5358 decimo
1463 5309 1535 5380 sex-

581 5411 611 5470 to
624 5405 655 5470 ⁵:
684 5431 701 5464 «
716 5407 860 5472 Paratmn
884 5419 996 5488 panem
1019 5401 1057 5468 de
1081 5399 1164 5468 caelo
1193 5397 1373 5502 praestitisti
1400 5399 1445 5466 cis
1469 5399 1557 5466 sine·

582 5511 707 5590 labore,
729 5509 897 5576 habentem
920 5527 1013 5574 omne
1034 5507 1294 5574 delectamentum
1319 5511 1349 5572 θῖ
1372 5507 1472 5572 omnis
1487 5525 1535 5572 sa·

582 5617 666 5700 poris
689 5613 873 5682 suavitatem
890 5635 920 5692 »3
945 5613 1102 5680 Psalmus:
1133 5637 1148 5668 «
1164 5609 1284 5678 Cihauit
1307 5629 1359 5676 eos
1383 5629 1424 5678 ex
1441 5611 1535 5696 ‘adipe

581 5721 727 5788 humenti
753 5727 783 5788 et
806 5719 844 5786 de
866 5725 957 5804 petra
977 5717 1070 5784 melle
1093 5717 1246 5784 saturavit
1269 5733 1322 5782 eos
1337 5743 1367 5780 u.

651 6165 660 6196 ¹
681 6169 757 6220 Vers.
775 6167 819 6216 tl.
836 6193 870 6202 -
891 6163 1008 6218 Subinde
1027 6165 1153 6230 allegatur
1170 6167 1233 6218 Luc.
1255 6165 1300 6228 lb,
1327 6165 1365 6216 to.
1377 6177 1465 6232 seqq·

650 6253 660 6286 ²
683 6259 756 6310 Vens.
780 6255 819 6306 li.
837 6281 873 6294 -·
891 6253 1014 6322 Sequitur
1031 6255 1095 6306 Ler.
1116 6253 1162 6318 ll,
1183 6253 1224 6306 3l.

650 6341 755 6398 ³Vera
776 6343 801 6396 l.
818 6371 854 6382 -
872 6343 929 6394 Duo
949 6355 1023 6410 seqq.
1050 6341 1098 6394 loci
1125 6347 1187 6394 sunt
1214 6343 1311 6394 Threu.
1335 6343 1365 6406 l,
1387 6341 1434 6394 le:
1453 6339 1533 6394 Seuer

581 6433 635 6488 mci
650 6433 677 6486 tn
693 6433 764 6488 urbo
780 6437 843 6498 etc,
861 6439 888 6484 et
905 6431 963 6484 lsai.
980 6431 1028 6494 55,
1047 6433 1073 6484 R.
1268 6493 1271 6496 ¹

650 6519 661 6550 ⁴
673 6523 749 6574 Vers.
763 6521 804 6572 20.
818 6547 852 6558 —
865 6517 984 6572 Subinde
996 6521 1143 6584 allegantur
1155 6519 1197 6572 Ps.
1209 6517 1254 6582 77,
1267 6517 1317 6580 253
1329 6518 1369 6572 lli.
1381 6519 1447 6586 Reg.
1457 6517 1500 6584 l9,
1511 6517 1533 6568 8.

650 6607 661 6638 ⁵
681 6613 756 6664 Vens.
774 6607 823 6674 20,
841 6613 900 6672 post
917 6621 998 6676 quem
1016 6607 1136 6676 sequitur
1153 6609 1194 6660 Ps.
1214 6607 1262 6670 80,
1282 6605 1325 6658 77.

650 6695 662 6728 ⁰
681 6701 756 6752 Vere.
775 6697 818 6748 35.
836 6725 873 6736 -
891 6697 1009 6752 Subinde
1028 6697 1154 6762 allegatur
1172 6699 1214 6750 Ps.
1232 6697 1297 6762 tol,
1317 6697 1341 6748 5.

650 6783 660 6816 ²
683 6789 756 6840 Vers.
770 6787 812 6838 te.
826 6799 882 6852 seq.
894 6789 1089 6854 -Sequuntur
1106 6787 1146 6838 Ρε.
1162 6787 1227 6850 too,
1244 6787 1285 6838 ts.
1307 6791 1332 6838 el
1344 6787 1420 6838 Num.
1442 6785 1489 6850 nt,
1509 6783 1532 6836 5.

651 6869 720 6926 ⁸hd
739 6875 873 6940 praedicta
892 6873 927 6926 de
944 6871 1005 6926 cibo
1022 6875 1179 6940 complenda
1208 6875 1233 6928 S.
1262 6875 1359 6926 Bouav.
1388 6871 1430 6924 hic
1448 6871 1533 6926 antici·

1959 3403 2117 3458 COLLATlO
2137 3407 2203 3460 XVl.

1626 3627 1628 3632 ·
1693 3599 1778 3684 (Cap.
1794 3597 1851 3676 Vl,
1868 3597 1946 3682 77).
1973 3597 2167 3684 Operomc'm'
2186 3619 2253 3666 uon
2268 3601 2394 3682 cibum,
2410 3601 2470 3690 qui
2480 3621 2559 3688 per-

1603 3705 1644 3784 r't,
1667 3705 1725 3772 aed
1746 3703 1805 3792 qut
1824 3711 1996 3790 permonet
2019 3703 2054 3772 iu
2077 3705 2180 3772 vitono
2204 3707 2406 3772 oeteruoml.

1696 3813 1722 3878 l.
1740 3811 1774 3876 ln
1796 3811 1855 3876 hoc
1873 3811 1970 3876 verbo
1982 3811 2139 3878 'innuitur
2159 3811 2250 3880 nohis
2266 3811 2418 3896 quaedam
2435 3811 2496 3880 cibi
2513 3813 2559 3880 di-
2576 3821 2660 3920 Duqigsx
2675 3823 2705 3868 ci·

1601 3917 1736 3984 stinctio.
1762 3917 1815 3982 Est
1836 3915 1919 3982 enim
1945 3917 2050 3996 cibus,
2076 3919 2132 4002 qui
2150 3919 2258 4002 perit,
2280 3923 2313 3984 θῖ
2334 3917 2387 3986 ille
2417 3925 2463 3986 est
2489 3919 2557 3986 cul·
2657 3907 2663 3918 ’

1597 4043 1662 4108 poe
1687 4059 1727 4072 -
1752 4027 1782 4098 θῖ
1805 4027 1852 4090 θεῖ
1877 4021 1977 4102 cibus
2004 4021 2058 4108 qui
2081 4033 2253 4108 permonet
2273 4023 2310 4090 iu
2331 4023 2437 4090 citum
2453 4031 2559 4090 oeter-

1600 4147 1697 4208 ucut,
1720 4137 1752 4196 ei
1774 4127 1827 4196 ilie
1848 4135 1896 4194 esi
1916 4127 2060 4214 pruteno.
2130 4153 2133 4158 ·

1688 4235 1740 4302 Est
1764 4239 1868 4300 autem
1892 4232 1980 4301 cibus
2004 4233 2121 4320 culpae
2142 4235 2328 4320 multiplex:
2351 4237 2442 4304 cibus
2456 4237 2556 4318 lucu·
2570 4243 2720 4344 ⁶{¹}¹²{,⁰¹²1¹,l}²⁰
2782 4229 2784 4232 ’

1599 4339 1693 4418 rtoc,·
1709 4339 1836 4408 secundi
1852 4339 1969 4424 Regum
1986 4339 2106 4406 decimo
2123 4341 2214 4408 tertio
2227 4341 2255 4408 ⁹:
2283 4365 2300 4400 «
2317 4343 2443 4424 Veniat,
2466 4343 2556 4410 obse-
2574 4309 2677 4396 Lussuss·
2702 4331 2707 4342 '

1600 4463 1673 4524 oro,
1698 4447 1844 4522 Thamar,
1868 4461 1958 4510 soror
1980 4461 2068 4522 mea,
2083 4449 2121 4510 ut
2135 4445 2187 4512 det
2201 4445 2278 4512 mibi
2295 4447 2401 4514 cibum
2417 4455 2449 4514 et
2463 4447 2556 4516 iaciat

1600 4549 1678 4616 mihi
1703 4551 1917 4636 pulmentum,
1944 4555 1973 4616 θῖ
1997 4549 2154 4616 comedam
2179 4551 2215 4618 de
2239 4567 2334 4618 manu
2350 4551 2418 4618 eius
2433 4577 2464 4632 »;
2483 4559 2557 4618 nota

1599 4657 1639 4722 de
1661 4673 1776 4722 amore.
1803 4691 1843 4704 —
1869 4655 1963 4720 Cibus
1994 4655 2112 4742 pulum
2136 4657 2346 4722 Numerorum
2370 4657 2554 4724 undecimo:
2573 4667 2635 4714 Gula·

1605 4787 1622 4820 a
1639 4761 1745 4828 hdhuc
1769 4777 1878 4826 carnes
1901 4764 1991 4826 erant
2014 4759 2046 4826 in
2070 4759 2212 4828 lancibus
2235 4777 2365 4840 eorum,
2388 4779 2446 4828 nec
2472 4763 2556 4828 del-

1600 4875 1686 4936 cerat
1715 4865 1895 4934 huiusmodi
1927 4867 2032 4946 cibus,
2058 4873 2095 4934 et
2111 4885 2199 4948 ecco,
2222 4867 2314 4934 furor
2336 4867 2458 4934 Domini
2483 4885 2556 4936 con-

1599 4975 1713 5042 citatus
1748 4975 1779 5040 in
1815 4973 1992 5058 populum,
2019 4973 2175 5058 percussit
2207 4991 2279 5042 eum
2315 4973 2404 5062 plaga
2443 4993 2556 5062 magna

1598 5083 1701 5150 nimis.
1725 5083 1860 5148 Vocatus
1883 5085 1931 5146 cst
1957 5081 2044 5148 locus
2075 5081 2127 5148 ille
2157 5083 2303 5168 sepulcra
2333 5083 2556 5168 concupiscen-

1599 5189 1659 5254 tiae
1675 5213 1706 5270 »3
1730 5187 1888 5254 Rsolmus:
1916 5211 1933 5244 c<
1948 5185 2055 5254 tidbuc
2078 5205 2166 5254 escae
2190 5207 2300 5254 corum
2324 5195 2414 5254 erant
2444 5189 2477 5256 in
2501 5209 2556 5258 ore

1590 5287 1758 5380 ipsorum,
1781 5297 1813 5356 et
1834 5291 1883 5356 ira
1902 5291 1958 5358 Dei
1982 5291 2119 5358 ascendit
2149 5311 2246 5378 super
2267 5311 2321 5360 eos
2335 5319 2368 5360 ».
2393 5331 2435 5344 -·
2459 5293 2555 5362 Cibus
2573 5305 2686 5362 suueuia·

1597 5397 1792 5484 superbior,-
1817 5397 1952 5464 Danielis
1973 5399 2077 5482 primo
2090 5399 2130 5464 1⁰:
2160 5401 2289 5466 «Teuta
2306 5417 2379 5480 nos,
2404 5401 2553 5482 ohseom,

1598 5507 1705 5572 decem
1728 5503 1857 5582 diebus,
1882 5509 1912 5570 θῖ
1936 5503 2050 5572 dentur
2074 5503 2163 5572 uobis
2187 5503 2343 5590 legumina
2366 5505 2403 5570 ai
2428 5523 2555 5574 vescen-

1598 5609 1727 5678 dumet
1760 5627 1841 5696 aqua
1865 5611 1902 5676 ad
1934 5611 2122 5690 bibendum,
2144 5617 2178 5678 et
2206 5611 2417 5692 contemplare
2447 5611 2556 5680 vultus

1598 5721 1722 5782 nostros
1757 5721 1787 5782 θῖ
1822 5717 1930 5784 uultus
1962 5735 2154 5800 puerorum,
2190 5715 2245 5802 qui
2279 5719 2451 5782 vescuntur
2486 5715 2555 5784 cibo

1597 6163 1686 6226 pendo
1705 6163 1812 6230 exponit
1829 6175 1936 6214 versum
1955 6161 2060 6226 capituli
2078 6161 2151 6216 sexti.
2180 6161 2246 6216 Cum
2264 6163 2328 6214 haec
2356 6161 2482 6226 expositio
2509 6163 2553 6218 hat

1597 6265 1645 6316 per
1659 6253 1773 6322 modum,
1789 6253 1936 6318 completae
1953 6251 2109 6316 collationis
2129 6265 2214 6304 cama
2231 6249 2403 6316 praecedente
2417 6251 2495 6304 etiam
2507 6265 2553 6304 nn·

1597 6343 1743 6396 meratione
1761 6341 1935 6394 distinximus.
1956 6339 2022 6394 Vide
2041 6339 2109 6392 iutra
2127 6355 2190 6406 pag.
2207 6337 2273 6404 567,
2294 6343 2409 6392 annotat.
2428 6341 2470 6392 27.

1667 6425 1680 6458 ⁹
1698 6431 1773 6482 Vere.
1788 6427 1815 6480 5.
1829 6457 1863 6466 -
1882 6427 1937 6480 Duo
1952 6441 2024 6496 seqq.
2045 6427 2093 6480 loci
2113 6433 2173 6480 suut
2188 6427 2265 6480 Num.
2282 6427 2324 6490 ll,
2341 6427 2383 6478 33.
2402 6435 2429 6480 et
2446 6427 2489 6480 Ps.
2507 6427 2552 6492 77,

1597 6517 1640 6568 30.
1658 6531 1713 6586 seq.

1669 6603 1692 6636 ¹⁰
1709 6607 1785 6658 Vers.
1808 6607 1848 6658 lt.
1869 6611 1893 6658 et
1913 6607 1954 6658 le.
1973 6603 2153 6660 Verberibus
2172 6601 2311 6674 superbior
2327 6605 2464 6658 seruanda
2483 6611 2553 6658 certe

1596 6699 1656 6746 suut
1676 6697 1709 6748 ad
1727 6695 1817 6750 cibum
1835 6695 1947 6748 aliorum
1965 6707 2124 6760 puerorum,
2143 6695 2197 6748 scil.
2216 6693 2307 6748 cibum
2318 6691 2433 6762 replum.
2452 6721 2489 6734 -
2507 6695 2553 6748 Se·

1596 6789 1713 6850 quuntur
1732 6785 1799 6838 Osee
1819 6783 1865 6848 lh,
1885 6783 1909 6836 l.
1929 6789 1953 6836 et
1972 6785 2051 6838 Prov.
2072 6783 2115 6850 23,
2134 6783 2159 6836 6.
2178 6799 2233 6850 seq.
