5900 8266
1219 595 1410 662 conuelli.
1433 595 1473 664 IN
1494 595 1713 662 SAPIENTIAM
1734 595 1768 662 C.
1791 595 1865 662 ΧΙΧ.
1943 567 1944 570 ¹

554 787 625 838 eum
641 779 682 838 »l
704 773 795 858 quasi
816 773 921 840 dicat:
947 773 1064 838 nullus.
1091 771 1129 836 io
1159 771 1248 838 omni
1272 779 1426 856 deotpurc,
1451 769 1510 838 sci-

551 873 626 944 licet
650 879 867 964 prosperitatis
888 885 921 946 et
941 877 1158 956 adversitatis;
1181 875 1326 942 Matthaei
1350 877 1463 944 ultimo
1479 875 1507 942 ¹:

557 1009 572 1042 (ε
591 985 684 1064 Εθθθ,
707 1003 764 1070 ego
782 985 943 1052 vohiscum
965 1001 1037 1048 snm
1051 981 1196 1048 omnihus
1219 981 1329 1048 diehus
1342 1007 1376 1062 »3
1394 969 1509 1050 et‘ideo

552 1089 643 1156 omnt'
659 1097 800 1176 tenpore
813 1087 1061 1166 benedicendus
1085 1087 1257 1154 secundum
1274 1087 1353 1154 illud
1373 1087 1508 1154 Psalmi:

557 1219 571 1252 r<
588 1195 770 1264 Benedicam
788 1193 953 1258 Dominum
970 1193 1001 1258 in
1017 1193 1103 1258 omni
1118 1201 1257 1278 tempore
1271 1219 1301 1274 »;
1321 1201 1353 1260 et
1366 1193 1404 1258 t'rt
1418 1193 1510 1258 ontnt'

552 1303 635 1382 loco,
662 1301 777 1368 scilicet
801 1303 1000 1366 tam·securo
1015 1317 1111 1384 quam
1132 1297 1327 1384 periculoso:
1352 1299 1508 1366 assistens

551 1407 615 1486 eto,
646 1411 796 1490 tanquam
823 1411 954 1490 paratus
986 1401 1115 1484 iuvare:
1147 1405 1242 1472 Isaiae
1268 1405 1507 1492 quadragesimo

551 1513 642 1580 tertio
656 1513 687 1576 ²:
716 1509 826 1576 «Cum
848 1499 1010 1578 transieris
1033 1529 1090 1596 per
1113 1529 1227 1598 aquaS,
1249 1519 1354 1580 tecum
1368 1499 1432 1576 'ero
1452 1537 1484 1576 s.

637 1615 814 1684 Notandum
845 1623 969 1696 autem,
992 1617 1077 1702 quod
1100 1617 1251 1684 Dominus
1283 1619 1414 1704 Sanctus
1433 1633 1507 1684 suos

392 1741 533 1852 diligiti
551 1723 727 1810 magnificat
741 1723 971 1810 multipliciter:
995 1723 1098 1808 primo
1114 1723 1219 1804 modo,
1241 1723 1392 1810 pretio-m
1408 1741 1506 1790 suunt

553 1825 762 1914 conferendo,
796 1831 969 1898 secundum
999 1829 1077 1897 illud
1101 1831 1139 1896 ad
1170 1831 1326 1896 Romanos
1347 1837 1455 1896 octavo
1473 1829 1506 1894 8:

556 1961 572 1996 «
586 1935 672 2020 Quos
694 1935 887 2018 ludificavit,
912 1939 982 2004 illos
1008 1941 1042 2004 et
1061 1935 1272 2022 magnificavit
1295 1963 1324 2002 o.
1352 1935 1506 2016 Secundo,

550 2039 726 2108 nttrucult's
756 2041 972 2122 illustrando,
1001 2043 1175 2110 secundum
1196 2041 1275 2110 illud
1302 2041 1506 2110 Ecclesiastioi

550 2147 788 2234 quadragesimo
810 2155 940 2236 octavo:
970 2149 1052 2216 «Sic
1073 2149 1282 2234 amplificatus
1305 2156 1353 2218 θεῖ
1375 2149 1455 2216 Elias
1476 2149 1506 2214 in

551 2253 747 2320 mirabilibus
762 2255 828 2322 suis
843 2271 879 2336 »3
895 2255 970 2322 item
988 2255 1085 2320 Exodi
1102 2255 1281 2322 undecimo:
1311 2255 1409 2322 «Fuit
1424 2257 1507 2342 Moy-

551 2377 600 2428 ses
624 2359 672 2428 vir
695 2361 941 2446 magnosvaloe
962 2361 996 2428 in
1017 2365 1105 2428 terra
1126 2361 1253 2448 aegypti
1275 2381 1381 2430 coram
1409 2363 1507 2430 servis

2466 595 2530 664 233

1574 771 1743 838 Pharaonis
1767 779 1797 840 et
1819 773 1904 840 omni
1926 773 2086 858 populo».
2102 773 2224 852 Tertio,
2240 771 2460 860 dignitatibus
2482 793 2532 838 ec-

1574 877 1765 946 clesiasticis
1776 877 2003 958 sublimando:
2016 879 2099 946 unde
2111 883 2216 946 cantat
2228 877 2400 946 acclesiae:
2417 903 2434 936 <c
2444 877 2531 958 Ecce,

1574 983 1724 1052 Sacerdos
1745 1003 1878 1070 magnus
1895 1009 1928 1064 »;
1955 987 2038 1054 tertii
2061 989 2179 1072 Regum
2204 985 2339 1052 decimo:
2360 1009 2376 1042 α
2393 983 2532 1070 Magnifi-

1573 1093 1662 1156 catus
1685 1095 1733 1156 est
1755 1107 1815 1156 rex
1832 1092 1974 1156 Salomon
1997 1111 2094 1178 super
2116 1111 2225 1160 omnes
2249 1109 2340 1178 reges
2360 1096 2466 1158 terrae
2487 1089 2532 1158 di·

1572 1193 1657 1260 vitiis
1678 1201 1710 1262 et
1733 1195 1884 1280 sapientia
1900 1221 1929 1260 a.
1955 1197 2088 1282 Quarto,
2111 1201 2158 1264 ud
2179 1197 2327 1264 eoelestis
2348 1197 2445 1286 repud
2462 1195 2498 1284 pt
2519 1233 2531 1244 -

1555 1299 1665 1366 ‘rt‘ont
1675 1301 1902 1384 perdescendo,
1925 1302 2100 1370 secundnm
2115 1303 2202 1390 quod
2225 1309 2330 1370 cantat
2351 1303 2486 1370 Ecclesia
2498 1301 2529 1366 5:

1578 1435 1595 1466 «
1609 1405 1814 1492 llagnificavit
1834 1425 1908 1474 eum
1922 1407 1956 1474 in
1979 1417 2149 1494 conspectu
2164 1427 2276 1496 regum
2287 1437 2319 1490 l,
2344 1409 2461 1478 scilicet
2472 1411 2531 1474 dn-

1571 1513 1729 1598 gelorum,
1749 1537 1767 1570 «
1780 1519 1809 1578 et
1832 1513 1917 1580 dedit
1930 1513 1976 1579 illi
1996 1531 2145 1580 coronam
2160 1515 2320 1600 gloriae»;
2338 1515 2369 1584 in
2394 1517 2529 1582 Psalmo:

1577 1645 1593 1678 <t
1609 1621 1719 1704 llagna
1739 1625 1788 1684 est
1808 1619 1910 1702 gloria
1930 1619 1998 1686 eius
2023 1621 2053 1684 in
2077 1621 2206 1686 salutari
2229 1627 2316 1688 tuo»
2346 1623 2403 1688 etc
2428 1621 2528 1688 Huius

1571 1723 1687 1810 gloriae
1717 1729 1800 1790 tanta
1835 1729 1881 1792 θεῖ
1907 1723 2106 1810 magnitude,
2129 1731 2166 1792 ut
2200 1723 2285 1792 illius
2315 1725 2405 1810 regni
2432 1725 2526 1792 mini-

1571 1849 1644 1898 mus
1669 1831 1767 1896 maior
1792 1831 1832 1898 sit
1858 1831 1995 1898 maximo
2012 1831 2109 1898 huius
2132 1830 2259 1910 mundi;
2278 1831 2360 1900 unde
2382 1831 2529 1900 Matthaei

1571 1937 1788 2004 undecimol:
1824 1963 1842 1998 «
1856 1937 1922 2004 Non
1948 1935 2092 2006 surrexit
2123 1939 2207 2004 inter
2237 1945 2326 2004 natos
2356 1939 2528 2006 mulierum

1570 2043 1671 2110 maior
1692 2043 1806 2110 Ioanne
1836 2043 1988 2128 Baptista„
2012 2043 2070 2128 Qui
2096 2051 2202 2110 autem
2227 2041 2330 2110 minor
2353 2049 2400 2110 est
2422 2043 2454 2110 in
2479 2061 2530 2110 re·
2617 2103 2618 2106 ,

1570 2167 1631 2236 gno
1656 2149 1815 2216 caelorum
1838 2149 1937 2218 maior
1962 2155 2008 2218 est
2033 2149 2085 2216 illo
2107 2177 2136 2216 ».
2162 2149 2205 2216 td
2228 2149 2309 2216 hanc
2340 2149 2530 2236 magnitudi-

1551 2261 1553 2264 ’
1571 2273 1642 2322 nem
1660 2273 1716 2322 nos
1739 2255 1890 2340 perducat
1906 2257 1991 2324 lesus
2013 2257 2159 2324 Christus
2173 2257 2324 2322 Dominus
2341 2261 2457 2336 noster,
2474 2255 2529 2340 qni,

1570 2361 1822 2430 estbenedictus
1847 2363 1877 2428 in
1901 2363 2026 2430 saecula
2049 2365 2256 2430 saeculorum.
2282 2363 2386 2428 Amen.

1174 2749 1317 2816 Exenmr
1339 2767 1488 2818 eoseum
1510 2769 1545 2816 ru
1568 2767 1683 2818 uranum
1706 2749 1905 2816 Saernurnn.

1385 3755 1683 3842 senonias.

620 4149 678 4202 Duo
703 4151 849 4216 schemata,
875 4163 945 4216 quae
967 4155 1122 4218 sequuntur,
1146 4147 1267 4204 exhibent
1290 4149 1340 4204 sub
1365 4165 1416 4204 uno
1446 4163 1506 4204 con-

1571 4149 1673 4204 stinctio
1692 4147 1874 4204 membrorum
1889 4149 2022 4204 divisionis
2036 4149 2182 4204 extenditur
2194 4151 2247 4204 lere
2260 4165 2343 4218 usque
2357 4149 2525 4204 admisimus
2558 4133 2559 4136 ¹

550 4243 644 4306 spectu
656 4237 824 4306 pmuoriroles
842 4237 984 4292 divisiones
1004 4241 1117 4294 duarum
1136 4239 1265 4306 partium,
1282 4239 1310 4292 in
1328 4253 1394 4306 quas
1412 4243 1506 4294 auctor
1569 4239 1716 4306 particulas.
1733 4237 1773 4294 eh
1792 4239 1904 4292 rationes
1924 4239 2127 4306 typographicae
2145 4239 2244 4304 pluries
2262 4241 2398 4294 omisimus
2422 4239 2526 4294 ultimas

549 4331 620 4382 hunc
640 4327 734 4382 librum
755 4329 855 4382 dividit.
869 4329 918 4382 Pro
932 4343 1006 4382 more
1021 4333 1255 4384 commentatorum
1273 4327 1341 4384 illius
1358 4329 1450 4382 aetatis
1469 4329 1506 4380 di·

617 6473 625 6504 ¹
646 6477 720 6530 Vers.
741 6477 783 6528 20.
801 6503 838 6514 -
857 6475 979 6544 Sequitur
997 6475 1038 6526 Pe.
1058 6475 1106 6542 33,
1125 6479 1151 6528 2.

616 6559 626 6590 ²
647 6565 722 6616 Vers.
740 6565 763 6614 2.

616 6647 626 6678 ³
644 6653 721 6704 Vers.
734 6653 782 6702 30:
796 6653 867 6718 Quos
885 6657 974 6706 atatem
992 6649 1156 6716 iustihcavit,
1170 6649 1226 6702 illos
1243 6653 1269 6700 et
1289 6645 1451 6710 glorificavit.
1465 6639 1499 6690 -’-

546 6739 603 6792 Duo
621 6753 694 6806 seqq.
715 6739 763 6790 lori
783 6745 843 6792 sunt
861 6739 936 6792 Eccll.
956 6737 1003 6802 la,
1020 6737 1044 6790 l.
1056 6745 1081 6790 et
1101 6739 1180 6790 Exod.
1197 6739 1236 6800 ll,
1250 6737 1284 6788 3:
1301 6737 1414 6802 Fuitque
1431 6739 1499 6804 lloy-

546 6841 586 6884 ses
605 6827 645 6880 vir
665 6833 712 6880 etc.

616 6913 627 6946 ⁴
645 6919 673 6970 ln
690 6915 777 6966 officio
795 6915 914 6970 consess,
928 6915 1017 6970 Pontii.
1037 6913 1070 6966 nd
1089 6913 1204 6976 Laudes,
1221 6917 1245 6964 et
1263 6911 1289 6964 in
1308 6913 1387 6978 Epist.
1409 6913 1499 6968 llissae

574 7001 575 7006 ἵ
652 7021 681 7078 S.
698 7021 801 7076 Bonae.
819 7051 855 7064 -·
875 7023 951 7076 Pom.
971 7023 1011 7076 Vl.

1570 4329 1724 4392 divisiones,
1745 4337 1813 4396 quae
1837 4329 1910 4382 facile
1929 4343 1959 4382 ex
1977 4327 2046 4382 notis
2065 4327 2253 4394 marginalibus
2270 4333 2381 4394 possunt
2399 4329 2526 4396 suppleri.

1562 6475 1665 6532 Statuit
1687 6491 1736 6540 pro
1761 6475 1876 6528 consess.
1895 6475 1993 6542 Pontii,
2013 6487 2082 6542 qnae
2105 6481 2145 6526 est
2168 6473 2313 6526 secundum
2339 6469 2412 6522 Eccll.
2433 6469 2475 6520 tl.
2494 6475 2520 6522 et

1564 6563 1605 6616 45.
1625 6563 1802 6630 —Sequitur
1822 6564 1858 6614 lll.
1877 6565 1944 6628 Reg.
1967 6565 2012 6630 lll,
2031 6563 2075 6616 23.

1634 6649 1645 6680 ⁵
1663 6653 1689 6702 ln
1709 6649 1787 6714 Epist.
1806 6651 1898 6700 lllissae
1916 6649 2034 6716 scotoru-
2051 6649 2127 6700 Eccll.
2147 6647 2195 6710 le,
2216 6649 2248 6698 3:
2266 6645 2424 6712 ¹Glorilieavil
2444 6647 2517 6700 illum

1562 6739 1589 6790 in
1607 6743 1748 6804 conspeetu
1767 6751 1878 6802 regum3
1898 6751 1923 6788 v.
1943 6739 1974 6788 P:
1993 6739 2024 6788 Et
2041 6735 2218 6788 clncumcinxit
2237 6747 2298 6786 eum
2322 6747 2385 6786 zona
2405 6735 2517 6802 gloriae,

1562 6835 1588 6880 et
1607 6829 1688 6882 induit
1707 6841 1768 6878 eum
1794 6825 1886 6878 stolam
1906 6825 2002 6890 gloriae
2022 6829 2070 6878 etc.
2089 6851 2123 6862 -
2144 6827 2202 6890 Seq.
2221 6823 2294 6876 locus
2313 6829 2352 6878 est
2369 6825 2409 6878 Ps.
2430 6827 2472 6892 20,
2492 6829 2519 6880 6.

1634 6913 1646 6946 θ
1664 6915 1739 6970 Vere.
1760 6915 1800 6966 tl.
2179 6901 2181 6904 ¹

2377 7021 2409 7072 30
