5908 8266
1077 571 1269 640 COlllllliNT.
1290 571 1330 636 -ΙΝ
1356 569 1622 638 hacteslnsrhh
1646 573 1677 638 C.
1703 573 1738 638 V.
2354 573 2396 640 td

400 751 612 818 ¹commendat
628 739 737 818 *fidem
759 751 878 838 Iephte,
900 749 987 834 quod
1008 747 1075 832 ipse
1111 745 1242 814 credidit
1263 745 1376 812 trium·

417 857 515 942 phare
533 857 575 926 de
599 857 733 924 inimici-s
751 855 876 922 Domini
900 853 1030 920 auxilio.
1354 893 1356 898 ,

509 967 536 1030 l.
566 963 654 1048 Quod
686 961 842 1038 obiicitur,
874 957 958 1044 quod
991 963 1130 1042 reportat
1158 957 1373 1036 commodum;

416 1059 508 1150 dico,
527 1069 612 1156 qarod
634 1069 747 1134 lalsum
762 1071 828 1144 est;
852 1065 927 1150 quia
949 1057 1103 1132 statium
1125 1055 1193 1148 ipso
1216 1067 1289 1130 rote
1304 1081 1375 1148 pec-

417 1181 467 1242 cat
491 1181 519 1242 et
543 1177 656 1260 dignus
680 1179 726 1240 est
749 1189 864 1258 poena.
913 1195 916 1200 ‘¹
943 1183 945 1188 ‘
1028 1193 1029 1196 ¹

321 1369 322 1372 Ἴ
506 1289 536 1352 i.
562 1279 651 1364 erod
675 1279 820 1348 obiicitur
843 1279 885 1346 de
905 1271 1054 1358 veritate,
1077 1277 1258 1354 dicendum,
1292 1275 1375 1362 quod

417 1389 541 1456 ueritus
563 1385 738 1454 substernit
770 1385 828 1450 sihi
859 1383 1044 1462 iudicium·
1076 1381 1151 1470 quia
1184 1381 1281 1468 igitur
1308 1383 1374 1450 sine

418 1491 543 1560 iudicio
555 1491 657 1570 vovit,
675 1491 744 1558 ideo
758 1483 879 1560 solvere
896 1511 958 1558 non
974 1489 1074 1576 potest
1091 1507 1165 1556 curn
1177 1489 1328 1566 ueritate·
1345 1494 1374 1555 et

417 1603 583 1688 propterea
601 1617 662 1664 non
685 1603 786 1684 potest
809 1597 911 1664 intuli
935 1603 1006 1664 roto
1022 1613 1089 1664 esse
1109 1595 1243 1674 ueritas,
1259 1599 1292 1660 et
1306 1593 1375 1660 ideo

417 1705 503 1770 nulla
525 1709 573 1770 θεῖ
592 1693 749 1788 obligatio.
1117 1767 1121 1770 .

467 1853 468 1856 ,
506 1809 540 1876 ll.
557 1801 741 1894 Quaeritur,
753 1817 865 1878 ulrum
879 1807 1130 1894 possitmutare.
1141 1843 1183 1854 -
1196 1807 1285 1890 Quod
1297 1825 1373 1886 raon,

416 1915 542 1984 ridetur
564 1905 622 2000 per
644 1915 729 1984 illud
746 1915 871 1984 levitici
894 1907 1047 1980 ultimo¹÷
1071 1913 1146 1980 Nou
1159 1911 1281 1998 porea
1294 1931 1375 1978 ruu-

418 2023 503 2102 tari,
526 2041 585 2086 nec
611 2023 645 2088 io
665 2023 762 2108 peius
784 2041 843 2086 θοθ
866 2019 901 2086 iu
925 2019 1050 2086 metiar.
1113 2053 1115 2060 .
1158 2031 1162 2036 '

504 2127 594 2212 Quod
617 2135 722 2196 autem
745 2129 810 2206 sic,
826 2125 970 2194 ridetur:
987 2125 1060 2210 quie
1083 2125 1156 2192 licet
1175 2123 1298 2208 partem
1313 2125 1374 2190 Do

417 2235 492 2302 mini
515 2235 618 2302 lacere
639 2235 817 2302 meliorem:
842 2231 1014 2318 ergo,·'etsi
1045 2249 1107 2298 non
1137 2229 1230 2296 liceat
1258 2229 1292 2296 in
1321 2247 1375 2314 pe-

417 2341 484 2422 ius,
507 2341 577 2410 licet
603 2347 706 2410 tamen
731 2341 761 2406 in
788 2341 908 2406 melius.

506 2449 702 2532 despondeo:
728 2433 909 2526 dicendum,
933 2445 1018 2530 quod
1043 2453 1089 2512 est
1119 2449 1243 2510 mutare
1267 2449 1374 2510 notum

257 2565 395 2662 3533&ng
419 2553 449 2620 in
470 2553 567 2638 peius
602 2553 750 2632 omuino,
783 2549 813 2620 θῖ
836 2557 883 2620 θεῖ
907 2557 1031 2620 mutare
1060 2551 1094 2618 iu
1123 2549 1258 2628 arelius,
1292 2549 1375 2634 quod

398 2647 500 2728 'istud
532 2659 689 2740 includit,
727 2659 807 2726 sicut
830 2659 883 2746 qni
920 2659 1004 2726 rorit
1040 2659 1159 2724 intrare
1192 2657 1375 2742 religionem

395 2765 522 2832 ‘miuus
546 2765 734 2850 perfectam,
757 2763 855 2830 intrat
876 2763 1161 2848 imperfectiorem,
1184 2779 1266 2848 quae
1291 2761 1374 2828 illam

367 2867 368 2870 ’
419 2869 534 2938 claudit
557 2871 648 2938 intra.
674 2873 795 2938 liutare
816 2877 864 2938 est
887 2873 973 2938 ultra
993 2869 1026 2936 in
1049 2869 1167 2938 meiius
1181 2887 1247 2936 nou
1271 2869 1376 2936 tuclu-

418 2979 513 3058 arua,
545 2977 624 3046 sicut
648 2979 694 3046 ire
721 2979 873 3046 Ιῖοιθοθο2
897 2977 929 3046 in
960 2977 1020 3046 iter
1050 2977 1303 3044 ultramarinum.
1334 3011 1374 3024 -

419 3085 558 3152 Primum
579 3105 642 3152 non
666 3085 738 3153 licet
760 3085 906 3166 omuino,
930 3085 985 3152 sed
1014 3089 1061 3152 est
1085 3081 1296 3170 prohibitum3
1328 3099 1375 3150 se

418 3191 555 3258 cundum
578 3193 651 3258 licet
671 3211 734 3278 per
754 3211 807 3270 se,·
822 3191 959 3260 tertium
976 3191 1047 3258 licet
1059 3191 1083 3272 ⁸,
1100 3209 1164 3256 non
1179 3193 1290 3256 tamen
1305 3187 1377 3256 licet

416 3297 487 3364 ciue
509 3299 707 3364 auctoritate
740 3299 891 3364 rudioris.
924 3299 1002 3382 Quia
1032 3299 1115 3366 enim
1142 3315 1214 3364 sum
1243 3297 1376 3372 Domino

382 3479 383 3482 Ἴ
419 3402 588 3488 obligatus,
612 3393 674 3482 non
697 3419 825 3488 possum
842 3409 966 3470 mutare
989 3403 1047 3470 nisi
1064 3421 1122 3490 pro
1146 3403 1215 3470 eius
1230 3403 1374 3482 arbitrio,

419 3515 448 3576 θῖ
473 3509 547 3594 quia
569 3509 634 3592 ipse
665 3527 728 3574 non
755 3509 927 3594 alloquitur
958 3527 1008 3574 me
1032 3511 1091 3576 nisi
1121 3527 1295 3594 persuum
1319 3509 1376 3574 mi-

320 3693 321 3696 ,
388 3657 390 3660 -
418 3613 570 3694 histrum,
596 3613 651 3700 qui
675 3617 758 3682 tenet
783 3613 852 3708 eius
873 3619 996 3700 partes:
1022 3633 1083 3682 oon
1100 3631 1229 3700 possum
1251 3619 1377 3682 mutare

419 3721 486 3788 sine
506 3721 693 3788 auctoritate
722 3719 909 3804 superioria,
939 3721 999 3786 uisi
1022 3721 1175 3786 Dominus
1205 3719 1283 3803 ipse¹
1298 3719 1377 3786 inte-

419 3825 487 3894 rius
504 3813 681 3896 aerumma
704 3827 846 3910 inspiret.
869 3825 907 3892 Et
929 3823 974 3892 sic
995 3831 1081 3910 patet
1104 3823 1182 3892 illud
1193 3825 1236 3890 ⁴2¹

506 3935 553 4000 ΙΙΙ.Ὶ
578 3933 748 4018 Quaeritur
773 3931 865 4000 etiam
888 3931 927 4000 de
950 3933 1010 3998 hoc
1034 3931 1118 4018 quod
1141 3931 1233 3996 dicit:
1258 3929 1305 3996 Ne
1328 3931 1376 3998 dt·-

419 4037 478 4108 cae
500 4059 617 4108 corana
641 4039 784 4126 Angeia.-
813 4039 888 4106 Nou
912 4045 959 4106 θεῖ
977 4037 1197 4124 procidentia.

434 4171 435 4174 ¹
506 4147 650 4216 Cournn:
674 4147 816 4228 ridetur,
841 4145 925 4232 quod
947 4145 1070 4212 nonsit
1093 4143 1308 4230 providentia:

505 4257 537 4320 l.
561 4255 678 4334 Primo,
695 4253 770 4340 quia
786 4253 981 4338 providentia
1002 4249 1212 4320 datdehitum
1235 4249 1376 4318 ordinem

419 4361 531 4442 rehus;
557 4361 611 4428 sed
641 4361 699 4426 iste
724 4379 786 4428 non
816 4365 863 4426 θεῖ
887 4345 926 4426 in
942 4361 1079 4440 mundo,
1103 4357 1183 4426 infra
1206 4357 1328 4426 decimo
1344 4357 1377 4454 ὃς

426 4467 500 4534 Vidi
520 4487 632 4534 seruos
656 4465 690 4534 iu
707 4467 798 4556 equis
818 4475 849 4534 et
857 4467 1030 4554 principes
1052 4465 1259 4534 ambularetur
1274 4485 1375 4552 super

419 4581 545 4642 terram
566 4575 668 4662 quasi
687 4593 808 4642 seruos.

488 5011 496 5042 ²
518 5009 594 5066 Vers‘.
613 5009 660 5066 ld:
679 5017 709 5068 Et
728 5015 822 5068 nudari
836 5029 887 5066 non
904 5017 1011 5080 poterit,
1026 5017 1050 5068 id
1064 5021 1111 5078 est,
1124 5027 1173 5066 uec
1185 5013 1280 5068 melius
1292 5015 1374 5078 male,

416 5113 465 5152 uec
483 5103 558 5166 peius
576 5101 657 5152 hono.

487 5185 496 5218 ²
518 5191 633 5254 supple:
654 5195 764 5242 mutare.

488 5275 498 5306 ³
518 5281 552 5332 En
571 5279 593 5328 h
611 5277 794 5342 supplevimus
812 5275 923 5330 tertium
942 5275 1015 5344 licet,
1034 5293 1088 5344 οθο
1106 5277 1210 5344 addito,
1228 5277 1302 5330 lectio
1316 5281 1377 5332 huc-

418 5355 501 5436 usque
521 5365 554 5420 ab
572 5367 634 5420 edd.
653 5371 757 5432 recepta
778 5369 802 5416 et
820 5371 945 5430 corrupta
964 5367 1131 5428 reformatum
1153 5365 1188 5416 sio
1210 5365 1289 5428 paulo
1301 5379 1377 5428 supe·

417 5457 472 5510 rius
488 5455 636 5522 legebatur:
656 5469 723 5524 quae
735 5451 812 5506 illum
825 5451 934 5506 claudit.
949 5453 1174 5516 intremulum
1188 5455 1228 5504 θεῖ
1238 5449 1314 5506 ultra
1328 5455 1376 5504 elc.

487 5541 498 5572 ⁴
518 5545 569 5600 Clr.
589 5545 630 5598 lV.
650 5547 721 5596 Seni.
740 5545 765 5596 d.
786 5545 828 5596 38.
848 5557 870 5596 a.
891 5545 916 5596 2.
934 5555 960 5608 q.
981 5545 1005 5594 Ξ.

487 5631 498 5662 ⁶
518 5637 592 5688 Vers.
611 5633 638 5686 7.

488 5719 497 5750 ⁷
519 5725 594 5776 vers.
614 5725 663 5790 ld,
681 5721 727 5774 ubi
746 5737 795 5788 pro
815 5719 949 5790 impietate
968 5721 1082 5786 Vulgata
1099 5715 1214 5772 paulitio.

487 5809 497 5840 ⁸
517 5813 633 5876 Aristot,
653 5815 695 5866 lit.
716 5815 798 5866 Ethic.
815 5827 839 5866 c.
857 5811 886 5864 7:
898 5811 1089 5878 Unusquisque
1101 5809 1169 5862 enirn
1184 5807 1294 5878 [artilex]
1309 5821 1377 5874 opos

419 5901 555 5968 proprium
575 5901 660 5966 magis
677 5909 762 5966 amat,
782 5915 861 5968 quam
881 5901 915 5952 ah
934 5915 1015 5968 opere
1033 5903 1173 5962 amaretur,
1192 5899 1214 5952 si
1232 5899 1374 5950 oninratum

418 5989 498 6042 deret.
518 5989 605 6054 Philo,
624 5989 659 6042 de
676 5991 764 6042 liundi
784 5989 888 6054 optario
908 5989 985 6058 (cirea
1005 5975 1134 6058 initiumlz
1154 5989 1217 6040 Nam
1241 5989 1375 6052 opitlcium

417 6083 471 6130 non
486 6079 585 6144 negligi
603 6079 637 6130 ab
655 6079 749 6144 opifice
769 6093 816 6130 suo
836 6085 996 6146 parenteque
1011 6079 1092 6132 dccet
1109 6079 1182 6130 ratio.

487 6161 498 6192 ⁹
518 6165 568 6220 Clr.
589 6181 669 6232 supra
687 6181 711 6220 a.
731 6169 761 6232 3,
782 6167 824 6220 ti.

488 6251 510 6284 ¹⁰
530 6257 599 6308 Haeo
617 6259 742 6322 sententia
763 6261 853 6322 aperte
872 6255 1008 6310 exhibetur
1028 6257 1053 6308 in
1067 6259 1157 6310 Glossa
1175 6253 1318 6316 ordinaria
1337 6269 1376 6306 so-

418 6359 465 6410 per
483 6343 541 6398 lsai.
560 6343 609 6406 l8,
629 6345 653 6408 l,
671 6357 740 6408 quae
759 6345 906 6398 secundum
924 6347 994 6400 Alex.
1013 6339 1083 6408 Hah,
1096 6347 1121 6396 S.
1135 6357 1161 6408 p.
1174 6343 1193 6394 l.
1206 6359 1231 6410 q.
1245 6345 1287 6394 26.
1301 6357 1336 6394 m.
1350 6345 1375 6396 8.

416 6449 439 6488 a.
459 6437 489 6502 Ξ,
509 6431 672 6498 Hieronymo
691 6431 829 6486 tribuitur:
848 6435 976 6498 Epicurus
995 6435 1071 6500 dicit,
1090 6447 1143 6484 uon
1161 6445 1219 6484 esse
1236 6433 1376 6496 providen-

416 6523 504 6576 tiam...
526 6521 572 6574 sed
591 6519 623 6570 illi
644 6517 759 6586 palmea,
779 6521 824 6586 qui
845 6523 1036 6586 providentiam
1048 6521 1190 6586 recipiunt,
1205 6525 1375 6574 etauctorem

416 6617 552 6678 accusant,
572 6609 647 6676 quasi
666 6609 780 6660 errando
798 6609 897 6662 inutilia
912 6611 1009 6664 lecerit.
1022 6611 1074 6664 Clr.
1086 6609 1210 6672 August,
1223 6611 1260 6662 lh.
1274 6609 1307 6662 de
1319 6607 1377 6662 Lib.

417 6699 478 6752 hrh.
497 6713 521 6754 c.
539 6701 564 6750 i.
584 6715 609 6752 n.
631 6697 657 6752 5.
763 6689 765 6692 ’

488 6785 509 6816 ¹¹
529 6787 599 6840 Lihr.
618 6787 660 6840 lV.
673 6785 708 6838 de
720 6783 823 6838 Consul.
842 6799 920 6850 prosa
940 6789 971 6838 6:
989 6787 1060 6840 Ordo
1080 6787 1149 6840 enirn
1163 6787 1272 6850 quidam
1284 6791 1377 6840 cuncto

417 6875 606 6944 complectitur,
626 6883 655 6928 ut
672 6875 742 6942 quod
764 6873 798 6926 ab
817 6877 947 6940 assignata
967 6877 1066 6928 ordinis
1091 6875 1191 6928 ratione
1215 6875 1377 6940 discesserit,

1226 5623 1236 5656 ⁶
1257 5631 1332 5684 Vere.
1350 5629 1377 5680 3.

1485 751 1559 814 i.
1585 749 1660 814 ltem
1684 751 1839 816 secundo:
1863 751 1937 836 quie
1961 747 2157 836 prouidentia
2177 747 2231 816 dat
2261 747 2397 814 debitam

1439 853 1749 934 remunerationemp
1767 855 1820 922 sed
1845 859 1921 922 haec
1944 875 2006 924 non
2031 861 2078 924 est
2100 855 2132 922 in
2156 841 2399 934 niunhunda

1439 977 1521 1026 nouo
1538 959 1567 1024 ⁶:
1595 961 1719 1026 dudem
1741 963 1868 1030 cunctis
1892 963 2051 1030 eueniunt.

1529 1063 1558 1128 3.
1585 1065 1660 1130 ltem
1679 1047 1794 1132 tertio:
1826 1067 1902 1152 quia
1931 1067 1984 1134 dat
2014 1069 2151 1136 debitam
2180 1065 2396 1144 durationem;

1438 1169 1492 1236 sed
1515 1169 1593 1234 haec
1616 1167 1798 1254 simpliciter
1820 1191 1884 1240 non
1909 1179 1955 1240 est
1979 1175 2009 1240 in
2034 1177 2169 1256 mundo,
2193 1175 2276 1242 infra
2302 1173 2397 1258 septi-

1437 1273 1534 1340 θοοῖς
1557 1275 1686 1360 lamiae
1712 1275 1804 1364 leupo
1827 1277 1911 1344 uiuit
1931 1287 2073 1364 tempore
2090 1281 2124 1348 iu
2141 1283 2305 1368 irupietate
2320 1299 2395 1348 satit.

1528 1381 1586 1448 Sed
1610 1381 1692 1468 quod
1718 1381 1756 1450 sit
1780 1383 1991 1450 necessarium
2015 1405 2147 1470 ponere,
2171 1389 2313 1456 videtur:

1532 1491 1557 1552 l.
1578 1489 1666 1572 ,Quia
1700 1489 1848 1574 sapientis
1881 1495 1928 1556 est
1964 1489 2127 1574 providere
2162 1493 2287 1560 domui:
2322 1505 2559 1582 ergorrndrmmr·

1438 1609 1562 1658 summe
1586 1593 1734 1678 sapientis
1756 1594 1857 1660 multo
1879 1593 1988 1678 nugis.

1529 1703 1557 1764 i.
1584 1699 1677 1778 item,
1710 1699 1857 1784 sapiemis
1879 1693 2008 1766 artificis
2039 1717 2102 1766 non
2125 1709 2247 1770 tantum
2276 1711 2322 1772 est
2351 1705 2397 1770 f-

1438 1823 1528 1884 cere,
1552 1807 1724 1872 sedetiam
1748 1805 1975 1886 conservare³;
1999 1807 2043 1872 sic
2067 1825 2143 1892 ergo
2164 1809 2248 1876 Deus
2273 1829 2398 1878 conser-

1436 1917 1490 1978 vat
1513 1917 1545 1978 et
1566 1913 1752 1996 gubernat,
1773 1911 1827 1980 sed
1855 1911 1920 1996 ipse
1955 1917 2001 1978 est
2036 1913 2172 1998 sapiens,
2210 1921 2239 1980 et
2276 1917 2398 2002 sapiens

1437 2035 1548 2098 omne,
1570 2017 1657 2102 quod
1688 2017 1859 2104 gubernat,
1888 2037 1945 2104 per
1968 2019 2196 2104 providentiam
2226 2023 2397 2106 gubernat:

1437 2141 1513 2210 ergo
1533 2131 1608 2190 etc.
1790 2139 1791 2142 ’

1529 2227 1557 2296 3.
1576 2229 1651 2296 ltem
1662 2281 1670 2308 ,
1682 2229 1757 2314 quia
1769 2231 1854 2298 Deus
1868 2247 1990 2298 summe
2007 2229 2130 2314 sapiens
2146 2237 2203 2312 est,
2220 2251 2282 2300 non
2297 2239 2399 2318 potest

1437 2335 1555 2416 lacere,
1572 2335 1650 2422 quin
1673 2337 1777 2404 rideat
1791 2339 1872 2404 mala
1896 2343 2017 2404 nostra:
2035 2355 2109 2424 ergo
2130 2357 2202 2406 cum
2220 2339 2259 2406 sit
2276 2359 2398 2408 summe

1438 2439 1559 2520 iustus,
1584 2461 1647 2508 non
1670 2449 1773 2528 potest
1794 2443 1914 2524 lacere,
1938 2443 2017 2530 quin
2033 2443 2168 2512 vindicet
2189 2447 2272 2512 mala
2294 2453 2326 2512 et
2348 2463 2399 2512 re-

1438 2555 1585 2616 muneret
1600 2551 1680 2616 hona
1694 2551 1725 2616 9:
1748 2569 1824 2636 ergo
1847 2549 1988 2616 omnium
2014 2557 2060 2618 est
2076 2553 2301 2632 remuneratio,
2324 2571 2400 2638 ergo

1439 2659 1471 2720 et
1492 2653 1697 2740 providentia.

1529 2761 1575 2826 lV.
1601 2761 1674 2826 ltem
1707 2761 1890 2848 quaeritur,
1917 2763 1989 2848 quis
2012 2763 2109 2850 magis
2133 2771 2257 2850 peccet,
2287 2773 2399 2834 utrum

1439 2865 1494 2950 qui
1511 2875 1603 2952 negat
1624 2869 1867 2952 providentiam,
1885 2889 1924 2936 an
1940 2869 1994 2956 qui
2019 2869 2155 2938 divinam
2170 2873 2398 2956 providentiam
2444 2877 2446 2882 '

1439 2973 1653 3058 reprehendit.
2232 2985 2233 2990 ’

1529 3069 1674 3160 Videtur,
1699 3085 1784 3168 quod
1805 3083 1905 3168 magis
1921 3083 1989 3168 uni
2022 3089 2130 3170 negat3
2162 3085 2235 3172 quia
2264 3085 2316 3154 ille
2343 3087 2399 3172 qui
2417 3095 2562 3150 Prot-rarre-

1440 3187 1557 3268 credit,
1574 3187 1800 3274 providentiam
1826 3207 1910 3270 esse,
1926 3189 1985 3256 hoc
2003 3189 2070 3276 ipso
2087 3193 2168 3278 quod
2191 3193 2303 3274 credit,
2320 3195 2400 3262 hene

1439 3291 1531 3360 lacit:
1553 3313 1635 3382 ergo,
1653 3295 1771 3382 aliquid
1793 3297 1890 3364 hahet
1910 3295 1949 3364 de
1971 3297 2071 3378 honc;
2096 3299 2151 3366 sed
2172 3299 2228 3386 qui
2252 3301 2417 3388 simplici·

1439 3407 1488 3466 ter
1513 3409 1620 3486 negat,
1646 3389 1739 3466 nihil:
1765 3403 1962 3490 ergo'magis
1983 3409 2031 3470 est
2054 3405 2319 3490 reprehensionis.

1530 3507 1674 3574 Conana:
1692 3509 1900 3594 Hieronymus
1913 3511 1940 3548 1⁰
1956 3509 2046 3590 dicit,
2064 3511 2149 3598 quod
2170 3513 2270 3598 magis
2291 3519 2401 3598 peccat
2417 3521 2562 3576 nauum.

1439 3613 1493 3700 qui
1520 3613 1746 3702 providentiam
1771 3617 1857 3700 ponit
1881 3621 1911 3682 θῖ
1934 3615 2036 3682 Deum
2059 3623 2200 3698 accusat,
2224 3637 2319 3704 quam
2344 3619 2399 3706 qui

1439 3721 1666 3806 providentiam
1691 3721 1874 3806 simpliciter
1898 3727 1998 3808 negat.
2077 3807 2078 3810 Ἴ

1531 3815 1710 3910 despondeo
1732 3813 1773 3892 ad
1793 3827 1947 3910 primurn,
1972 3829 2054 3912 quod
2078 3829 2274 3912 providentia
2296 3837 2352 3898 est.
2413 3841 2478 3894 reso·
2492 3839 2563 3934 {2¹¹1-

1534 3933 1560 3996 ο.
1586 3931 1893 4014 caenomanica
1915 3933 2020 4000 οθοοο
2035 3933 2158 4014 osane,
2179 3937 2398 4020 responden,
2419 3903 2501 4008 sthi,
2515 3923 2552 4000 a·

1441 4039 1526 4124 quod
1548 4039 1668 4124 duplex
1692 4045 1738 4106 θεῖ
1763 4039 1853 4120 ordo,
1877 4039 2099 4126 particularis
2123 4041 2238 4108 scilicet
2270 4049 2301 4108 et
2324 4063 2399 4110 unr-

1439 4143 1600 4222 cerealia·
1622 4145 1740 4230 aliquid
1764 4151 1864 4232 potest
1890 4145 2008 4230 privari
2036 4147 2146 4214 ordine
2171 4147 2398 4234 particulari,

1440 4249 1492 4316 sed
1510 4269 1572 4316 non
1589 4251 1788 4330 uniuersali,
1812 4259 1849 4318 ut
1868 4251 1944 4318 dicit
1967 4253 2114 4320 Boethius
2128 4255 2163 4318 1¹.
2196 4255 2399 4322 deterrentia
2496 4333 2498 4336 ,

1439 4357 1518 4424 ordo
1540 4363 1654 4426 cuncta
1675 4359 1911 4444 complectitur3
1937 4359 2020 4426 unde
2042 4361 2097 4444 qui
2123 4361 2204 4428 cadit
2225 4363 2266 4428 al]
2288 4349 2398 4430 ordine

1437 4473 1584 4532 notariae
1602 4465 1709 4534 incidit
1733 4465 1766 4534 in
1785 4465 1927 4534 ordinem
1947 4485 2089 4552 poenae·
2111 4467 2193 4536 sicut
2216 4471 2397 4554 exemplum

1437 4571 1600 4656 Augustini
1614 4573 1642 4612 12
1664 4579 1713 4640 est
1727 4573 1767 4640 de
1782 4572 1881 4654 nube,
1907 4573 1938 4636 in
1962 4591 2026 4658 qua
2041 4579 2088 4640 est
2111 4575 2206 4642 turbo
2222 4581 2253 4642 et
2276 4575 2398 4644 inrolu-

1439 5015 1488 5066 hoc
1503 5015 1660 5078 idem,licet
1678 5013 1707 5066 iu
1724 5015 1818 5078 alium,
1838 5021 1925 5068 tarrmn
1945 5013 1971 5064 in
1990 5013 2110 5066 ordinem
2125 5013 2264 5078 relabatur,
2282 5029 2316 5068 no
2334 5015 2399 5080 quid

1440 5101 1466 5154 in
1486 5095 1570 5166 regno
1589 5101 1770 5168 providentiae
1788 5101 1862 5156 liceat
1882 5101 2183 5156 temeritati.Clr.t01n.
2208 5103 2225 5154 1.
2250 5117 2313 5168 pag.
2338 5103 2398 5170 83l,

1440 5195 1500 5240 nota
1514 5187 1540 5240 7.
1552 5217 1588 5230 --
1605 5191 1715 5244 interius
1733 5195 1793 5254 post
1808 5203 1911 5258 poeitae
1923 5191 2005 5242 codd.
2016 5191 2119 5254 legum:
2137 5189 2207 5244 sicut
2219 5189 2251 5242 ote
2264 5189 2398 5246 martura

1442 5277 1485 5342 (lta
1506 5281 1537 5340 E,
1557 5279 1598 5330 alii
1617 5277 1770 5346 baptizatas)
1789 5277 1945 5346 cuempiam
1964 5277 2110 5346 Augrrstiui
2128 5283 2175 5330 etc.

1514 5363 1534 5398 ¹²
1553 5365 1624 5416 Lihr.
1643 5369 1681 5418 lll.
1703 5367 1734 5418 de
1753 5367 1816 5418 Gen.
1836 5367 1870 5418 ad
1889 5365 1923 5416 lit.
1943 5381 1965 5418 c.
1986 5367 2067 5418 idn.
2081 5365 2121 5418 ld.
2136 5367 2191 5432 ipse
2204 5367 2339 5432 distinguit
2351 5367 2400 5422 du·

1440 5453 1535 5518 plicam
1561 5457 1661 5516 partem
1687 5453 1768 5518 adria,
1787 5453 1842 5506 scil.
1860 5451 2041 5518 superiorem,
2063 5467 2132 5520 quae
2152 5473 2165 5500 <r
2178 5461 2286 5518 propter
2304 5467 2399 5520 puram

1441 5539 1650 5608 tranquillitatem
1670 5539 1756 5604 caelo,
1775 5541 1816 5592 cui
1836 5539 2018 5604 conlimitatur,
2037 5541 2169 5594 communi
2190 5557 2256 5608 pace
2268 5543 2400 5608 coniungi·

1440 5635 1481 5682 tur
1501 5629 1600 5680 eteius
1619 5629 1750 5682 uocabulo
1769 5633 1978 5694 nuncupatur»,
1998 5635 2024 5680 et
2042 5627 2211 5698 inferiorem,
2231 5629 2256 5682 in
2280 5645 2332 5698 qua
2355 5631 2400 5684 adr

1445 5721 1584 5770 «humore
1601 5707 1671 5770 tenui
1693 5723 1851 5782 conteratur,
1871 5719 1914 5786 qrri
1934 5725 2083 5770 commotus
2099 5725 2208 5782 ventos,
2224 5725 2250 5772 et
2262 5723 2400 5772 vehemen-

1441 5807 1491 5860 tius
1511 5807 1654 5860 concitutus
1671 5807 1752 5860 etiarn
1771 5807 1845 5872 ignes
1863 5811 1890 5860 et
1907 5805 2034 5872 toniuua,
2054 5811 2079 5860 et
2097 5811 2245 5860 contractus
2268 5809 2355 5860 nubila
2375 5813 2400 5860 et

1440 5899 1617 5962 conspissatus
1637 5899 1782 5962 pluriam...
1802 5899 1876 5964 lacit,
1896 5897 2003 5950 occultis
2021 5897 2139 5962 imperiis
2156 5905 2182 5950 οῖ
2206 5911 2286 5962 opero
2305 5899 2364 5962 Dei,
2384 5913 2399 5950 a

1440 5987 1551 6040 summis
1564 5987 1604 6040 ad
1622 5987 1713 6038 intima
1730 5989 1861 6054 universa,
1882 6001 1950 6054 quae
1963 5983 2078 6054 crearit,
2093 5987 2307 6040 administrantis.
2326 5989 2399 6040 Unde

1441 6077 1466 6130 in
1477 6075 1520 6130 illo
1536 6077 1639 6130 Psalmo
1653 6073 1673 6142 [l
1682 6077 1728 6140 48,
1742 6077 1777 6146 8.]
1790 6091 1851 6130 curn
1865 6083 2072 6130 commemorata
2084 6081 2169 6130 essent
2182 6075 2265 6146 iguis,
2279 6073 2397 6144 arcaida,

1439 6165 1505 6232 urfa,
1525 6163 1638 6234 plectar,
1656 6163 1770 6232 spiritus
1788 6167 1965 6236 tempestatis,
1985 6181 2019 6220 ne
2041 6169 2100 6220 talia
2120 6167 2175 6220 sine
2199 6165 2287 6218 divina
2313 6163 2399 6230 provi·

1440 6257 1527 6310 dantia
1544 6255 1601 6306 lieri
1614 6255 1770 6322 moverique
1781 6263 1942 6324 potarentur,
1956 6257 2079 6310 continuo
2091 6257 2203 6308 sarhiecit
2215 6267 2283 6322 puae
2294 6251 2401 6322 fuciunt

1439 6343 1551 6398 oerlruru
1571 6341 1637 6396 eiua.
1657 6341 1709 6394 Clr.
1728 6343 1792 6398 ibid.
1811 6345 1844 6398 hl.
1862 6361 1885 6398 ο,
1905 6347 1948 6396 ll.
1965 6359 1992 6396 n.
2012 6343 2055 6396 id.
2075 6357 2129 6408 seq.
2153 6349 2179 6394 et
2202 6343 2259 6394 eius
2282 6343 2399 6394 Enarrat.

1440 6433 1466 6484 iu
1484 6433 1554 6484 huuc
1574 6431 1611 6482 Ρε.
1632 6445 1656 6482 u.
1678 6433 1772 6500 lli-li,
1790 6433 1836 6486 ubi
1850 6433 1915 6484 inter
1928 6433 1975 6484 alia
1991 6433 2025 6500 (n.
2039 6432 2049 6483 l
2059 6429 2091 6496 l.)
2104 6431 2153 6482 ait:
2165 6427 2253 6496 lprcis,
2266 6427 2398 6496 preludo...

1441 6533 1509 6588 quae
1528 6517 1614 6570 omnia
1635 6517 1737 6573 turbata
1757 6523 1879 6574 ridentur
1897 6519 2058 6586 uiribusdam
2082 6519 2192 6570 stultis...
2210 6517 2313 6570 addidit
2330 6531 2399 6586 ptrue

1439 6607 1545 6678 faciunt
1562 6605 1673 6660 uerbum
1693 6607 1758 6664 cirre.
1777 6611 1831 6664 Non
1850 6609 1896 6664 tibi
1911 6621 1979 6672 ,ergo
2000 6607 2138 6658 rideantur
2156 6603 2261 6658 casibus
2283 6607 2397 6672 moveri,

1441 6709 1510 6764 quae
1528 6695 1611 6748 verbo
1631 6697 1675 6748 Dei
1697 6697 1722 6748 in
1741 6699 1813 6750 omni
1832 6703 1905 6750 motu
1923 6709 1971 6748 suo
1991 6695 2151 6748 deserviunt.
2169 6695 2226 6760 Quo
2247 6697 2398 6760 uulthem,

1442 6787 1500 6838 illuc
1520 6785 1600 6850 ignis,
1620 6785 1680 6838 illuc
1700 6791 1779 6840 sertor
1796 6787 1896 6850 nuhes,
1915 6785 1972 6838 sire
1991 6773 2124 6850 pluviam,
2142 6783 2198 6838 siro
2220 6785 2325 6848 nivem,
2342 6785 2400 6838 sire

1442 6873 1596 6942 grandinem
1617 6881 1703 6940 portet
1721 6883 1770 6930 etc.

2380 4043 2386 4056 ,
2418 4003 2543 4054 positorum.
2642 4051 2646 4060 Ι
