5908 8266
980 490 1234 558 culusitanus
1260 490 1295 556 ln
1319 491 1485 558 thNNEM
1510 491 1773 558 clr.11.cutt.
1800 493 1834 556 X.

515 667 585 736 Fuit
605 687 624 736 a
648 671 712 736 Deo
743 675 902 734 ornatum
933 667 969 734 ia
999 665 1264 744 ennoematicae,-
1289 685 1383 732 orna-

261 789 414 852 seruator,¹
426 781 514 854 tum,
539 775 684 862 inquam,
703 773 795 838 bonis
816 773 1087 858 cogitationibus,
1112 771 1196 856 quod
1213 765 1407 858 figuratum

285 845 414 952 libid*
426 887 475 946 est
489 881 576 948 tertii
598 883 717 966 Regum
733 881 918 964 sexto1per
933 877 1098 964 fenestras
1121 875 1287 964 obliquas,
1304 897 1385 964 quas

426 985 498 1052 lecit
527 987 668 1052 Salomon
704 985 735 1050 in
767 985 892 1068 templo.
926 985 1100 1050 Fenestrae
1135 981 1283 1070 obliquae
1319 985 1385 1052 sive

426 1091 558 1172 vitreae,
587 1107 643 1174 per
670 1105 749 1174 quas
777 1089 953 1174 ingreditur
975 1089 1049 1168 lux,
1079 1093 1152 1156 sunt
1166 1087 1384 1156 meditationes

425 1200 564 1274 sanctae,
587 1213 643 1278 per
665 1211 744 1278 quas
760 1193 936 1278 ingreditur
959 1193 1064 1260 divina
1087 1193 1248 1260 irradiatio
1265 1193 1295 1258 in
1317 1193 1383 1258 ani-

428 1319 522 1366 mam.
539 1339 583 1348 -
598 1297 753 1388 Ornatam
765 1297 1145 1386 sanctisaisectiouibus,
1163 1297 1247 1384 qrrod
1265 1297 1383 1384 signifi-

400 1471 402 1480 ,
425 1411 531 1472 catum
546 1405 642 1472 estin
659 1405 768 1472 eodem
780 1405 802 1486 ²,
822 1405 876 1472 uhi
893 1405 1023 1486 dicitur,
1034 1491 1035 1496 Ἰ
1046 1405 1132 1492 qnod
1151 1423 1260 1472 ornnes
1280 1429 1296 1462 (ι
1313 1423 1382 1472 car-

425 1509 515 1576 dines
530 1509 681 1576 ostiorum
700 1527 740 1576 ex
757 1531 836 1576 auro
851 1519 941 1578 erant
957 1539 986 1576 ».
1015 1513 1071 1578 Per
1094 1529 1219 1576 uurruru
1245 1509 1383 1594 intellige

425 1615 603 1696 caritatem3
629 1633 685 1702 per
710 1615 861 1684 cardines
887 1619 1009 1702 templi,
1026 1615 1161 1702 Virginis
1178 1613 1380 1702 affectiones,

424 1741 506 1808 quae
529 1741 637 1790 omnes
660 1723 788 1792 caritate
812 1729 903 1790 erant
932 1725 1126 1792 informatae.
1155 1759 1199 1770 -
1226 1723 1382 1789 Ornatam

423 1829 517 1894 etiam
539 1829 700 1894 virtuosis
726 1829 900 1914 operibus;
924 1829 1008 1896 unde
1033 1829 1066 1896 in
1088 1827 1221 1896 codem³
1246 1827 1380 1908 dicitur,

423 1935 508 2020 quod
531 1937 674 2002 Salomon
706 1963 721 1996 l
735 1955 843 2002 omnes
864 1935 999 2020 parietes
1017 1935 1122 2020 templi
1140 1933 1270 2020 sculpsit
1286 1935 1382 2002 variis

422 2041 590 2108 caelaturis
605 2049 638 2108 et
657 2049 794 2108 toruos).
822 2043 852 2106 ln
876 2041 1034 2106 uarietate
1058 2045 1131 2106 nota
1153 2039 1381 2124 mutitiplieita-

423 2155 485 2212 teuc
510 2147 652 2226 uirtutis3
669 2147 701 2212 in
717 2145 906 2230 sculptura,
932 2147 1141 2212 obtinentiam
1161 2145 1379 2230 perfectionne

422 2251 456 2314 in
477 2259 591 2328 corito,
614 2249 810 2316 readeclivae
833 2251 1035 2318 discretionis.

512 2357 582 2422 Fuit
603 2357 698 2422 etiam
722 2357 912 2440 templuma
938 2357 1000 2424 Deo
1023 2355 1248 2422 inhabitatum
1271 2355 1305 2422 t'u
1330 2357 1380 2422 iu-

259 2477 409 2542 stituerer
424 2461 639 2540 curuatioue;
669 2461 753 2530 unde
776 2461 945 2530 Ezechielis
971 2461 1212 2548 qtrmragesimo
1244 2463 1379 2530 tertios:

259 2531 409 2576 'mmmm'
428 2597 445 2626 «ι
458 2569 598 2636 llaiastas
614 2569 667 2634 Dei
686 2569 826 2654 ingressa
840 2577 888 2636 est
903 2569 1055 2654 templum
1068 2597 1097 2634 ».
1115 2571 1193 2636 Nata
1211 2575 1242 2636 θῖ
1258 2587 1381 2654 erpone

423 2675 597 2742 secundnm
621 2677 705 2762 qrrod
737 2695 842 2760 supra.
869 2677 1064 2744 Bernardus:
1092 2703 1108 2736 u
1130 2677 1191 2742 Nec
1221 2677 1254 2742 in
1285 2677 1380 2742 terris

422 2780 511 2848 locus
533 2781 655 2866 dignior
680 2783 840 2866 virginalis
863 2783 946 2850 uteri
970 2783 1099 2868 templo,
1126 2781 1156 2848 in
1173 2799 1236 2866 quo
1260 2781 1316 2848 Dei
1332 2781 1380 2846 Fi-

421 2887 499 2954 linm
522 2887 618 2954 llario
648 2889 802 2972 susoepil;
827 2905 885 2956 nec
915 2887 1065 2954 incaelis
1094 2887 1191 2972 regali
1223 2887 1315 2968 solio,
1346 2879 1380 2952 in

421 3011 484 3078 qno
509 2995 636 3060 blaciam
661 2995 774 3060 blaciae
797 2995 892 3062 Filius
914 2995 1077 3062 collocavit
1091 3023 1123 3060 v.
1183 3055 1185 3060 χ

513 3103 540 3166 h.
566 3103 609 3166 lie
627 3101 742 3184 templo
760 3099 979 3166 humanitatis
996 3093 1165 3168 assumtae
1190 3107 1275 3178 nola,
1294 3103 1380 3186 quod

153 3213 156 3218 '
257 3217 410 3280 temulente·
421 3207 510 3274 locus
522 3213 569 3274 θεῖ
581 3205 714 3272 divinae
725 3203 960 3284 habitationis;
976 3205 1017 3274 ibi
1034 3209 1119 3274 enim
1136 3205 1219 3274 visas
1236 3213 1282 3274 est
1300 3213 1378 3274 tern-

266 3271 411 3314 mauilallsas·

266 3331 354 3420 stamar,
384 3313 570 3394 asperaliter
581 3311 636 3394 qiu
648 3311 679 3376 in
697 3313 780 3378 caelo
792 3319 902 3396 regnat
914 3313 1131 3392 aeternaliter3
1145 3317 1176 3376 θῖ
1187 3313 1306 3378 ideode
1319 3313 1377 3378 hoo

266 3389 306 3430 ‘³⁰
332 3389 369 3420 Μ’
419 3423 522 3500 potest
544 3415 603 3482 dici
628 3415 705 3482 illud
728 3417 813 3502 quiid
836 3417 951 3484 dicitur
966 3417 999 3484 in
1016 3415 1178 3486 Psalmo⁵z
1197 3417 1378 3484 «Dominus

420 3521 453 3586 in
477 3523 593 3604 templo
617 3527 723 3586 sancto
749 3541 822 3602 suo;
838 3523 990 3588 Dominus
1007 3527 1037 3588 in
1055 3523 1140 3590 coelo
1155 3521 1245 3588 sedes
1261 3521 1328 3586 eius
1343 3547 1375 3586 ».

419 3629 453 3692 ln
476 3629 591 3712 templo
608 3627 691 3694 enim
707 3627 811 3694 carnis
826 3637 954 3712 apparet
977 3629 1031 3712 qni
1049 3629 1081 3694 in
1103 3627 1283 3694 abscondito
1301 3627 1376 3694 caeli

420 3733 516 3800 sedet.
533 3771 577 3780 -
593 3733 644 3800 Est
659 3733 753 3800 eliam
769 3735 855 3800 locos
880 3735 1012 3800 d‘oiuae
1034 3733 1278 3808 scandinavia
1296 3733 1378 3798 Psal-

419 3853 510 3906 mus:
527 3865 543 3896 c
557 3839 723 3906 Exaudiril
739 3841 777 3906 de
794 3841 908 3924 templo
922 3847 1027 3906 sancto
1040 3859 1097 3906 suo
1111 3857 1218 3906 vocem
1232 3855 1332 3904 meam
1344 3865 1375 3904 ».

420 3949 465 4012 De
488 3947 546 4012 hoc
571 3945 870 4030 temploexaudivit
894 3947 1045 4012 latronem
1070 3945 1100 4010 in
1122 3961 1215 4010 cruce
1241 3943 1377 4028 penden-

420 4061 503 4132 tem,
527 4051 577 4118 cni
600 4051 717 4118 dictum
748 4057 812 4118 est:
840 4077 855 4110 «
874 4051 966 4118 Hodie
998 4069 1119 4118 mecum
1143 4051 1206 4116 eris
1230 4051 1261 4114 in
1285 4069 1377 4134 para-

419 4159 486 4224 diso
500 4185 529 4222 ».
547 4195 591 4204 -
607 4159 659 4224 Est
684 4157 774 4224 etiam
801 4159 887 4224 locus
909 4159 1043 4224 diuinae
1066 4157 1275 4234 visitationis,
1304 4157 1377 4242 quia

425 4291 442 4322 «
457 4263 592 4330 visitavit
616 4281 672 4330 nos
696 4263 800 4330 oriens
823 4281 863 4330 ex
888 4263 975 4330 alto⁶
993 4291 1022 4330 t.
1049 4264 1138 4332 Salus
1158 4261 1242 4330 enim
1268 4269 1378 4330 nostra

420 4369 571 4454 processit
583 4369 622 4438 de
637 4369 697 4438 isto
708 4371 838 4454 templo,
852 4369 937 4456 qood
949 4369 1119 4456 figuratum
1133 4374 1194 4448 est,
1207 4359 1377 4436 Ezechielis

310 4511 312 4514 ·
420 4475 659 4560 quadragesimo
675 4477 821 4558 septimo,
843 4501 859 4534 (ε
875 4475 906 4540 in
923 4475 1029 4560 aquis,
1053 4493 1133 4562 qnae
1148 4473 1377 4542 descendebant

420 4579 451 4646 in
476 4579 558 4648 latus
584 4581 688 4666 templi
712 4579 881 4648 dexterum
896 4605 927 4660 »;
951 4579 990 4648 de
1014 4579 1130 4666 quibus
1156 4573 1272 4648 dicitur
1296 4581 1377 4648 inira

420 4686 602 4764 incudem,
628 4685 861 4770 quodomneS,
893 4687 931 4752 ad
962 4705 1042 4770 qnos
1071 4685 1281 4770 «peruenerit
1313 4693 1377 4750 lor·

421 4809 511 4870 rem,
536 4793 687 4858 virent».
713 4795 844 4878 Aquae,
870 4809 950 4876 quae
974 4789 1207 4858 descendebant
1229 4791 1264 4856 iu
1289 4791 1377 4858 latus

419 4897 530 4982 tempii
552 4897 735 4972 dexterum,
754 4903 827 4962 snut
848 4897 1061 4976 Sacramenta,
1085 4913 1166 4980 quae
1182 4895 1377 4962 effluxerunt

419 5003 457 5068 de
481 5003 578 5068 latere
602 5001 726 5068 Christi.

284 5193 400 5290 {emplum

303 5245 399 5290 eclesiae.

492 5551 501 5584 ¹
518 5555 588 5606 Vers.
604 5553 628 5606 4.
641 5551 693 5608 Cir.
705 5553 783 5616 Beda,
797 5551 831 5606 de
844 5551 954 5618 Templo
968 5555 1128 5620 Salomonis,
1142 5569 1164 5608 c.
1179 5555 1376 5610 lz'Feucstrae

420 5643 510 5708 templi
536 5645 657 5696 doctores
677 5647 738 5696 sont
755 5641 836 5694 sancti
859 5647 883 5692 et
908 5641 1054 5706 spirituales
1076 5645 1176 5710 quincue
1199 5645 1225 5696 in
1250 5645 1374 5712 Ecclesia,

421 5731 518 5798 quibus
536 5737 624 5784 mente
642 5731 827 5786 excedentibus
845 5731 899 5782 Deo
923 5743 1015 5782 arcana
1037 5739 1197 5786 secretarum
1226 5733 1375 5788 caelestium

420 5821 558 5886 specialius
571 5821 663 5874 ceteris
677 5813 767 5874 ridere
781 5819 941 5872 conceditur.
956 5819 1018 5884 eri,
1032 5821 1095 5872 ditm
1110 5835 1139 5874 ea
1153 5835 1222 5888 qnae
1235 5823 1260 5872 in
1272 5823 1374 5874 occulto

422 5909 525 5972 vident,
546 5905 651 5974 publice
670 5909 792 5962 fidelibus
811 5907 943 5974 pandunt,
960 5907 1037 5974 quasi
1056 5913 1178 5974 suscepto
1190 5911 1287 5962 lurnine
1301 5911 1374 5974 solis,

352 6013 353 6016 ¹
411 5995 554 6064 ¹ieaestrae
566 5993 701 6064 obliquae,
719 5995 746 6048 ld
764 6001 804 6048 est
822 5995 889 6048 intus
908 5995 1019 6058 latiores,
1040 5995 1120 6048 luisse
1136 5995 1308 6060 perhibentur
1325 6003 1374 6050 etc.

491 6081 582 6148 ’Cap
602 6083 635 6148 7,
653 6085 696 6136 50.
715 6111 752 6124 -
769 6085 876 6136 interius
898 6097 946 6148 pro
975 6081 1093 6150 Virginis
1112 6083 1131 6136 G
1149 6083 1309 6156 virginales,
1328 6085 1375 6152 qni

421 6171 500 6226 etlam
518 6171 631 6226 subinde
649 6185 709 6226 cum
731 6175 750 6224 Β
767 6171 847 6224 habet
866 6183 971 6234 omues,
993 6171 1040 6222 sed
1058 6169 1078 6220 Α
1098 6169 1179 6226 curvi.

491 6259 582 6326 8[ἶθρ.
605 6263 635 6328 6,
654 6263 696 6312 29.
716 6259 767 6314 Gir.
785 6261 870 6324 Beda,
888 6261 915 6312 in
935 6263 1004 6312 hunc
1022 6259 1110 6312 locum
1133 6259 1179 6326 (de
1201 6263 1313 6326 Templo
1332 6263 1374 6316 Sa·

421 6349 545 6416 iomanis,
565 6365 588 6402 c.
609 6349 672 6416 lh).

492 6433 596 6498 ‘blera
617 6437 641 6490 l.
660 6439 698 6490 De
716 6439 876 6502 expositione
895 6441 943 6490 eir.
963 6451 1043 6502 supra
1061 6451 1088 6488 u.
1110 6439 1132 6488 2.
1151 6463 1187 6476 -
1206 6439 1294 6490 Verba
1316 6441 1374 6492 Ber-

421 6525 496 6580 nardi
515 6525 643 6579 habentur
662 6527 688 6578 in
707 6529 792 6580 Serm.
815 6529 834 6578 l.
855 6527 880 6580 in
898 6529 1013 6580 dssoml.
1032 6527 1059 6578 Β.
1079 6525 1112 6578 V.
1130 6525 1239 6592 blaciae,
1257 6541 1282 6580 n.
1303 6529 1326 6580 3.

369 6673 370 6676 Ἴ
491 6613 615 6666 ⁵Psalm.
638 6617 682 6678 tll,
701 6615 726 6668 S.
747 6617 847 6670 Baruch
867 6617 896 6682 3,
918 6619 967 6670 38:
987 6617 1047 6668 Post
1068 6615 1131 6664 haec
1155 6613 1181 6664 in
1206 6613 1374 6676 terrisonus

421 6705 460 6758 esi
477 6709 504 6754 ot
520 6715 582 6754 cum
602 6703 754 6758 hominihus
771 6711 943 6758 conversatus
961 6711 1008 6756 θεῖ
1027 6731 1062 6742 -
1080 6703 1137 6754 Duo
1157 6715 1232 6768 seqq.
1250 6703 1300 6756 loe-i
1314 6709 1375 6756 sont

422 6795 462 6844 Pe.
483 6791 528 6854 ll,
548 6791 573 6844 7.
591 6797 618 6844 et
636 6793 699 6844 Luc.
720 6793 768 6856 23,
789 6793 830 6844 23.

509 5109 537 5174 6.
563 5107 607 5174 lie
632 5107 747 5192 templo
780 5107 942 5176 Ecclesiae
963 5115 1056 5188 nota,
1086 5083 1173 5194 qnod
1196 5107 1376 5176 huiusmodi
1440 5125 1497 5176 cus
1518 5115 1566 5176 est
1596 5107 1785 5176 sanctitatis
1814 5127 1833 5174 a
1857 5111 1921 5176 Deo
1947 5111 2159 5178 sanctificatus
2181 5117 2214 5178 et
2240 5111 2394 5180 inhabita-

419 5215 572 5298 lemplum
594 5209 661 5298 fnit
684 5209 867 5298 fundatum
896 5213 930 5280 in
960 5213 1125 5302 apostolis
1155 5221 1188 5280 et
1220 5215 1378 5282 Putriar-
1441 5219 1510 5298 tus;
1535 5213 1655 5300 primae
1675 5215 1713 5280 ad
1736 5215 1913 5280 Corinthios
1935 5215 2028 5282 tertio
2046 5215 2089 5280 ¹⁰:
2119 5217 2314 5302 «Templum
2339 5219 2393 5284 Dei

2342 495 2404 560 sle

1450 663 1540 748 vbis,
1581 667 1779 754 aedificatur
1819 669 1848 734 in
1889 667 2010 744 lusus,
2049 667 2334 734 consrinuuabicur
2375 669 2403 734 in

1451 771 1572 838 Bautis.
1589 809 1632 846 -ε-
1648 773 1727 840 Fuit
1743 771 1925 860 fundatum
1943 771 1972 836 in
1998 771 2111 838 sanctis
2135 771 2295 852 Patrihns3
2321 773 2403 856 qsrod
2426 793 2559 856 ‚roncata

1449 877 1620 962 figuratum
1651 884 1699 946 θεῖ
1721 879 1804 946 tertii
1836 881 1953 964 Regum
1986 877 2095 964 quinto
2108 877 2131 956 ⁷,
2160 877 2213 944 ubi
2247 877 2403 962 praecepit
2424 857 2445 886 ¹¹¹
2463 845 2572 892 pamm

1450 985 1606 1064 Salomon,
1637 987 1720 1072 quod
1751 1013 1766 1046 «
1783 987 1927 1054 tollerent
1958 985 2076 1070 lapides
2105 985 2258 1070 grandes,
2285 983 2402 1068 lapides

1448 1089 1600 1174 pretiosos
1632 1091 1662 1156 in
1694 1091 1933 1158 fundamentum
1964 1091 2071 1174 templi
2104 1097 2135 1156 et
2163 1089 2356 1174 quadrarent
2372 1113 2400 1168 »3

1445 1195 1610 1280 grandes,
1642 1195 1773 1276 virtute3
1802 1197 1982 1282 pretiosos,
2018 1195 2164 1274 caritate3
2197 1195 2400 1282 quadratos,

1447 1297 1644 1384 perfectione.
1682 1339 1723 1348 -
1764 1303 1971 1386 Aedificatur
2010 1303 2039 1368 in
2077 1303 2193 1382 iustis;
2228 1301 2266 1366 ad
2303 1299 2401 1384 Ephe-
2418 1317 2553 1382 spissatur

1448 1403 1510 1470 sios
1533 1405 1689 1472 secundo:
1718 1433 1734 1466 (ε
1751 1409 1889 1486 Pratum,
1922 1407 1981 1474 iam
2012 1427 2075 1474 non
2106 1409 2181 1474 estis
2211 1406 2349 1492 hospites
2372 1411 2402 1472 et
2437 1381 2457 1414 ¹¹¹
2473 1377 2543 1416 mm

1446 1509 1582 1578 advenae
1603 1519 1678 1592 θῖθ.,
1695 1513 1942 1598 superaedificati
1959 1531 2056 1600 super
2071 1515 2309 1582 fundamentum
2325 1513 2402 1598 lpo-

1447 1617 1598 1682 stolorum
1624 1623 1653 1684 θῖ
1686 1619 1912 1702 Prophetarum
1950 1625 2027 1698 θῖθ.,
2064 1621 2094 1684 in
2127 1639 2190 1704 qno
2219 1621 2321 1686 omnis
2351 1637 2401 1684 ae-

1447 1723 1786 1792 dificatio‘construcla
1811 1723 1921 1792 crescit
1949 1723 1982 1788 in
2012 1725 2164 1810 templum
2196 1731 2337 1792 sanctum
2370 1725 2400 1790 iu

1445 1831 1577 1896 Domino
1592 1855 1623 1896 θ,
1648 1867 1690 1878 -
1716 1829 2010 1898 Consummabitur
2041 1831 2073 1896 in
2104 1833 2225 1912 Beatis3
2254 1831 2400 1900 Ieremias
2416 1845 2569 1942 hartungus·

1445 1935 1627 2020 trigesimo:
1649 1963 1664 1994 «
1682 1935 1900 2002 aedificabitur
1924 1935 2031 2002 civitas
2055 1937 2085 2002 in
2111 1939 2254 2018 excelso,
2274 1945 2307 2006 et
2321 1943 2399 2004 tem·
2417 1903 2473 1996 iiim
2485 1911 2505 1942 ¹⁰
2533 1913 2569 1944 ω’

1445 2043 1531 2126 plum
1557 2041 1647 2108 iuxta
1670 2041 1812 2108 ordinem
1835 2059 1929 2110 suum
1946 2067 1977 2106 r.
2005 2041 2127 2108 Civitas
2143 2043 2220 2110 haec
2237 2050 2283 2110 θεῖ
2300 2045 2400 2110 Εθθῖθ-

1445 2143 1507 2224 sia,
1530 2163 1612 2230 quae
1635 2143 1752 2212 dicitur
1775 2145 1893 2212 civitas
1916 2143 2036 2212 ratione
2060 2145 2244 2230 irradiatis,
2267 2155 2300 2214 et
2323 2155 2400 2214 tera-

1445 2249 1535 2334 pluru
1561 2249 1681 2316 ratione
1699 2251 1895 2316 socialitatis.

1532 2359 1563 2422 7.
1595 2357 1758 2440 Templum
1782 2355 1869 2424 istud
1896 2355 2011 2422 debent
2030 2357 2179 2442 praalon·
2204 2357 2397 2442 aedificare,
2420 2371 2565 2468 uratislaum

1445 2481 1584 2540 ornare,
1622 2461 1794 2528 custodire.
1828 2461 2014 2548 Aedificare
2049 2463 2115 2530 sire
2144 2461 2320 2530 instaurare
2348 2463 2399 2530 de·
2444 2429 2567 2524 {iffi-⁰⁵

1444 2569 1518 2632 bent
1547 2557 1644 2634 verbo
1675 2569 1933 2654 praedicationis;
1964 2569 2067 2654 primo
2097 2569 2211 2636 Esdrae
2246 2569 2398 2654 quintet:

1449 2699 1464 2732 c<
1481 2675 1541 2740 Nos
1565 2693 1675 2740 snmus
1691 2675 1772 2742 servi
1791 2677 1846 2740 Dei
1863 2681 1893 2742 θῖ
1909 2673 2110 2742 aedificamus
2127 2677 2296 2760 templum,
2315 2677 2400 2760 quod

1444 2787 1511 2846 erat
1526 2785 1725 2848 exstructum
1744 2787 1815 2848 ante
1830 2783 1889 2848 hos
1904 2799 2046 2848 annos».
2066 2821 2106 2830 —
2127 2781 2273 2860 ornare,
2292 2799 2399 2850 exem-

1445 2885 1499 2980 plo
1512 2887 1776 2966 conuersationis3
1796 2885 1998 2958 Ecclesiastici
2014 2887 2252 2974 quadragesimo
2271 2887 2397 2974 quinto:

1451 3019 1465 3050 κ
1481 2991 1710 3058 Circumcinxit
1733 2993 1821 3058 illum
1838 3019 1870 3072 »,
1893 2991 2011 3058 scilicet
2035 2995 2148 3072 Aaron,
2177 3019 2191 3052 ι(
2207 2995 2399 3060 tintinnabu-

1443 3097 1480 3164 lis
1504 3097 1625 3178 aureis,
1641 3097 1716 3166 dare
1734 3099 1871 3178 sonitum
1893 3097 1926 3164 in
1948 3097 2071 3166 incessu
2097 3117 2172 3178 suo,
2196 3099 2338 3168 auditum
2355 3101 2398 3166 l-

1442 3223 1514 3270 cere
1538 3223 1650 3272 sonum
1672 3205 1701 3270 in
1720 3207 1834 3292 templo
1852 3207 1882 3272 in
1898 3205 2079 3270 memoriam
2099 3207 2198 3292 gentis
2215 3223 2290 3274 snae
2306 3233 2321 3266 »
2339 3213 2395 3274 etc.

1443 3347 1483 3360 —
1504 3303 1690 3390 Custodire',
1703 3311 1863 3396 vigilantia
1874 3311 2297 3398 sollicitudinispastoralis,
2315 3313 2397 3396 quod

1442 3415 1611 3502 figuratum
1637 3421 1685 3484 θεῖ
1706 3417 1802 3500 primi
1825 3415 2079 3500 Paralipomenon
2104 3435 2186 3484 nono
2212 3417 2250 3484 de
2282 3417 2395 3496 lenitis,

1440 3523 1478 3588 de
1503 3523 1620 3608 quibus
1638 3523 1771 3600 dicitur,
1797 3523 1880 3608 quod
1913 3539 2138 3606 «pergyrum
2164 3523 2268 3606 templi
2294 3541 2395 3588 mora-

1441 3630 1557 3695 bantur
1572 3629 1603 3694 in
1622 3629 1769 3696 custodiis
1785 3629 1869 3708 suis,
1884 3635 1931 3708 ut,
1948 3645 2019 3694 cum
2040 3637 2163 3712 tempus
2180 3629 2306 3708 luisset,
2322 3645 2395 3712 ape-

1442 3733 1694 3800 mmmmm

1529 3841 1560 3904 8.
1583 3841 1618 3904 ln
1640 3839 1700 3904 islo
1724 3841 1839 3924 templo
1863 3839 1976 3904 dehent
1996 3839 2121 3904 subditi
2135 3841 2306 3918 adorare,
2321 3841 2394 3906 lau·
2409 3853 2559 3952 terpdirgrpp

1441 3945 1522 4012 dare
1546 3951 1576 4012 et
1600 3943 1724 4032 offerre.
1751 3947 1904 4012 ,lciorurc
1931 3943 2067 4012 diuinam
2094 3945 2281 4030 potentiam;
2317 3947 2395 4012 Psal-
2409 3917 2486 4002 ciffi-⁶⁸
2513 3919 2559 3952 ⁰¹¹

1440 4051 1556 4116 unul:
1584 4075 1601 4108 (ι
1619 4051 1758 4116 ldoiuno
1782 4051 1821 4116 ad
1844 4051 1995 4134 templum
2019 4057 2161 4116 sanctam
2186 4057 2277 4116 tuum
2302 4051 2333 4118 in
2358 4053 2394 4118 ti-

1441 4175 1527 4222 more
1553 4163 1607 4222 luo
1623 4183 1653 4222 ».
1680 4157 1835 4222 Laudare
1859 4155 1994 4222 divinam
2019 4155 2220 4240 sapientiam3
2239 4159 2394 4226 Psalmus:

1445 4287 1460 4320 «
1478 4263 1510 4328 ln
1542 4261 1656 4346 templo
1688 4261 1755 4328 eins
1787 4279 1894 4330 omnes
1926 4261 2028 4328 dicent
2059 4261 2237 4346 gloriam».
2273 4261 2396 4350 Offerre

1440 4369 1615 4434 confitendo
1637 4369 1772 4434 diuinam
1790 4367 2002 4446 clementiam;
2028 4367 2184 4436 Psalmus:
2206 4369 2259 4434 «Α
2282 4371 2396 4454 templo
2431 4453 2433 4458 ι

1441 4479 1512 4552 tuo,
1538 4475 1623 4558 qnod
1645 4479 1692 4540 est
1715 4475 1746 4540 in
1772 4473 1953 4550 Ierusalem,
1979 4471 2034 4538 tihi
2057 4471 2189 4540 offerent
2213 4491 2302 4558 reges
2325 4493 2395 4540 mu-

1440 4597 1515 4646 nera
1531 4605 1562 4644 v.
1588 4617 1629 4628 -
1654 4579 1708 4646 Vel
1733 4579 1803 4646 dic:
1826 4579 1958 4646 adorare
1976 4579 2086 4656 corde,
2112 4577 2240 4646 laudare
2255 4597 2326 4660 ore,
2351 4581 2395 4648 oi·
2414 4593 2490 4640 Aliter·

1439 4685 1534 4754 ierre,
1547 4705 1650 4770 opere.

1529 4795 1559 4856 9.
1583 4791 1629 4858 De
1653 4792 1767 4876 templo
1792 4789 1896 4874 idelis
1920 4791 2054 4858 adiutae
2075 4797 2165 4872 nota,
2186 4793 2270 4876 quod
2294 4793 2393 4860 fidelis
2413 4807 2521 4902 reluctor
2537 4811 2559 4852 o·

1439 4895 1543 4960 anima
1565 4895 1680 4960 dicitur
1703 4897 1875 4978 templum,
1901 4895 1976 4980 qnia
1997 4897 2037 4962 ad
2059 4897 2187 4964 modum
2219 4897 2324 4984 templi
2351 4861 2559 4966 lo-‘b{¹c⁸133”{¹r323

1440 5019 1497 5068 cus
1519 5008 1566 5068 est
1585 4999 1788 5080 sanctitatis,
1812 5001 2004 5068 emunitatis
2028 5009 2059 5070 θῖ
2081 5003 2259 5092 religionis.
2279 5041 2319 5056 —
2336 5007 2394 5074 Lo·
2412 5017 2514 5064 Primum.

1509 5551 1521 5584 ⁶
1541 5557 1572 5610 llt
1590 5557 1685 5610 dicitur
1702 5557 1764 5608 Luc.
1787 5557 1815 5620 l,
1834 5555 1876 5608 78.
1895 5581 1931 5594 -·
1949 5553 2067 5610 Subinde
2087 5557 2213 5620 allegator
2231 5541 2321 5608 Erech.
2348 5557 2393 5620 ll,

1440 5645 1464 5694 l.
1486 5649 1509 5696 θῖ
1529 5645 1560 5710 9,
1578 5643 1625 5696 ubi
1643 5641 1663 5698 C
1682 5641 2062 5710 adrumetinorum
2081 5641 2147 5704 ata,
2167 5641 2260 5696 vincat.
2284 5671 2318 5682 -
2343 5643 2394 5698 Ch.

1439 5747 1518 5800 supra
1539 5731 1684 5788 Commeat.
1703 5733 1731 5786 in
1748 5735 1816 5784 loan.
1838 5733 1883 5794 le,
1904 5731 1947 5782 sl.
1966 5745 1992 5782 n.
2011 5733 2054 5786 52.

1508 5819 1518 5890 ἵ
1541 5823 1614 5876 Vers.
1635 5823 1677 5876 li.
1695 5821 1747 5876 Cir.
1767 5823 1853 5890 Beda,
1876 5823 1912 5876 de
1936 5821 2047 5886 Templo
2072 5821 2232 5890 Solomonis,
2251 5837 2275 5884 a.
2295 5821 2325 5884 l,
2346 5825 2393 5890 qui

1438 5911 1516 5962 etiam
1535 5915 1584 5962 hoe
1604 5911 1637 5962 de
1656 5911 1793 5976 Prophetis
1811 5917 1837 5962 et
1856 5909 1986 5974 apostolis
2003 5907 2120 5974 explicat.
2133 5909 2238 5964 *Duo
2255 5923 2331 5978 seqq.
2344 5911 2393 5964 loci

1438 6005 1499 6052 sunl
1510 5999 1607 6064 Ephes.
1619 6001 1649 6064 2,
1664 5999 1706 6050 le.
1720 6003 1744 6052 θῖ
1757 5999 1787 6050 2ῖ
1797 6019 1804 6062 ;
1814 6001 1862 6052 ler.
1875 5997 1924 6060 30,
1938 5997 1982 6050 l8.
1993 6025 2029 6038 -
2040 5997 2166 6060 Superius
2177 6011 2227 6062 pro
2239 5995 2394 6052 bctiusarodi

1439 6085 1568 6154 templum
1580 6085 1634 6154 fuit
1643 6085 1791 6154 fundaturi
1809 6087 1829 6138 Α
1850 6085 2006 6142 huiusmodi
2017 6083 2111 6152 templi
2119 6083 2328 6154 fundumentum
2341 6089 2391 6152 est,

1438 6177 1485 6242 qui
1509 6177 1587 6228 etiam
1613 6175 1726 6228 subinde
1748 6189 1799 6240 pro
1823 6175 1888 6230 Fuit
1904 6173 2050 6244 scindaturu
2069 6171 2203 6226 substituit
2221 6171 2394 6228 Fundamen-

1439 6263 1449 6314 i
1556 6299 1562 6312 .

1449 6265 1614 6402 1ωηθθεῖιῖθθε.
1633 6349 1675 6402 ll.
1693 6377 1730 6390 -
1748 6349 1866 6404 Subinde
1889 6351 2034 6414 allegantur
2058 6349 2136 6402 Ecoli.
2162 6349 2208 6414 ld,
2234 6349 2259 6400 9.
2285 6361 2341 6414 seq.
2366 6355 2392 6402 et

1438 6441 1456 6492 l.
1479 6439 1588 6502 Paralip.
1608 6439 1636 6504 9,
1658 6439 1699 6490 27.
1719 6441 1893 6504 -Superius
1913 6453 1961 6502 pro
1979 6437 2034 6492 siue
2051 6437 2210 6492 instaurare
2228 6439 2246 6488 B
2265 6437 2320 6492 sive
2333 6451 2392 6494 coa·

1452 6531 1464 6580 t
1499 6541 1551 6580 era

1437 6541 1519 6642 ml
1539 6615 1630 6666 Psalm.
1652 6615 1682 6678 5,
1701 6619 1727 6668 8.
1744 6641 1781 6654 —
1800 6617 1950 6682 Sequuntur
1970 6615 2009 6664 Pe.
2030 6613 2078 6676 28,
2098 6613 2122 6664 9.
2141 6619 2167 6666 θῖ
2185 6613 2234 6676 67,
2254 6613 2297 6666 30.

1508 6701 1626 6756 1⁰Vers.
1646 6705 1686 6756 lt.
1706 6711 1732 6766 et
1751 6703 1794 6754 lo.
1813 6731 1850 6742 -
1868 6701 1985 6754 Subinde
2009 6703 2154 6766 allegantur
2172 6703 2190 6754 l.
2211 6701 2271 6754 Cor.
2289 6703 2319 6766 3,
2341 6703 2391 6768 lt,

1439 6793 1478 6844 lll.
1498 6793 1564 6856 Reg.
1583 6793 1614 6854 8,
1633 6791 1677 6844 33.
1695 6797 1722 6844 et
1739 6793 1767 6842 ll.
1787 6789 1845 6844 Cor.
1865 6791 1894 6854 6,
1922 6787 1962 6840 l5.
1982 6801 2038 6856 seq.
2058 6789 2152 6844 -Du
2171 6787 2274 6856 Gange,
2292 6791 2393 6844 Glossa-
