5900 8266
486 617 528 684 36

485 799 564 866 6166
589 793 723 864 hominis
735 799 789 862 :et
812 791 954 862 1666611.
979 793 1184 862 1166666166
1208 801 1382 874 noverunt,
1407 795 1439 862 in

484 921 621 990 qnorum
644 919 780 988 persona
793 897 915 966 dicitur
931 895 1013 968 inira
1031 895 1219 968 duodecimo
1230 901 1257 964 ²:
1280 925 1303 958 o
1317 901 1440 988 Corpus

484 1011 663 1076 revertatur
677 1003 731 1072 in
746 1007 878 1072 terram
902 1019 1020 1080 suam,
1034 1003 1116 1072 6666
1147 1008 1231 1084 6661;
1244 1033 1245 1036 ¹
1256 1008 1291 1078 et,
1307 1003 1440 1092 spiritns

483 1113 590 1180 redeat
611 1111 651 1176 ad
673 1111 789 1186 Deum,
804 1105 860 1192 661
874 1107 960 1180 dedit
982 1105 1116 1182 illum»,
1139 1107 1197 1176 Sed
1220 1111 1280 1180 hoe
1294 1111 1439 1180 nesciunt

485 1217 644 1294 66666166,
674 1213 708 1280 16
738 1231 882 1300 quorum
909 1227 1053 1300 persona,
1072 1213 1188 1283 dicitur
1222 1217 1303 1284 inira
1338 1235 1437 1292 nono:

400 1379 402 1382 .
435 1405 440 1414 ..
488 1345 503 1384 6
518 1321 632 1388 Mortui
656 1319 735 1386 nihil
756 1321 1083 1408 noveruntamplius
1111 1339 1170 1390 666
1204 1323 1321 1392 habent
1354 1323 1440 1390 ultra

482 1427 857 1496 mercedem».
1161 1477 1162 1480 ,

416 1561 418 1566 ’
515 1557 516 1560 ¹
552 1535 613 1600 lut
634 1531 833 1618 dcpredctuii
854 1539 919 1604 ete
944 1535 1063 1620 Quarto
1086 1537 1154 1610 1666
1180 1539 1309 1622 propter
1342 1535 1439 1602 buius

315 1647 462 1706 166661
481 1637 737 1708 assimilationem
759 1639 944 1726 subiungit,
962 1635 1121 1726 quomode
1148 1639 1256 1714 incidit
1286 1639 1319 1708 in
1346 1639 1401 1706 ool
1424 1675 1438 1686 -

478 1743 792 1832 plutisernonoota·
809 1747 1138 1828 commandationem,
1161 1747 1258 1834 quasi,
1280 1745 1358 1814 nihil
1385 1745 1440 1812 illa

482 1849 669 1922 61166666.
1109 1885 1110 1890 =
1238 1881 1241 1886 Α
1340 1923 1342 1928 ,
1425 1863 1426 1866 ¹

512 1985 522 1988 ¹
569 1957 669 2044 (Vers.
694 1957 773 2044 22).
796 1959 925 2044 Propter
941 1959 1026 2044 quod
1040 1957 1136 2032 616116,
1154 1955 1371 2044 0666666661,
1386 1953 1438 2020 ni·-

481 2061 608 2132 6116666
622 2065 754 2146 661166,
772 2085 873 2154 quum
890 2063 1238 2132 166161666166616
1255 2081 1349 2148 opere
1362 2079 1437 2140 sno,

480 2171 589 2254 idest,
605 2173 852 2258 praesentialiter
867 2171 1030 2254 delectari,
1052 2171 1134 2240 sicut
1150 2171 1290 2238 carnales
1304 2167 1437 2246 faciunt,

480 2279 519 2348 de
549 2279 666 2366 quibus
685 2265 1080 2364 1661666616666666166
1112 2275 1244 2344 saxt02:
1279 2271 1442 2350 «Venite,

407 2413 425 2470 5
480 2401 644 2454 6666666
665 2383 777 2452 61666
797 2387 831 2452 61
852 2377 1438 2468 16616666616161616,6166116166

419 2475 420 2478 ¹
480 2491 591 2572 hodie,
614 2491 659 2560 sic
681 2497 714 2558 et
735 2509 805 2558 oras
829 2493 859 2556 et
882 2489 983 2556 multo
1005 2485 1193 2572 6661166».
1208 2485 1244 2550 ut
1262 2483 1326 2550 ista
1352 2475 1438 2556 com-

480 2595 639 2664 mendatio
661 2601 708 2662 est
741 2611 892 2674 erronea,
915 2593 990 2678 quia
1013 2609 1076 2658 non
1105 2589 1194 2676 ponit
1216 2589 1307 2656 61166
1332 2605 1437 2662 remu-

479 2701 672 2770 nerationem
700 2699 872 2770 necabam
896 2697 1008 2776 61166;
1031 2695 1115 2764 6666
1139 2687 1261 2764 subdit:
1285 2689 1438 2760 1616666

479 2827 546 2874 esse
565 2815 699 2896 portem
721 2805 831 2884 111166,
854 2803 944 2890 66661
966 2797 1437 2884 6161161166666666161;6666

480 2911 576 2982 166166
597 2911 747 2998 vigesimo
775 2909 910 2978 secundo
941 2909 973 2974 in
1001 2917 1136 2992 persona
1165 2905 1276 2972 talium
1303 2901 1436 2970 dicitnr:

485 3045 501 3078 «
518 3019 723 3086 comedamus
746 3023 777 3084 et
798 3015 962 3096 bibamus;
997 3031 1068 3082 oras
1097 3013 1183 3080 enim
1217 3011 1436 3090 moriemur»;

453 3145 454 3148 ¹
479 3133 512 3194 et
533 3123 708 3212 Sapientiae
737 3121 893 3190 secundo:
920 3147 937 3180 «
953 3119 1074 3204 Ubique
1103 3119 1323 3204 relinquamus
1339 3115 1438 3202 ,signa

369 3229 370 3232 ’
421 3215 423 3220 ’
479 3229 625 3310 166111166,
650 3227 797 3314 6666166
820 3227 897 3292 6666
917 3230 965 3292 661
986 3241 1061 3310 pars
1076 3227 1210 3304 nostra,
1234 3223 1368 3290 ethaeo
1390 3225 1438 3288 661

480 3355 548 3404 sors
563 3361 594 3400 n.
619 3337 657 3402 Et
678 3349 811 3400 erronea
833 3331 938 3418 opinio
960 3331 1020 3398 ista
1049 3335 1156 3396 ortum
1180 3347 1275 3396 sunm
1297 3327 1393 3394 babet
1418 3345 1438 3394 6

478 3441 585 3510 1661611
606 3439 844 3518 incertitudine3
860 3441 998 3522 propter
1021 3433 1104 3522 qnod
1127 3433 1218 3502 dicit:
1245 3433 1327 3518 Quis
1349 3433 1437 3522 6616

477 3567 552 3616 eunt
577 3547 734 3624 6666661,
759 3551 891 3632 etpost
911 3563 945 3610 se
966 3539 1089 3628 futuro
1104 3539 1300 3628 copnoscoti
1323 3539 1354 3608 id
1378 3545 1435 3622 661,

477 3655 549 3740 6616
572 3653 714 3722 66166661
725 3649 789 3730 illi,
806 3649 1022 3738 quodiutura
1042 3649 1437 3740 616161166616666666

476 3759 589 3828 debeat
609 3755 923 3844 exspectare‘lquasi
938 3755 1032 3822 dicat:
1057 3755 1173 3822 nullus.
1199 3753 1235 3820 ut
1257 3757 1341 3820 certe
1364 3751 1436 3820 nul-

477 3867 528 3934 166
549 3863 769 3952 persuadebit,
792 3861 852 3928 nisi
876 3861 1016 3928 elevetur
1038 3859 1079 3928 ad
1100 3859 1275 3946 spiritualia
1298 3863 1437 3930 oontem-

476 3973 604 4060 planda3
627 3997 643 4030 «
656 3989 724 4038 non,
734 3967 1017 4054 contemplantibus
1034 3965 1142 4046 nobie,
1165 3983 1248 4052 6666
1269 3963 1435 4044 61666166,

478 4079 532 4148 scd
555 4093 722 4164 6666666
745 4073 905 4152 61666166
930 4069 1117 4156 66666616
1144 4069 1291 4136 videntur
1315 4075 1435 4154 tempo-

477 4183 561 4252 ralia,
578 4187 669 4260 sunt,
694 4197 774 4266 quae
796 4183 979 4246 66166666
1003 4177 1166 4256 videntur,
1188 4179 1316 4266 aeterna
1330 4199 1363 4254 t,
1385 4191 1436 4240 se-

477 4287 597 4356 cundae
632 4285 671 4352 66
705 4283 882 4352 Corinthios
909 4281 1059 4368 quartoi.
1091 4279 1269 4366 Quiarero
1299 4279 1435 4348 carnalis

477 4395 572 4460 bomo
593 4411 657 4458 non
681 4389 822 4476 respicit
837 4387 897 4458 uisi
920 4386 1071 4468 visibilia,
1093 4385 1164 4454 ideo
1186 4403 1250 4452 non
1271 4389 1435 4470 exspectat

476 4501 621 4576 6616666
646 4495 714 4564 1666
745 4495 865 4582 primae
887 4493 926 4560 ad
948 4491 1125 4560 Corinthios
1147 4491 1301 4560 secundo:
1331 4517 1347 4550 «
1362 4491 1434 4558 661-

476 4603 568 4670 66116
590 4603 686 4668 6666
707 4619 770 4668 666
792 4599 940 4686 percipit
953 4617 990 4666 ea
1004 4617 1006 4620 ·
1019 4615 1117 4684 qnae.
1137 4597 1194 4664 Dei
1217 4601 1292 4664 sunt
1307 4621 1337 4662 t.
1363 4597 1434 4664 ldeo

476 4709 505 4776 si
526 4711 594 4774 vult
618 4709 726 4776 lutura
749 4709 1057 4798 bonacognoscere,
1080 4721 1206 4772 necasse
1229 4707 1276 4770 661
1301 4701 1433 4770 carnali·

407 4809 408 4814 ’
477 4821 573 4882 16166
594 4813 760 4900 deponere.

327 3769 458 3816 Notandum.

673 5087 674 5092 ,
745 5049 750 5092 ς
793 5053 794 5056 ¹
839 5025 1068 5110 Qutssmonns.

520 5189 549 5302 ,γ’
566 5237 585 5302 l.
602 5237 771 5324 Quaeritur
787 5235 825 5304 66
841 5237 900 5302 166
917 5233 1003 5320 6666
1016 5233 1107 5302 dicit:
1121 5229 1213 5302 1111611
1228 5229 1321 5300 dubet
1337 5229 1432 5300 borno

476 5341 624 5428 6661166
644 5343 800 5422 iumento,
824 5347 852 5408 61
875 5339 959 5428 quod
981 5359 1089 5428 66666
1105 5337 1432 5428 61616166666666-

436 5477 438 5480 ·
475 5449 567 5518 ditio.
590 5451 681 5552 Quod
703 5449 788 5518 istud
811 5449 851 5516 sit
873 5448 1004 5528 salsum,
1028 5447 1175 5518 videtur:

567 5561 594 5624 l.
626 5557 753 5626 Genesis
775 5557 939 5626 secundo4
959 5553 1095 5624 dicitur:
1127 5555 1222 5622 Adue
1250 5553 1431 5620 6661666-

311 5665 787 5734 166666666616661666616166
817 5663 937 5730 61661116
966 5661 1017 5742 61,
1050 5679 1126 5748 ergo
1154 5661 1279 5728 661166
1309 5661 1432 5728 16666-
1469 5719 1481 5724 ,.

474 5779 543 5840 166
566 5779 613 5840 661
635 5771 754 5838 homini
776 5769 894 5838 simile:
923 5786 998 5854 ergo
1019 5766 1116 5836 babet
1148 5767 1266 5852 aliquid
1297 5767 1431 5852 amplius

476 5875 626 5944 iumento.
1113 5897 1114 5900 ¹

1176 6085 1440 6096 ...μμ--ι-ιι-..ι

547 6217 557 6250 ¹
576 6223 650 6274 Vers.
669 6221 687 6274 7
694 6241 701 6274 ε
719 6223 750 6274 Ε1
766 6225 912 6274 revertatur
930 6219 1016 6286 pulvis
1035 6217 1061 6272 16
1074 6223 1171 6270 terrem
1183 6231 1257 6270 suam
1271 6223 1320 6268 616.
1332 6217 1431 6270 Deinde

476 6307 542 6361 1166.
563 6309 592 6372 9,
614 6311 638 6362 6.

546 6391 651 6450 211666.
671 6397 713 6450 12.
731 6425 766 6438 —-
786 6397 907 6464 Sequitur
926 6397 982 6449 lsai.
1001 6397 1050 6462 22,
1070 6397 1118 6464 13;
1136 6395 1234 6450 deinde
1251 6397 1314 6460 Sep.
1331 6395 1363 6456 2,
1382 6391 1407 6444 9.

546 6481 557 6512 ³
577 6485 651 6538 Vers.
673 6487 713 6538 18.
737 6513 768 6524 -
787 6487 910 6552 Sequitur
929 6487 946 6538 l.
965 6485 1024 6540 Cor.
1043 6487 1074 6552 2,
1097 6485 1144 6550 11,
1164 6483 1209 6538 nbi
1231 6483 1344 6550 Vulgata
1367 6481 1433 6534 6661

475 6567 594 6636 Spiritus
613 6571 662 6626 Dei
679 6587 727 6638 pro
746 6571 798 6628 Dei
812 6577 885 6628 sunt.
1262 6567 1275 6600 ⁴
1293 6569 1431 6624 11666211.

546 6653 767 6726 5(1166616161,
786 6663 813 6714 ll.
832 6661 867 6714 de
890 6657 1076 6726 66166166.
1097 6661 1157 6714 teo.
1175 6675 1249 6730 seqq.
1269 6661 1317 6730 (111.
1336 6673 1359 6712 6.
1377 6657 1429 6724 3.);

476 6745 513 6796 111.
533 6747 591 6796 text.
613 6745 655 6796 63.
677 6745 709 6814 (6.
730 6747 781 6814 tu.)
802 6751 827 6802 61
845 6751 1018 6802 dollomcria
1038 6757 1063 6802 et
1080 6749 1213 6802 reminisc.
1232 6763 1254 6802 6.
1275 6747 1301 6800 1.

518 6917 536 6970 fi
549 6827 561 6860 ⁶
578 6829 630 6886 Clr.
642 6835 678 6886 ll.
697 6835 766 6886 sent.
786 6837 812 6890 d.
832 6839 873 6890 ts.
892 6851 917 6890 a.
937 6839 961 6890 1.
974 6853 1000 6906 6.
1013 6841 1039 6892 2.
1052 6837 1086 6892 66
1100 6839 1125 6892 l.
1136 6837 1218 6908 61111.
1230 6837 1257 6892 6.
1271 6831 1391 6890 16661).
1404 6835 1430 6886 2.

476 6933 501 6970 m
537 6931 578 6970 ne.

1139 615 1329 688 COMMENT.
1355 619 1392 686 lN
1415 619 1682 688 ECCLESIASTEN
1706 621 1806 694 elil.

1592 799 1739 880 61166,
1769 805 1893 868 certum
1915 805 1980 880 est,
2004 799 2089 888 quod
2123 801 2217 868 homo
2247 799 2460 878 6611666166

1502 901 1619 972 161666
1643 909 1674 972 61
1708 907 1877 992 praeterita
1910 905 2058 976 discernit
2081 909 2112 972 et
2143 905 2358 988 conceptiones
2387 923 2460 972 suas

1502 1009 1668 1096 exprimit3
1692 1013 1762 1084 hoe,
1775 1017 1881 1080 antem
1904 1031 1967 1080 non
1988 1011 2167 1080 iumentum
2180 1009 2212 1074 ⁵:
2234 1027 2310 1096 ergo
2333 1013 2407 1076 eto„

1592 1117 1621 1186 3.
1647 1119 1828 1200 Praeterea,
1850 1119 1944 1186 homo
1967 1119 2075 1196 domat
2096 1117 2251 1198 iumenta,
2267 1113 2322 1184 sed
2336 1115 2460 1186 nullum

1502 1221 1679 1290 iumentum
1704 1221 1879 1296 hominem:
1903 1241 1979 1308 ergo
2002 1223 2096 1292 homo
2131 1219 2249 1308 aliqud
2271 1219 2343 1306 plus
2365 1217 2460 1286 habet

1502 1327 1653 1396 iumento.
2190 1395 2191 1398 ,
2485 1385 2487 1388 .

1578 1433 1680 1518 ,Quod
1704 1441 1809 1502 autem
1832 1453 1894 1500 non
1910 1435 2040 1514 babeat,
2058 1435 2199 1504 videtur:
2214 1435 2288 1522 quia
2303 1431 2458 1512 nascitur,
2475 1447 2563 1492 contra.

1502 1539 1580 1606 vivit
1600 1545 1634 1606 61
1666 1539 1802 1606 moritur
1834 1545 1864 1606 61
1895 1539 1926 1606 16
1959 1547 2077 1608 terram
2107 1541 2208 1624 66611,
2239 1543 2322 1610 61661
2348 1543 2383 1608 61
2409 1539 2459 1608 iu-

1503 1649 1655 1712 mentum.
1883 1715 1884 1718 ,
2040 1713 2041 1716 ,

1592 1745 1787 1832 despondeo:
1811 1747 1938 1832 quidam
1961 1747 2088 1828 dicunt,
2120 1751 2205 1834 quod
2224 1751 2300 1818 boc
2318 1751 2394 1820 dicit
2426 1751 2460 1818 in
2477 1767 2542 1822 Roso-
2558 1765 2579 1810 t·

1501 1869 1636 1938 persona
1658 1851 1806 1930 carnalis,
1831 1851 1886 1937 qui
1919 1851 1998 1918 nibil
2025 1851 2125 1918 credit
2154 1855 2271 1922 babere
2302 1855 2460 1924 hominem

1501 1957 1574 2042 plns
1595 1955 1803 2022 1666616-
1826 1955 1920 2024 Aliter
1941 1957 2001 2022 dici
2027 1963 2146 2042 potest,
2168 1959 2255 2044 quod
2276 1959 2310 2026 in
2331 1961 2578 2044 propriaetates.

1501 2077 1637 2146 persona
1657 2061 1824 2146 loquatur3
1847 2067 1880 2128 et
1908 2077 2022 2128 verum
2053 2061 2129 2130 dicit
2157 2065 2330 2130 secundum
2365 2083 2460 2134 suum

1501 2167 1703 2232 intellectum.
1727 2165 1860 2232 intendit
1883 2167 1965 2234 enim
1988 2167 2055 2254 ipse
2078 2167 2241 2236 ostendere
2264 2169 2458 2238 incertitudi-

1502 2289 1575 2338 nem
1597 2269 1860 2338 remunerationis
1883 2273 2005 2344 animae
2026 2293 2083 2362 per
2098 2273 2333 2342 similitudinem
2354 2275 2394 2344 ad
2408 2275 2457 2344 iu-

1501 2381 1653 2448 mentum.
1679 2375 1766 2444 11166
1793 2383 1898 2446 66166
1928 2379 2161 2448 similitudinem
2192 2381 2279 2466 ponit
2310 2381 2458 2456 6116161-

1501 2481 1570 2566 tigit
1592 2487 1746 2566 6666166
1769 2483 1809 2548 66
1832 2483 1995 2566 visibitis,
2020 2505 2100 2572 6666
2124 2494 2256 2574 possunt
2285 2505 2382 2556 sensu
2410 2487 2457 2560 ui-

1502 2585 1621 2668 scorti,
1645 2592 1676 2654 ot
1699 2605 1760 2674 perw
1785 2589 1845 2656 boc
1877 2607 1939 2656 non
1968 2593 2128 2660 concludit
2156 2593 2393 2662 similitudinem
2420 2593 2457 2662 de

1499 2691 1754 2776 spiritualibus,
1771 2693 2080 2778 sequestrationem
2095 2697 2180 2764 unde
2195 2697 2285 2772 dicit:
2305 2699 2386 2782 Quis
2399 2719 2457 2766 rto-

1500 2797 1547 2866 ott
1569 2803 1627 2866 616.
1641 2831 1695 2848 ¹-
1716 2799 1890 2868 Dicendum
1915 2807 1964 2870 est
1987 2803 2100 2888 igitur,
2117 2803 2202 2890 quod
2216 2805 2389 2874 66666666
2404 2823 2457 2874 ve·
2475 2825 2594 2870 coltiaco.

1500 2905 1625 2972 ritatem
1647 2905 1742 2972 bomo
1766 2905 1861 2974 habet
1883 2907 1967 2975 ultra
1989 2909 2103 2976 bestias
2128 2909 2295 2990 rationem,
2318 2929 2457 2980 commu-

1501 3009 1585 3076 nicat
1607 3015 1713 3078 antem
1735 3011 1768 3076 in
1791 3013 2071 3098 corruptibilitate,
2093 3013 2157 3082 6116
2185 3019 2214 3080 61
2238 3015 2456 3100 respiratione

1501 3121 1531 3184 61
1555 3115 1631 3202 quia
1651 3117 1731 3184 ratio
1754 3135 1818 3184 non
1839 3123 1887 3184 661
1908 3117 1986 3202 6616
2001 3115 2161 3198 sensibile,
2178 3119 2232 3186 sed
2247 3117 2456 3208 intelligibile;

1502 3223 1622 3310 etipse
1650 3223 1690 3290 de
1722 3223 1924 3292 sensibilibus
1955 3223 2114 3310 loquitur:
2142 3223 2211 3292 ideo
2246 3225 2332 3293 66116
2355 3231 2401 3298 661
2425 3227 2456 3294 16

1502 3327 1562 3396 666
1584 3327 1712 3398 666166
1735 3329 1917 3396 1661661161.
1958 3383 1959 3386 ,

1589 3433 1623 3501 ll.
1640 3433 1812 3502 Dubitatur
1826 3433 1866 3502 de
1881 3435 1942 3502 boc
1956 3435 2041 3520 quod
2057 3435 2144 3504 dicit:
2164 3437 2457 3520 (lamminarum

1499 3541 1641 3628 spirituo
1670 3541 1820 3628 61166666
1849 3533 1962 3610 Adoro
1993 3533 2149 3610 66666661
2180 3543 2344 3610 sursum?
2368 3545 2456 3630 Quod

1499 3652 1604 3716 autem
1631 3649 1853 3730 6166166166

1572 3789 1573 3792 ¹
1592 3757 1620 3820 1.
1644 3753 1748 3820 Primo
1769 3773 1827 3838 per
1849 3753 1992 3840 corporis
2006 3753 2256 3840 dispositionem,
2280 3755 2372 3824 cuius
2393 3757 2455 3824 616-
2463 3779 2620 3826 sairanem.
2641 3751 2645 3760 “

1499 3859 1612 3946 positio
1634 3865 1666 3928 61
1688 3859 1880 3946 organizatio
1901 3859 2074 3928 attenditur
2090 3861 2264 3928 66666666
2280 3879 2454 3948 congruen-

1499 3967 1574 4040 tiam
1588 3967 1629 4032 ad
1644 3983 1781 4034 sursum.
1808 3965 1836 4032 Si
1860 3965 1956 4052 igitur
1983 3993 1999 4024 «
2010 3985 2046 4034 66
2071 3967 2191 4034 bomini
2214 3967 2348 4036 sublime
2370 3967 2454 4036 dedit

1499 4073 1684 4156 caelumque
1706 4069 1863 4152 166611»,
1887 4077 1919 4138 61
1942 4071 2069 4158 respicit
2090 4091 2239 4144 sursum:
2262 4091 2337 4160 crgo
2362 4075 2452 4160 spiri-

1498 4184 1551 4246 166
1573 4177 1675 4246 ierinr
1698 4195 1836 4246 sursum.

1586 4287 1617 4350 2.
1642 4285 1734 4364 1166,
1757 4301 1866 4352 omnes
1894 4285 2081 4354 naturaliter
2113 4291 2263 4372 appetunt
2287 4287 2452 4356 beatitudi-

1497 4405 1586 4468 nem;
1611 4387 1832 4456 666-66661666
1855 4394 1917 4468 661,
1940 4391 2063 4458 nullum
2085 4389 2213 4460 beatum
2231 4409 2298 4460 6666
2312 4411 2403 4478 posse
2419 4393 2451 4462 in

1496 4495 1647 4574 miseriis,
1670 4495 1809 4564 maxime
1831 4495 1883 4564 cui
1906 4513 1993 4576 mors
2014 4495 2097 4564 cedit
2121 4497 2233 4566 invite:
2256 4501 2373 4592 ergosi
2387 4519 2451 4568 non
2564 4565 2565 4570 ,

1496 4607 1598 4686 potest
1629 4599 1746 4668 habere
1775 4601 2000 4670 beatitudinem
2029 4603 2062 4670 in
2092 4603 2151 4670 hac
2186 4603 2266 4684 vita,
2291 4611 2452 4674 natusest

1497 4707 1614 4780 habere
1635 4711 1705 4792 post
1720 4707 1803 4774 hanc
1817 4707 1912 4774 61166
1928 4707 2074 4792 spiritum
2090 4713 2286 4794 separatum:
2302 4729 2376 4798 ergo
2391 4717 2449 4780 etc.

1420 4885 1421 4888 ,
1469 4823 1473 4834 ²
1585 4813 1616 4880 3.
1640 4813 1821 4892 Praeterea,
1837 4813 2013 4882 intellectus
2028 4819 2134 4882 noster
2150 4819 2197 4882 est
2212 4815 2450 4900 impermixtos,

1496 4917 1579 4984 nnde
1602 4917 1706 4984 omnia
1729 4917 1907 5002 intelligit⁸,
1932 4937 2006 5004 ergo
2028 4937 2091 4986 nnn
2115 4921 2267 5006 dependet
2282 4939 2301 4988 a
2319 4939 2451 5008 corpore

1427 5055 1428 5058 ¹
1496 5029 1648 5110 quantum
1673 5023 1711 5092 66
1734 5029 1857 5104 66166,
1880 5041 1955 5110 ergo
1979 5025 2078 5094 6616
2102 5025 2205 5092 61666
2234 5033 2388 5112 6666166
2412 5029 2451 5096 66

1495 5149 1578 5206 csse:
1604 5147 1679 5214 ergo
1700 5147 1833 5214 corpore
1848 5129 2070 5212 descendente,
2087 5131 2233 5218 possibile
2254 5139 2319 5214 est,
2343 5151 2450 5202 ascen-

1495 5237 1569 5304 dere
1592 5235 1749 5320 spiritum.
1931 5301 1932 5304 ,

1583 5341 1615 5408 1.
1638 5341 1729 5422 1166,
1752 5359 1809 5426 per
1831 5341 1986 5410 rationem
2007 5341 2108 5428 ipsius
2129 5343 2348 5412 Ecclesiastae:
2364 5347 2448 5430 quia,

1496 5449 1521 5518 si
1543 5447 1639 5534 aliqui
1663 5449 1779 5518 babent
1802 5449 1900 5530 bone,
1924 5455 1954 5518 et
1979 5449 2075 5536 aliqui
2107 5450 2201 5530 mala;
2226 5455 2256 5518 ct
2289 5449 2448 5530 6166666,

1495 5555 1578 5642 quod
1602 5555 1634 5620 16
1657 5555 1814 5642 praesenti
1835 5555 1919 5622 mala
1940 5555 2030 5624 bonis
2052 5561 2083 5622 et
2105 5557 2187 5624 bona
2217 5555 2307 5622 malis
2329 5557 2448 5622 contin-

1494 5666 1590 5746 gunt:
1615 5661 1639 5728 si
1664 5677 1739 5746 ergo
1760 5677 1887 5730 6666666
1919 5665 1966 5728 661
1996 5679 2098 5728 6666
2127 5665 2283 5728 rectorem
2312 5679 2446 5746 ponere,

1494 5783 1621 5834 necesse
1643 5771 1690 5832 661
1712 5767 1800 5834 61166
1819 5771 1944 5852 tempus
1967 5773 1998 5834 et
2021 5765 2306 5834 remunerationem
2320 5783 2448 5852 ponere,

1495 5869 1527 5936 16
1550 5889 1614 5954 quo
1636 5869 1778 5956 impium
1800 5879 1829 5936 61
1852 5871 1979 5938 instant
2000 5869 2122 5938 1661661
2143 5869 2266 5936 uacat
2291 5869 2370 5938 Cum
2392 5873 2448 5960 igi·
2526 5903 2527 5906 ¹

1564 6211 1574 6244 ⁷
1595 6215 1686 6282 Ouid,
1705 6217 1724 6268 l.
1742 6217 1914 6280 lietamorpb.
1933 6229 1961 6268 6.
1980 6217 2028 6282 85;
2048 6229 2074 6268 6.
2094 6217 2142 6270 86:
2161 6219 2234 6272 lussit
2252 6225 2279 6274 et
2300 6225 2401 6274 erectos
2414 6221 2448 6274 ad

1494 6303 1580 6356 sidera
1608 6303 1695 6356 tollere
1721 6305 1819 6358 661166.
1848 6301 1899 6358 Cir.
1925 6307 1989 6356 tom.
2016 6305 2129 6370 6666.
2149 6307 2215 6374 228,
2234 6309 2448 6362 66166-116

1493 6403 1567 6458 seqq.
1586 6405 1662 6456 argg.
1681 6391 1804 6444 omnibus
1821 6397 1848 6444 et
1865 6391 1992 6445 solutione
2009 6391 2071 6446 6166
2084 6395 2195 6448 115661.
2209 6397 2235 6450 d.
2248 6397 2290 6448 19.
2303 6409 2326 6450 a.
2343 6397 2366 6448 1.
2378 6409 2406 6462 6.
2423 6395 2448 6448 1.

1564 6475 1710 6542 8666166,
1730 6481 1767 6534 111.
1787 6479 2019 6546 6666166166.
2039 6481 2064 6534 1.
2084 6481 2117 6550 (6.
2143 6483 2193 6552 1.);
2211 6487 2322 6538 Necesse
2344 6487 2382 6536 est
2400 6483 2448 6534 ita-

1493 6581 1559 6634 que,
1578 6569 1703 6634 qnoniam
1717 6569 1806 6622 omnia
1818 6555 1947 6634 intelligit,
1963 6569 2111 6622 immixtum
2122 6585 2180 6624 esse
2193 6567 2387 6640 [intellectum],
2401 6569 2447 6622 sio-

1493 6661 1521 6708 ut
1540 6655 1603 6708 dicit
1619 6655 1801 6724 1666666,
1819 6661 1849 6710 61
1866 6655 2030 6726 666166166;
2048 6661 2205 6712 uocantem
2223 6663 2275 6722 661,
2297 6663 2326 6712 61
2350 6671 2448 6724 cogno·

1493 6749 1560 6806 scat;
1579 6757 1641 6796 nam
1660 6745 1788 6810 alienum,
1805 6745 1874 6800 iuxta
1893 6759 2037 6814 apparens,
2055 6747 2176 6814 probibet
2200 6753 2226 6802 et
2248 6745 2368 6800 obstruit.
2394 6745 2446 6800 Cir.

1492 6831 1557 6886 ibid.
1576 6835 1635 6884 tert.
1656 6833 1680 6886 6.

1562 6913 1575 6946 ⁹
1593 6919 1676 6974 Eccle.
1694 6921 1727 6986 3,
1746 6921 1788 6976 tt.
