5908 8266
203 1657 209 1690 l

1227 503 1824 574 COMMENT.1N10ANMMC.X111.
2438 511 2502 578 337

569 683 639 748 3.
660 683 739 766 Ergo
762 681 900 758 videtur,
926 679 1009 764 quod
1033 679 1215 746 diabolus
1190 687 1232 746 333
1220 679 1407 747 33333333]
1430 699 1482 748 co·

519 787 718 874 gitationum
731 787 895 854 immissor.
984 809 986 812 ·
1056 833 1058 842 .

611 899 639 962 t
666 899 700 962 Et
725 893 849 982 quod'
823 911 882 972 sic,
907 891 992 958 videt
980 895 1050 972 33;
1073 891 1149 977 quia
1164 893 1231 976 ipse
1252 895 1301 958 est
1289 893 1405 958 ideas
1419 889 1480 958 ba-

518 1001 574 1070 iae
597 1001 749 1070 taceati¹
771 1005 804 1064 33
828 997 1024 1074 dominatur
1048 995 1083 1064 ia
1098 995 1184 1082 tilios
1206 995 1423 1084 diffidentiae,
1439 997 1480 1064 ad

518 1103 849 1194 Ephesios‘secundoz
879 1117 954 1186 ergo
986 1101 1066 1168 sicut
1095 1103 1178 1168 Deus
1200 1101 1324 1180 electis,
1353 1101 1385 1166 33
1409 1101 1479 1186 qui-

518 1213 578 1280 bus
602 1213 741 1280 dominat
742 1225 792 1286 33,
818 1205 959 1273 333333333
989 1205 1087 1274 33333
1117 1205 1341 1292 cogitationes;
1373 1205 1437 1276 333
1448 1213 1479 1274 33

517 1317 662 1386 diabolus
684 1317 791 1382 333333.

558 1423 668 1488 833
690 1439 814 1488 333333
844 1421 906 1486 333
936 1425 1001 1498 333,
1027 1421 1117 1506 quia,
1142 1421 1168 1488 si
1190 1371 1368 1488 diabolus
1361 1417 1479 1488 33333

517 1529 572 1608 333,
596 1545 673 1612 ergo
694 1527 768 1594 velit
793 1525 870 1592 nolit
893 1525 1004 1606 homo,
1022 1527 1180 1612 peccabit:
1205 1533 1281 1614 ergo
1304 1527 1478 1596 secundum

518 1633 577 1700 hoc
602 1633 682 1700 esset
698 1631 844 1718 superior
866 1631 933 1718 ipsa
947 1639 1067 1712 mente,
1089 1635 1173 1720 quod
1187 1639 1236 1702 est
1250 1639 1360 1700 contra
1382 1635 1479 1700 ratio-

518 1757 592 1808 nem
616 1745 647 1806 33
671 1739 876 1826 Augvrstinum
892 1739 915 1806 ².

607 1847 807 1912 Resecunno:
823 1845 1012 1926 Dicendum,
1031 1845 1114 1934 quod
1136 1845 1238 1914 33333333
1294 1867 1396 1914 3333
1412 1847 1477 1916 sive

353 1959 497 2056 dpggpaffi
515 1951 685 2020 immittere
716 1953 882 2036 dupliciter
911 1953 1043 2020 dicitur:
1070 1971 1170 2036 propt
1160 1951 1263 2018 rieet
1293 1971 1477 2018 3333333333-

516 2065 585 2138 33;
605 2055 743 2146 proprie
715 2059 870 2126 timmtt
854 2057 936 2124 'tterc
954 2061 1006 2124 333
1024 2057 1199 2124 33333333333
1216 2057 1352 2126 formare
1374 2057 1476 2138 33333,

515 2173 548 2234 33
569 2167 614 2234 333
629 2174 677 2234 333
700 2163 798 2232 333333
811 2163 883 2242 Dei3
910 2163 1127 2228 communiter.
1142 2181 1218 2230 3333
1239 2163 1414 2232 immittere
1427 2171 1476 2232 est

514 2273 673 2340 offerendo
695 2285 865 2354 suggerere
880 2285 937 2354 per
962 2267 1164 2336 occasionem.
1175 2269 1286 2364 Primo
1303 2269 1398 2336 modo
1412 2289 1475 2336 333

514 2377 660 2444 33333333
681 2375 822 2454 diabolo,
848 2375 984 2442 secundo
1007 2375 1102 2442 modo
1124 2375 1205 2444 3333.

553 2527 554 2532 ,
604 2487 633 2550 3.
660 2483 747 2568 Quod
767 2479 848 2548 'vero
869 2481 1033 2562 obiicitur,
1063 2481 1149 2568 quod
1170 2483 1314 2552 diabolus
1346 2491 1472 2570 regnat;

425 2593 459 2638 td
473 2595 494 2640 2·
512 2589 697 2668 dicendum,
723 2587 806 2674 quod
822 2605 885 2674 333
910 2593 1020 2672 regnat
1034 2589 1164 2674 propria
1184 2591 1321 2672 virtute,
1346 2591 1400 2658 sed
1415 2609 1473 2676 per

512 2713 699 2762 consensum
718 2711 832 2780 pravae
848 2693 1032 2774 3333333333,
1047 2713 1129 2781 quae
1142 2697 1248 2764 volens
1265 2697 1291 2764 33
1307 2703 1448 2764 consenti
1439 2697 1472 2776 3,3

512 2803 684 2872 secundum
709 2801 788 2870 illud
802 2801 941 2888 Gregorii
956 2803 984 2868 4:
1015 2829 1031 2862 a
1045 2801 1162 2870 Debilis
1176 2809 1224 2870 est
1240 2803 1341 2872 hostis
1362 2809 1473 2870 contra

512 2909 709 2988 resistentes,
740 2910 851 2974 contra
881 2909 1108 2976 consentientes
1140 2909 1228 2976 fortis
1247 2935 1279 2974 3.
1311 2909 1383 2976 ldeo
1409 2927 1472 2978 non

510 3013 626 3082 dicitur
650 3015 843 3092 immittere,
866 3013 921 3080 sed
944 3033 1120 3100 suggerere
1144 3015 1194 3082 rel
1217 3015 1409 3108 incendere.=

604 3123 654 3188 36.
677 3121 802 3204 Quaest.
827 3117 871 3184 lll.
899 3119 972 3186 Item
989 3119 1155 3204 quaeritur
1169 3119 1209 3188 de
1225 3121 1299 3200 hoc,
1316 3121 1403 3206 quoti
1420 3139 1471 3188 so-

509 3229 559 3296 lus
584 3227 693 3294 Petrus
710 3223 843 3290 Domino
858 3225 973 3292 volenti
996 3225 1101 3294 lavare
1117 3227 1212 3312 pedes
1234 3227 1366 3308 restitit;
1392 3247 1470 3314 quo·

508 3333 602 3400 modo
623 3345 734 3398 omnes
756 3329 835 3396 nihil
854 3329 1029 3396 dixerunt?
1051 3331 1090 3398 Et
1111 3333 1137 3398 si
1153 3345 1262 3400 33333
1286 3339 1468 3416 tacuerunt,

483 3425 484 3428 ’
509 3437 666 3530 quomodo
688 3435 755 3522 ipse
779 3435 903 3502 valebat
925 3451 993 3502 esse
1018 3437 1185 3522 singularis
1201 3443 1213 3504 t
1227 3477 1274 3486 -
1296 3437 1336 3506 83
1358 3445 1395 3506 ta
1417 3439 1468 3506 di-

509 3563 586 3620 oar,
611 3541 696 3628 quod
726 3539 878 3608 Dominus
912 3541 1015 3626 primo
1040 3541 1122 3608 veuit
1155 3543 1194 3608 ad
1218 3559 1308 3622 eum,
1340 3549 1371 3610 33
1402 3545 1468 3628 ipse

507 3649 609 3736 primo
634 3649 767 3728 restitit,
790 3653 822 3714 et
851 3653 921 3732 post
944 3647 996 3714 alii
1028 3655 1101 3716 3333
1125 3651 1277 3730 33333333;
1310 3649 1470 3722 contraria

507 3755 700 3836 3333333333,
724 3755 798 3842 quia
831 3753 967 3820 dicitur:
994 3755 1104 3840 Coepit
1133 3755 1249 3822 tooure
1271 3761 1299 3822 et
1325 3763 1467 3842 tergora

506 3867 650 3948 etpost:
680 3861 773 3928 Venit
792 3865 870 3946 ergo
896 3861 941 3926 od
965 3859 1130 3926 Simonem
1155 3861 1291 3926 Petrum
1304 3861 1328 3926 ⁵.

485 3955 488 3962 ’
596 3967 771 4054 Respondet
803 3965 1044 4052 Chrysostomus
1061 3967 1086 4046 ⁶,
1121 3967 1206 4052 quod
1239 3965 1356 4046 credit,
1382 3965 1464 4052 quod

383 4097 449 4154 hosp
465 4097 484 4142 3
506 4073 597 4160 prius
617 4073 810 4162 lavitpedes
834 4073 943 4152 333333,
968 4073 1041 4158 quia
1061 4073 1111 4138 ille
1129 4080 1278 4158 tanquam
1302 4089 1465 4156 praesum-

505 4187 616 4248 tuosus
637 4181 775 4266 primum
797 4179 903 4246 locum
917 4179 1159 4264 anticipaverat,
1175 4185 1216 4246 33
1231 4186 1302 4264 post
1325 4179 1409 4246 venit
1425 4177 1464 4244 ad

341 4253 460 4354 'runt
466 4259 486 4302 θ’
505 4287 692 4368 Petrum,t
695 4287 780 4354 333
803 4285 926 4354 restrui.
947 4323 987 4334 -
1005 4285 1063 4352 333
1086 4285 1200 4352 marrus
1225 4283 1392 4352 3333333
1415 4297 1464 4352 sa-

576 4605 585 4636 ¹
605 4607 685 4672 Epist.
705 4607 731 4658 ll.
750 4605 808 4658 Cor.
830 4605 859 4670 i,
881 4607 905 4658 t.
926 4633 963 4646 --
987 4607 1110 4674 Sequitur
1131 4609 1204 4672 Eph.
1220 4609 1251 4674 2,
1271 4611 1300 4660 t:
1322 4607 1370 4676 Qui
1395 4623 1465 4662 3333

395 4733 397 4740 ·
504 4703 627 4762 operatur
644 4697 670 4748 33
689 4697 756 4750 filios
773 4697 944 4750 diffidentiae.

576 4783 675 4838 ’3.3333.
695 4786 738 4838 Xl.
759 4787 791 4838 de
817 4785 889 4838 Τ333.
906 4799 929 4838 3.
950 4785 972 4838 5.
993 4799 1019 4838 3.
1038 4787 1071 4838 8:
1088 4785 1144 4852 Qua
1169 4787 1290 4852 superior
1315 4787 1371 4852 ipse
1394 4787 1464 4840 solus

503 4879 550 4926 est.
569 4871 621 4926 Cir.
641 4877 667 4926 ll.
688 4877 759 4928 Sent.
777 4873 802 4926 d.
827 4877 847 4926 3.
868 4889 894 4940 p.
913 4875 942 4928 lt.
961 4889 984 4926 3.
1005 4877 1028 4928 3.
1048 4889 1076 4942 q.
1094 4877 1119 4926 3.
1139 4875 1173 4928 ad
1193 4875 1305 4940 opposit.
1327 4877 1354 4938 3,
1376 4875 1419 4928 vibi
1439 4877 1463 4928 33

503 4967 563 5016 3333
582 4961 682 5016 adiecta
702 4963 788 5028 plures
807 4963 848 5014 3333
868 4963 915 5016 3333
937 4965 1047 5028 August.
1067 4963 1132 5026 allati
1151 4969 1226 5030 sunt;
1247 4965 1270 5014 in
1290 4963 1462 5028 responsione

503 5051 536 5106 ad
554 5053 622 5102 hane
642 5049 816 5104 obtectionem
834 5051 939 5114 dicitur,
957 5051 1029 5118 quod
1048 5053 1113 5104 haec
1133 5053 1242 5116 3333333.
1256 5051 1344 5104 verba
1364 5067 1414 5104 333
1429 5053 1462 5106 de

501 5139 628 5206 dignitate
641 5143 762 5204 33333333,
775 5139 822 5192 sed
837 5137 872 5190 de
884 5139 1194 5192 causalitateinlluentiae
1206 5139 1370 5204 intelligenda
1385 5147 1461 5206 sunt;

446 5281 447 5284 ,
505 5249 519 5276 a
531 5241 592 5280 nam
611 5227 681 5280 Deus
700 5225 851 5278 immediate
870 5225 954 5280 inlinit
969 5227 997 5276 33
1016 5232 1145 5290 mentem,
1163 5233 1191 5280 et
1208 5227 1264 5292 ipsa
1282 5241 1359 5280 mens
1373 5229 1461 5280 imme·

501 5317 603 5372 diates
623 5315 708 5382 prima
725 5315 836 5368 veritate
856 5315 1017 5368 3333333333.

572 5403 652 5458 ³Ctr.
669 5405 698 5458 ll.
717 5407 787 5456 sent.
808 5405 834 5456 d.
853 5405 880 5456 8.
903 5417 931 5468 p.
950 5405 975 5456 33.
992 5419 1027 5472 jq.
1048 5403 1073 5456 t.
1096 5409 1123 5456 et
1148 5403 1172 5456 5.
1196 5403 1263 5456 Vide
1287 5405 1366 5456 etiam
1391 5403 1457 5458 ibid.

500 5495 526 5546 d.
546 5495 589 5546 to.
606 5507 632 5546 3.
650 5495 675 5546 3.
695 5507 720 5560 q.
739 5495 765 5546 2.
782 5521 820 5530 —-
836 5493 962 5558 August,
981 5491 1010 5544 in
1034 5491 1115 5544 loen.
1130 5493 1229 5554 evang.
1254 5496 1285 5542 33.
1314 5489 1357 5544 66.
1382 5507 1407 5544 3.
1429 5491 1458 5546 t:

500 5581 586 5636 33333333
603 5579 652 5636 istu
671 5579 814 5648 spiritualis
832 5579 967 5646 suggestio
986 5583 1032 5632 est.
1052 5577 1101 5630 Ch.
1121 5577 1188 5628 33333
1206 5591 1233 5630 3.
1252 5577 1294 5630 ta.

569 5669 581 5700 ⁴
598 5671 667 5724 Libr.
688 5671 718 5726 V.
738 5671 826 5724 Morel.
843 5683 866 5722 c.
887 5669 930 5722 33.
948 5685 972 5720 3.
995 5669 1042 5720 33;
1062 5665 1192 5734 Antiquos
1209 5667 1303 5730 3333333,
1316 5667 1383 5720 siem
1394 5681 1457 5720 con-

498 5763 537 5812 333
555 5759 744 5812 consentientes
761 5759 833 5810 tortis
857 5763 910 5822 est,
930 5759 961 5810 ita
989 5761 1077 5810 contra
1103 5753 1256 5816 resistentes
1277 5753 1380 5810 debilia.
1404 5755 1457 5810 Ctr.

498 5849 526 5900 ll.
545 5849 615 5900 Sent.
634 5849 660 5900 d.
680 5849 706 5900 6.
724 5845 786 5900 dub.
809 5849 838 5900 3:
851 5853 879 5900 et
896 5847 922 5900 d.
944 5849 986 5900 38.
1005 5863 1028 5900 3.
1052 5849 1122 5912 333.
1141 5845 1166 5896 t.
1185 5857 1242 5906 arg.
1262 5843 1286 5894 3.
1309 5857 1358 5910 pro
1382 5852 1455 5910 parte

497 5937 605 6012 affirm,
631 5933 676 5990 ubi
702 5935 822 6002 Gregorii
848 5937 975 5990 sententia
1001 5937 1039 5988 his
1065 5933 1202 5990 exhibetur
1226 5929 1332 5984 verbis:
1358 5933 1455 5990 uetita

497 6027 537 6080 est
552 6021 649 6090 3333333,
672 6023 720 6092 gui
743 6035 798 6078 aaa
822 6023 906 6080 uincit
929 6019 1260 6090 natantianatantia
1285 6021 1376 6076 3333333
1395 6037 1455 6078 333-

497 6113 587 6168 cordat
604 6115 640 6178 Β,
657 6113 705 6182 qai
722 6113 765 6164 333
781 6113 858 6180 tegit:
878 6111 974 6168 Debilis
994 6117 1033 6168 est
1051 6113 1147 6178 bostis,
1172 6109 1219 6182 qui
1235 6125 1291 6164 3333
1302 6113 1455 6180 potestato-

496 6215 555 6258 cae
578 6201 633 6256 3333·
653 6201 792 6256 nolentem.
812 6201 860 6254 3333
881 6201 957 6254 codd.
976 6207 1003 6254 et
1019 6203 1152 6256 Gomanus
1171 6197 1338 6254 abbreviare:
1356 6197 1454 6256 Dabitis

495 6293 535 6344 est
551 6287 636 6344 bortis
653 6293 702 6344 otc.
719 6317 756 6330 -·
773 6287 882 6342 interius
899 6295 959 6354 post
977 6287 1075 6344 dicitur
1094 6291 1137 6344 ed.
1155 6287 1229 6344 addit
1244 6285 1367 6356 proprie.

566 6375 577 6408 ⁶
595 6379 720 6444 August,
740 6377 764 6430 33
789 6377 859 6430 3333.
884 6377 982 6442 evang.
1008 6383 1039 6432 tr.
1062 6379 1110 6432 56.
1130 6393 1155 6430 n.
1177 6377 1206 6430 l:
1228 6375 1306 6430 Venit
1328 6389 1393 6446 erpo
1418 6377 1455 6432 ad

495 6465 633 6522 Simonem
657 6467 783 6530 Petram,
809 6467 886 6532 quasi
908 6465 1041 6532 aliquibus
1066 6467 1118 6530 iam
1142 6467 1249 6518 lavisset
1274 6467 1384 6528 etpost
1407 6479 1453 6534 eos

494 6555 609 6608 venisset
627 6555 659 6608 ad
679 6555 804 6620 primum.
823 6555 887 6620 Quis
904 6555 975 6606 enim
995 6557 1107 6620 nesciat,
1126 6555 1244 6622 primum
1265 6551 1451 6616 Apostolorum

494 6657 552 6698 esse
569 6641 751 6696 beatissimam
769 6643 897 6696 Petrum?
991 6631 992 6634 ’
1217 6663 1219 6666 -

506 6771 507 6774 .
564 6729 576 6762 ⁶
592 6731 621 6784 33
638 6731 707 6786 loen.
726 6731 818 6786 homil.
834 6731 879 6784 70.
894 6731 972 6796 333333
992 6731 1044 6800 63.)
1064 6749 1088 6786 3.
1101 6735 1140 6786 t:
1153 6733 1211 6786 lore
1223 6735 1311 6784 autem
1324 6743 1451 6796 quaeras:

493 6821 545 6878 Cur
563 6821 648 6874 333333
666 6821 747 6872 33333
764 6819 852 6884 ipsum
872 6819 989 6890 cohibuit
1012 6821 1063 6874 nisi
1080 6821 1187 6886 Petrus,
1210 6817 1284 6886 quod
1306 6807 1358 6872 333
1375 6821 1450 6884 parvi

1546 683 1683 752 cundum
1709 683 1882 766 Glossaml,
1908 685 2014 772 quod
2015 687 2120 772 primo
2134 685 2219 754 venit
2232 686 2282 752 333
2302 685 2505 806 Ρ33333,3
2474 691 2505 752 33

1481 789 1622 856 illud
1646 791 1765 858 dictum
1789 799 1836 860 est
1858 809 1915 882 per
1937 791 2095 878 anticipat
2088 811 2215 860 33333.

1636 899 1794 964 363333
1781 905 1896 986 tqaam
1917 919 1993 986 erpo
2024 899 2104 968 lavit
2093 899 2221 986 tpedes
2243 905 2310 966 333.
2336 861 2502 982 Postquam
2519 911 2667 1010 333)ξὶ33οΠ33

1543 1001 1664 1086 posuit
1671 1005 1872 1088 exemplum,
1898 1003 2010 1072 bertot
1962 1013 2053 1072 tatur
2078 1007 2160 1072 ad
2146 1013 2220 1074 tmct
2203 1003 2387 1072 tondum
2371 1023 2501 1090 tprant,
2531 1017 2558 1060 33
2572 1017 2655 1062 inian-

1543 1109 1650 1174 33333
1673 1107 1800 1192 quidem
1816 1109 1888 1176 33333
1911 1127 1969 1196 per
1984 1111 2070 1178 hunc
2086 1113 2230 1180 modum:
2247 1109 2349 1196 primo
2372 1129 2414 1178 ex
2430 1129 2504 1178 con·
2536 1071 2587 1114 ἀπ’
2600 1071 2649 1116 Μ

1543 1211 1731 1280 sideratiooe
1753 1215 1927 1330 dignitatis
1950 1217 2124 1304 Magistri:
2149 1217 2301 1296 secundo,
2335 1217 2504 1306 magnita-

1543 1317 1633 1382 dinic
1655 1319 1820 1404 praemii·
1789 1321 1955 1400 3333333,
1978 1323 2143 1390 excellent
2114 1331 2180 1390 ttae
2204 1323 2324 1390 meriti.

1631 1423 1733 1510 (Vcrs
1761 1426 1836 1506 m).
1856 1425 2006 1494 Hortatur
2023 1445 2097 1514 ergo
2120 1447 2162 1496 ex
2181 1429 2428 1504 consideratione
2453 1429 2503 1500 tli-
2475 1439 2664 1538 neapotepont-

1541 1529 1663 1616 gaitae
1640 1529 1680 1596 tis
1715 1529 1987 1646 duplari-qma
2022 1533 2088 1616 ipse
2109 1535 2255 1620 Magister
2288 1541 2320 1600 et
2350 1535 2503 1604 Dominus
2522 1499 2629 1592 3333333

1541 1633 1631 1712 33333,
1656 1633 1725 1700 ideo
1747 1631 1861 1700 debent
1885 1641 1916 1702 et
1938 1633 1996 1718 ipsi
2022 1637 2142 1718 l;ecere
2165 1643 2198 1704 33
2219 1639 2306 1718 ideo,
2336 1657 2406 1706 cum
2430 1659 2502 1708 sur-

1542 1741 1664 1808 rexerit
1685 1747 1723 1808 ut
1745 1739 1899 1820 minister,
1924 1741 1986 1806 iam
2010 1741 2118 1826 incipit
2141 1745 2253 1812 docere
2284 1753 2321 1830 ut
2342 1749 2501 1832 magister.

1541 1847 1611 1914 ldeo
1627 1853 1660 1914 et
1681 1845 1866 1912 vestimenta
1883 1847 2032 1928 resumit,
2055 1847 2246 1916 audientiam
2264 1851 2353 1934 petia
2371 1858 2501 1938 propter

1541 1952 1626 2038 quod
1640 1951 1740 2046 dicit:
1767 1953 1949 2042 Postquam
1970 1973 2047 2040 erpo
2073 1953 2154 2020 lauit
2171 1955 2271 2040 pedes
2291 1943 2426 2038 3333333,
2441 1973 2500 2024 ¹ac-

1541 2059 1650 2146 cepit⁸
1672 2059 1864 2150 oestiraeata
1885 2077 1966 2138 saa,
1990 2077 2075 2144 quae.
2102 2061 2220 2128 scilicet
2243 2059 2447 2144 deposuerat,
2460 2069 2500 2132 ut

1540 2165 1691 2246 serviret3
1715 2171 1744 2230 et
1767 2183 1842 2232 cam
1857 2165 2077 2244 rocaboucort,
2093 2165 2320 2232 iterum-dicit
2340 2165 2405 2234 eis:
2431 2167 2500 2234 Sci-

1541 2269 1601 2350 tis,
1625 2271 1709 2360 quid
1727 2267 1863 2356 facerim
1886 2267 2001 2336 cobis?
2024 2271 2115 2338 Facit¹
2135 2289 2187 2338 eos
2210 2271 2357 2344 sollicitos
2381 2271 2419 2338 ad
2451 2279 2499 2348 33,-

1540 2375 1747 2456 tendendum,
1768 2375 1848 2462 'quia
1877 2375 1970 2444 debet
1991 2375 2103 2444 docere
2132 2385 2169 2462 ut
2199 2377 2360 2462 Magister3
2390 2383 2420 2478 ct
2451 2363 2499 2446 cst

1538 2483 1680 2552 doctrina
1705 2503 1776 2564 3333,
1800 2483 1866 2548 ut
1859 2483 1916 2568 ipsi
1943 2483 2064 2550 imitant
2065 2501 2122 2564 ur;
2147 2489 2315 2570 propterea
2336 2483 2429 2552 dicit:

1630 2591 1679 2656 3.
1706 2591 1806 2674 (Vers.
1835 2589 1909 2670 33.).
1942 2591 2002 2654 Vos
2034 2591 2160 2656 3333333
2194 2609 2244 2656 me
2278 2591 2438 2676 Magister
2467 2599 2498 2658 et

1537 2665 1691 2774 Domine,
1715 2693 1982 2774 aeramentorum
2009 2693 2225 2762 3333333333.
2252 2695 2414 2762 Estenim
2425 2695 2496 2762 Ma-

1534 2801 1588 2888 gis
1590 2809 1657 2882 t,·er
1680 2801 1827 2868 Matthaei
1856 2801 2007 2888 vigesimo
2030 2801 2168 2868 tortior:
2204 2829 2219 2862 «
2239 2801 2328 2896 Unus
2357 2807 2404 2870 est
2435 2805 2498 2870 Ma-

1535 2909 1633 2996 gister
1656 2913 1777 2990 vester,
1800 2909 1987 2976 Christus».
2015 2909 2066 2976 Est
2087 2881 2180 2976 etiam
2210 2907 2388 2988 Dominae,
2411 2909 2496 2976 unde

1535 3015 1634 3082 David
1667 3017 1797 3082 vocabat
1832 3033 1905 3082 eum
1943 3015 2119 3082 Dominam
2152 3035 2256 3084 suam
2288 3015 2322 3080 in
2355 3015 2495 3082 Psalmo:

1541 3119 1656 3188 «Dixit
1669 3121 1824 3188 Dominus
1838 3121 1970 3188 Domino
1993 3139 2084 3190 meo:
2109 3120 2187 3188 Sede
2202 3141 2222 3188 3
2235 3119 2358 3188 dextris
2374 3121 2451 3188 3333
2462 3149 2494 3188 a

1628 3231 1676 3296 l.8
1628 3229 1803 3310 l(Vers.
1825 3229 1899 3312 33..)
1924 3229 2013 3296 Sier
1983 3227 2219 3314 eripoegolaa
2240 3227 2493 3316 pedecoerhroe

1535 3293 1750 3402 Domiaaset
1738 3335 1952 3422 tMapist;er
1973 3343 2004 3402 et
2024 3355 2082 3402 333
2105 3335 2195 3402 debet
2195 3333 2332 3402 ilerda
2354 3335 2494 3402 alterius

1534 3441 1650 3508 lavore
1667 3441 1785 3524 pedes;
1808 3441 1846 3508 ad
1863 3441 2076 3526 Philippenses
2090 3441 2227 3508 secundo
2242 3441 2283 3506 1⁰:
2308 3467 2323 3500 3
2339 3439 2373 3516 33
2389 3439 2494 3520 humi-

1532 3545 1620 3612 litate
1643 3545 1823 3630 superiores
1844 3545 1901 3612 33333
1919 3545 2052 3614 3333333
2076 3545 2265 3614 arbitrantes
2285 3569 2325 3626 33;
2349 3551 2381 3612 33
2402 3551 2491 3628 post:

1536 3677 1553 3710 <r
1570 3653 1632 3718 lloc
1647 3651 1760 3716 sentite
1781 3651 1815 3716 in
1831 3653 1935 3730 333333,
1960 3651 2043 3736 quod
2062 3659 2090 3718 et
2114 3653 2146 3718 33
2162 3653 2286 3728 Christo
2313 3653 2380 3718 lesu
2395 3679 2411 3710 3
2433 3657 2491 3718 333.

1531 3757 1568 3826 Et
1590 3757 1671 3824 ratio
1695 3757 1791 3825 huius
1807 3757 1968 3824 subditur:
1993 3757 2143 3842 quiahoc
2165 3757 2240 3824 tecit
2255 3755 2292 3824 ed
2312 3775 2343 3824 se
2368 3757 2493 3824 imitan-
2513 3769 2640 3816 3333333.

1530 3859 1618 3926 dum.
1642 3859 1723 3928 Fecit
1739 3859 1824 3926 enim
1845 3861 2016 3942 miracula,
2039 3881 2122 3948 quae
2144 3881 2206 3928 non
2230 3877 2398 3948 possumus
2422 3863 2491 3928 imi-

1530 3965 1607 4044 tari,
1626 3965 1778 4052 quianon
1792 3965 1865 4034 iecit
1881 3967 1911 4032 in
1929 3967 2121 4058 exemplum,
2134 3969 2187 4034 sed
2200 3967 2232 4034 33
2244 3967 2399 4052 potentiae
2411 3967 2492 4034 iudi-

1529 4073 1628 4154 cium;
1644 4073 1717 4140 iecit
1731 4091 1829 4160 opera
1842 4073 1974 4140 humilia
1990 4073 2028 4140 ad
2040 4073 2243 4156 imitandum,
2257 4079 2292 4140 33
2306 4073 2373 4154 33;
2386 4075 2488 4142 unde:

1620 4181 1669 4244 39.
1706 4179 1808 4262 (Veis,
1843 4181 1917 4262 36.)
1952 4181 2187 4268 iiocentplam11
2209 4179 2291 4246 dedi
2312 4179 2418 4258 vobis,
2450 4189 2488 4248 at

1528 4285 1808 4374 quentarimadam
1829 4305 1887 4370 eqo
1908 4283 1974 4372 feei
1997 4285 2102 4366 cobis,
2127 4287 2175 4352 ita
2198 4295 2226 4352 ct
2249 4303 2307 4352 333
2328 4283 2487 4370 furialia·

1529 4607 1627 4662 amoris
1644 4607 1860 4676 reverentiaeque
1884 4607 1991 4670 signnm
2010 4607 2075 4660 33333
2094 4607 2150 4674 Qua
2170 4589 2235 4672 ergo
2249 4607 2280 4658 de
2294 4609 2391 4658 causat
2411 4607 2488 4660 Vide·

1527 4703 1572 4750 tur
1589 4699 1653 4750 mihi
1673 4697 1760 4764 primo
1778 4697 1920 4760 proditoris
1939 4697 2020 4760 pedes
2047 4681 2184 4762 abluisse,
2204 4693 2301 4748 deinde
2324 4695 2358 4748 ad
2381 4695 2487 4748 Petrum

1526 4787 1645 4854 venisse,
1664 4787 1782 4852 aliosque
1801 4785 1926 4850 deinceps
1947 4785 2095 4836 admonitos
2116 4785 2202 4838 333333.
2222 4783 2298 4852 Quod
2318 4785 2387 4836 enim
2407 4785 2487 4836 elium

1526 4877 1681 4942 quampiam
1700 4881 1760 4926 ante
1772 4873 1843 4926 illum
1865 4871 2005 4938 levaverit,
2023 4871 2111 4936 palam
2131 4877 2170 4926 est
2189 4887 2219 4926 ex
2239 4871 2278 4926 his
2297 4871 2398 4924 verbis:
2420 4871 2487 4926 Cam

1526 4967 1619 5018 atatem
1636 4961 1709 5016 333333
1724 4961 1762 5016 ad
1778 4961 1899 5016 Petrama
1919 4961 1970 5012 Sed
1985 4973 2035 5012 non
2051 4967 2088 5012 est
2101 4963 2246 5016 vehemens
2257 4967 2392 5014 aecusator
2405 4961 2487 5014 Ε333-

1526 5049 1708 5114 gersaulam
1727 5049 1797 5102 enim
1816 5045 1900 5116 caepa
1923 5051 1973 5102 333
1998 5045 2156 5102 subinnuat.
2183 5047 2289 5102 333333
2312 5063 2376 5100 vero
2394 5049 2487 5102 renus
2507 5035 2508 5038 ’

1525 5139 1629 5202 primus
1640 5143 1722 5202 esset,
1735 5137 1875 5190 verisimile
1887 5143 1936 5202 est,
1948 5137 2125 5204 proditorem,
2135 5141 2225 5204 utpote
2239 5137 2415 5204 petulantem,
2426 5143 2485 5190 ante

1525 5229 1704 5290 coryphaeum
1724 5225 1880 5278 accubuisse
1897 5231 1947 5280 etc.
2142 5295 2144 5298 Ι

1594 5309 1605 5340 ²
1626 5313 1728 5366 Scilicet
1747 5311 1962 5368 mietiiaearent:
1987 5315 2067 5366 «Non
2091 5319 2151 5380 post
2177 5315 2255 5382 alios,
2276 5313 2324 5366 sed
2349 5313 2424 5380 prius
2447 5315 2484 5366 ad

1522 5403 1668 5468 prinoipem
1689 5403 1886 5472 Apostolorum;
1904 5403 1972 5456 ideo,
1983 5405 2145 5470 expavescit,
2165 5405 2240 5470 quod
2257 5403 2328 5456 Deus
2353 5405 2422 5478 taret
2438 5417 2484 5470 pe·

1523 5491 1571 5544 des
1587 5491 1726 5546 homini».
1747 5491 1799 5546 Ch.
1822 5491 1947 5560 August,
1964 5493 1992 5546 in
2012 5495 2084 5546 loan.
2104 5495 2202 5558 Erang.
2221 5499 2252 5546 tr.
2273 5491 2362 5544 663.
2381 5493 2413 5546 l:
2432 5495 2483 5546 Sed

1520 5593 1575 5632 333
1593 5579 1628 5632 333
1646 5579 1844 5646 intelligendum
1864 5585 1916 5648 est,
1935 5581 2007 5648 quod
2026 5585 2086 5654 post
2104 5581 2203 5648 aliquos
2222 5581 2255 5636 ad
2267 5579 2340 5634 illum
2356 5579 2481 5648 [Petrum]

1520 5669 1637 5732 venerit,
1655 5669 1702 5724 sed
1721 5669 1794 5736 quad
1813 5669 1846 5720 ah
1866 5669 1907 5720 3333
1927 5669 2052 5736 coeperit.
2069 5669 2181 5736 Quando
2205 5681 2270 5736 ergo
2297 5669 2379 5734 pedes
2404 5669 2483 5720 disci·
2585 5659 2586 5664 ’

1519 5759 1643 5822 pulcrum
1662 5759 1751 5810 lavare
1769 5757 1869 5822 coepit,
1886 5759 1960 5810 venit
1979 5759 2012 5810 ad
2031 5771 2109 5822 eum,
2126 5771 2141 5810 3
2160 5771 2214 5824 quo
2231 5755 2330 5822 coepit,
2345 5755 2371 5810 id
2385 5761 2426 5810 est
2437 5757 2482 5810 Pe·

1518 5851 1605 5912 trum;
1623 5853 1647 5898 et
1666 5853 1727 5900 tunc
1746 5849 1851 5910 Patrue,
1870 5835 1942 5914 quod
1961 5847 2040 5900 etiam
2065 5845 2175 5914 quilibet
2198 5859 2293 5900 eorum
2316 5845 2481 5912 expavisset,

1518 5935 1625 6002 expavit
1641 5939 1722 6002 atque
1741 5935 1789 5990 ait:
1808 5933 1933 6002 Domine,
1955 5939 1986 5990 ta
2003 5931 2072 5990 333333Ι
2090 5933 2167 5990 lucas
2181 5933 2284 6004 pedes?

1589 6019 1602 6050 ⁸
1622 6023 1732 6090 Vulgata
1751 6025 1782 6076 33
1793 6023 1908 6092 accepit,
1927 6039 1995 6092 quae
2012 6023 2125 6076 subinde
2143 6023 2238 6076 omittit
2250 6023 2283 6086 et,
2301 6035 2331 6074 ac
2351 6035 2399 6086 pro
2417 6017 2481 6074 dicit

1517 6111 1651 6166 substituit
1670 6111 1800 6166 333333-
1818 6113 1927 6166 33333333
1944 6127 1995 6178 pro
2011 6111 2064 6182 ipsi
2075 6113 2100 6164 M
2113 6111 2216 6182 3333333,
2233 6109 2274 6164 ed.
2289 6123 2349 6162 cum
2363 6109 2479 6170 Gerrano

1517 6199 1572 6270 ipsi
1587 6215 1660 6254 eam.

1586 6285 1693 6344 ”Vera
1712 6289 1793 6342 8.-
1756 6289 1934 6362 -Seqnitur
1952 6291 1994 6344 Ps.
2013 6289 2079 6354 too,
2100 6293 2124 6342 3.

1588 6375 1613 6408 ¹⁰
1630 6377 1704 6432 Vers.
1726 6379 1752 6432 3.
1769 6379 1839 6432 etb.
1858 6393 1934 6446 seqq.

1589 6463 1611 6496 ¹¹
1630 6465 1743 6530 Vulgata
1763 6465 1929 6536 Eaemptam
1953 6465 2088 6538 enim—
2107 6461 2230 6530 Sequitur
2253 6461 2341 6514 Matth.
2368 6461 2415 6530 tt,
2434 6461 2477 6514 29.

1515 6583 1552 6596 —
1568 6553 1716 6620 chrysost,
1737 6553 1760 6604 in
1787 6557 1857 6608 3333.
1880 6553 1972 6606 homil.
1991 6553 2035 6606 rt.
2054 6551 2127 6620 (33333
2146 6551 2278 6620 73333)
2291 6547 2396 6614 :Quid
2411 6563 2476 6614 ergo

1515 6643 1566 6712 sibi
1589 6643 1652 6696 vult
1670 6641 1733 6694 illud
1755 6639 1815 6694 ito?
1839 6641 1939 6694 Eodem
1964 6641 2059 6694 studio.
2084 6641 2145 6710 ldeo
2171 6653 2201 6692 er
2221 6637 2370 6694 maioribus
2396 6637 2477 6692 rebus

1514 6733 1634 6796 exempla
1652 6729 1746 6792 sumit,
1765 6733 1795 6780 ut
1811 6731 1904 6782 saltem
1923 6727 2010 6782 minus
2030 6713 2165 6782 33333333.
2177 6727 2241 6780 Nam
2254 6725 2373 6804 magistri
2386 6729 2476 6792 pueris

1514 6819 1613 6874 litteras
1630 6815 1820 6884 pulcherrimas
1838 6813 1971 6884 scribunt,
1989 6821 2037 6880 ut,
2051 6815 2110 6892 lieet
2126 6813 2317 6882 imperfectius,
2331 6813 2474 6866 imitentur.
