5916 8276
1044 565 1237 632 COMllEN'i.
1261 565 1299 632 IN
1321 563 1538 628 ssrludrlsll
1562 563 1593 630 C.
1608 563 1691 629 ,xlii

362 745 441 824 -ria,
469 745 533 814 sive
566 745 684 832 lignea,
712 747 776 814 sive
807 745 885 822 alia,
907 761 969 808 nun
1001 747 1122 808 matrim
1151 739 1271 820 ferrea3
1295 739 1333 804 de

379 851 463 916 siloa
488 853 615 940 liqnam
640 861 768 920 rectam·
785 847 944 926 secuerit·
966 847 1062 914 Isaiae
1094 843 1332 930 quadragesimo

380 957 534 1042 quarto¹:
573 957 742 1024 «succidit
772 955 900 1030 cedros,
930 953 1002 1019 tulit
1033 953 1169 1018 ilicem»
1202 955 1260 1016 eto.
1294 949 1334 1012 nr

380 1061 494 1144 battus,
520 1065 637 1132 seilicet
658 1063 752 1148 ligni,
770 1061 864 1126 ‘docte
887 1059 1007 1126 eradat
1026 1075 1152 1122 omnem
1170 1045 1332 1132 corticem,

380 1171 497 1236 scilicet
519 1169 723 1246 exteriorem
749 1171 778 1230 et
800 1173 874 1232 arte
894 1183 960 1230 suu
992 1183 1093 1240 uscos,
1118 1159 1262 1246 fabricet
1283 1159 1333 1224 dt-

266 1327 268 1332 .
380 1275 514 1360 tipenter
534 1293 596 1340 aas
620 1273 716 1352 utile;
739 1271 863 1338 Glossa:
894 1269 1020 1336 «Valde
1049 1267 1174 1346 utile»,
1199 1267 1235 1332 in
1259 1285 1333 1330 con·

279 1405 282 1410 ·
379 1381 595 1446 versationem
630 1379 733 1456 citae,
759 1377 913 1444 humanae
941 1375 1076 1454 scilicet;
1106 1373 1260 1440 secundae
1295 1369 1332 1436 ad

380 1485 580 1550 Timotheum
602 1485 768 1558 secundo:
791 1509 807 1540 t<
824 1485 855 1548 ln
881 1501 993 1568 magua
1022 1479 1104 1546 enim
1137 1479 1229 1546 durno
1261 1481 1334 1542 sunt

379 1591 458 1656 vasa
474 1587 578 1672 lignea
599 1595 631 1656 et
653 1589 760 1656 fictilia
774 1615 789 1648 »
819 1595 877 1654 ete.

467 1695 570 1778 (Vers.
596 1695 670 1778 ln).
704 1693 874 1782 Reliquias
906 1699 1017 1758 uatem
1048 1689 1150 1756 lenias
1180 1687 1287 1774 operis
1301 1687 1332 1764 2,

291 1879 298 1902 Ι
380 1801 409 1866 id
433 1805 480 1868 θεῖ
503 1801 578 1886 ligni
601 1801 770 1886 praedicti,
793 1801 839 1866 act
860 1797 1153 1892 praeparationem
1170 1813 1263 1862 escae
1277 1793 1334 1860 ab·

379 1915 513 1986 intucor,
536 1907 568 1974 id
591 1915 652 1988 θεῖ,
680 1915 804 1984 utatur,
833 1903 1007 1972 seeundum
1032 1902 1111 1968 illud
1135 1901 1228 1968 Isaiae
1257 1919 1334 1986 qua-

379 2013 553 2098 dragesimo
578 2019 708 2100 quarto:
737 2041 753 2074 «
770 2011 950 2078 Sumsitex
965 2011 1011 2084 eis
1033 2017 1065 2076 et
1087 2007 1332 2086 catalanenses,

309 2117 311 2122 ’
379 2119 538 2188 succendit
561 2129 593 2188 et
614 2119 703 2188 coxit
722 2137 820 2204 panes
834 2145 864 2182 n.

236 3085 270 3128 De
284 3085 358 3128 torma.

467 2227 568 2308 (Vere.
596 2227 669 2308 la).
699 2227 725 2290 u
759 2223 921 2310 reliquam
947 2219 1083 2300 boram,
1107 2221 1222 2286 horum
1253 2219 1333 2286 scili-

379 2335 444 2408 eet,
467 2347 547 2414 quae
572 2329 603 2394 iu
627 2347 706 2396 usus
737 2329 894 2394 humanos
920 2327 1021 2412 posita
1048 2331 1140 2404 sunt;
1163 2325 1253 2414 qaod
1286 2323 1332 2392 oct

377 2435 507 2500 nuttam
530 2455 629 2500 usctm
644 2435 666 2514 ³,
692 2433 809 2500 scilieet
832 2435 1024 2514 humanum,
1039 2431 1140 2518 facit,
1153 2431 1188 2498 id
1210 2437 1258 2498 θεῖ
1280 2449 1334 2496 va·

364 2539 438 2618 let,
463 2539 568 2624 ipsum
590 2539 659 2606 dico
682 2539 809 2626 tiquam
833 2557 986 2618 curnam,
1012 2539 1129 2604 scilicet
1151 2537 1182 2602 in
1207 2557 1240 2604 se
1256 2535 1333 2620 ipso,

378 2653 408 2728 et
428 2645 628 2724 vorticibus,
652 2645 682 2710 id
700 2653 746 2714 θεῖ
763 2645 864 2724 nodis,
879 2645 1026 2730 plenam,
1043 2643 1159 2710 scilieet
1176 2641 1334 2722 exterius:

378 2751 510 2836 sculpat
524 2751 706 2838 diligenter,
722 2751 840 2818 scilieet
856 2753 1044 2818 removendo
1061 2749 1260 2828 nodositates,
1273 2747 1335 2836 per

378 2857 579 2924 eternitatem
600 2877 718 2938 raam,
742 2857 834 2942 quia,
858 2865 1152 2944 quantumcumque
1185 2857 1223 2924 ibi
1250 2857 1335 2922 labo·

379 2971 441 3042 ret,
465 2969 549 3030 totus
574 2965 660 3030 labor
683 2965 752 3032 eius
774 2963 912 3030 otiositas
937 2957 1118 3048 reputatur,
1134 2983 1169 3032 eu
1187 2963 1271 3050 quod
1292 2961 1334 3028 ibi

377 3069 531 3136 inutiliter
553 3069 682 3136 laboret.
710 3073 748 3136 ln
769 3089 831 3154 per
851 3065 1025 3136 scientiane
1047 3089 1132 3136 saue
1147 3071 1233 3136 artis
1249 3067 1335 3154 ipa-

377 3159 549 3254 r‘ot'ittad,
575 3176 691 3244 scilicet
714 3175 864 3244 exteriori
889 3175 1071 3256 lineatione,
1094 3183 1125 3242 et
1148 3177 1209 3244 huc
1231 3175 1335 3262 quoad

377 3277 545 3366 sorntam;
569 3289 598 3346 et
620 3283 778 3348 assimilet
800 3281 885 3348 illuct
910 3281 1054 3366 imapini
1085 3277 1244 3358 tunninio,
1275 3279 1335 3346 sei-

378 3385 450 3452 licet
473 3387 690 3454 membrorum
708 3385 1003 3472 repraesentatione.
1022 3387 1056 3452 Et
1073 3393 1154 3466 nota,
1172 3387 1257 3472 quod
1273 3405 1335 3450 non

379 3489 454 3558 dicit
476 3491 636 3556 assimilet
658 3489 801 3568 bomini,
828 3493 881 3556 sed
908 3491 1052 3576 imagini
1076 3487 1236 3570 tranninis,
1262 3491 1335 3576 quia

379 3597 411 3662 in
433 3597 648 3664 exterioribus
669 3607 700 3664 et
723 3615 785 3664 non
820 3595 1023 3662 interioribus
1050 3603 1153 3682 potest
1181 3615 1250 3664 esse
1277 3595 1336 3662 ista

323 3735 336 3742 :-
362 3703 595 3786 configuratio
903 3755 906 3760 ,

467 3811 567 3894 (Vens.
596 3811 645 3874 lt.
672 3811 722 3874 itt.
751 3811 825 3882 lb).
849 3809 919 3874 Aut
942 3807 1046 3874 alicui
1069 3829 1107 3874 cn
1132 3805 1335 3874 anirnatibns

378 3915 462 3982 illud
472 3905 657 4000 cornparet,
673 3913 706 3980 id
721 3919 768 3982 θεῖ
783 3913 951 3994 assimilet:
966 3913 1006 3978 ad
1022 3915 1174 3980 Ronranos
1190 3913 1292 3998 primo
1305 3913 1334 3978 4z

385 4021 448 4084 «ln
472 4019 708 4086 similitudinem
730 4019 873 4104 imaginis
898 4015 1110 4104 corruptibilis
1145 4011 1281 4086 hominis
1304 4021 1335 4084 θῖ

378 4127 543 4192 volucrum
572 4133 603 4192 et
635 4125 907 4212 quadrupedum»
936 4133 1006 4204 ete.;
1030 4125 1104 4192 item
1128 4123 1159 4190 in
1197 4123 1333 4192 Psalmo:

385 4235 613 4300 «hauserunt
638 4233 769 4318 gloriam
796 4249 886 4298 suam
916 4231 948 4298 in
976 4231 1212 4298 similitudinem
1244 4231 1334 4296 vituli

378 4339 568 4408 comedentis
584 4341 710 4416 foenum
725 4367 757 4406 r.
776 4337 970 4420 Perliniens,
987 4339 1017 4406 id
1034 4347 1082 4406 θεῖ
1097 4339 1258 4420 exteriuS,
1274 4357 1334 4402 rn-

378 4445 487 4522 brica,
512 4445 543 4510 id
574 4451 621 4512 est
653 4447 762 4530 regula
795 4445 846 4510 vel
876 4445 928 4510 silo
963 4447 1062 4526 tractu
1087 4447 1192 4512 colore
1215 4431 1333 4522 rubeo,
1348 4469 1353 4484 ³

374 4571 441 4636 quo
465 4537 499 4618 ut
523 4551 687 4618 distinctio.
712 4549 834 4618 Dicitur
856 4551 939 4616 euim
963 4549 1102 4616 rubrica
1127 4559 1212 4618 terra
1235 4549 1334 4616 rubra

378 4665 410 4726 θῖ
431 4659 534 4738 color,
557 4657 612 4744 qui
636 4657 709 4724 inde
731 4657 781 4738 lit,
805 4663 837 4722 et
860 4657 969 4744 regula
992 4657 1041 4724 vel
1065 4657 1168 4736 iilum,
1194 4675 1258 4742 quo
1282 4655 1332 4736 lit,

377 4771 410 4830 θῖ
424 4763 490 4848 ipsa
514 4765 665 4842 tinctura,
682 4771 714 4830 θῖ
728 4763 822 4828 debet
837 4779 961 4846 semper
975 4763 1079 4828 media
1100 4763 1229 4846 produci
1244 4747 1269 4830 5.
1295 4765 1334 4828 Et

376 4867 603 4936 rubicundam
624 4867 753 4956 faciens
776 4865 854 4954 fuco
878 4867 1017 4936 colorem
1040 4869 1152 4948 iltius:
1166 4867 1271 4954 fatens
1285 4865 1333 4934 di-

377 4975 461 5040 citur
484 4975 570 5040 color
593 4975 779 5042 innaturalis
801 4981 833 5040 θῖ
854 4967 944 5058 quasi
961 4973 1166 5042 adulterinus.
1185 4975 1260 5042 ltem
1277 4993 1332 5038 no-

392 5333 394 5336 ·
449 5309 458 5338 ¹
479 5311 552 5364 Vevs
573 5311 583 5360 l
591 5311 613 5362 t.
632 5339 667 5350 --
684 5311 775 5364 Glossa
793 5311 902 5362 interius
925 5313 1034 5374 allegata
1057 5327 1140 5364 iteca
1165 5311 1260 5364 Strabo
1283 5325 1332 5364 uec

376 5413 392 5450 a
410 5403 511 5464 lyrano
531 5397 674 5452 exhibetur.
692 5397 770 5452 Card.
788 5399 878 5464 liugn,
897 5397 941 5464 qui
956 5413 1016 5450 curn
1029 5401 1131 5464 Lyvano
1145 5411 1193 5464 pro
1206 5413 1255 5452 oar
1268 5397 1332 5452 ntitc

376 5487 508 5542 substituit
526 5501 574 5542 ons
593 5487 699 5552 inatile,
719 5487 768 5540 ait:
786 5485 814 5538 lcl
834 5493 871 5540 est
890 5485 969 5540 valde
981 5487 1050 5538 utile.
1064 5485 1185 5538 Similiter
1198 5487 1263 5540 dicit
1273 5485 1334 5538 Vir-

376 5577 453 5642 gilius
473 5575 504 5644 [l.
524 5577 643 5642 Georgia.
662 5591 688 5630 v.
713 5575 792 5644 step
821 5575 984 5644 «Nunquam
1010 5575 1222 5642 imprudentibus
1246 5573 1332 5628 imber

374 5665 448 5718 olioit
461 5685 485 5732 n,
504 5665 588 5718 idest
606 5665 682 5718 valde
702 5665 884 5732 prudentibus
902 5693 937 5704 -
958 5667 1080 5734 Sequitur
1097 5669 1125 5720 ll.
1145 5667 1212 5720 Tim.
1231 5669 1263 5732 2,
1283 5665 1332 5720 ab:

374 5755 401 5806 ln
420 5769 516 5820 magun
536 5761 621 5808 autem
641 5755 721 5808 domo
738 5769 791 5806 nun
810 5757 896 5806 sulum
914 5761 975 5808 sunl
987 5769 1049 5808 rosa
1064 5771 1142 5808 avrrea
1156 5761 1180 5808 θῖ
1193 5761 1331 5820 argenteo,

375 5845 422 5896 sed
440 5851 467 5896 et
485 5845 570 5908 lignea
590 5851 638 5898 etc,

444 5929 456 5960 ²
476 5935 510 5984 lta
530 5933 607 5986 etiam
625 5935 696 5986 card.
716 5937 792 5998 Httgo
809 5941 837 5986 et
854 5935 988 6000 lyranus,
1010 5935 1120 6000 Vulgata
1141 5933 1266 6004 deliquiis
1284 5947 1332 5986 arc·

375 6019 501 6076 remeius
522 6021 617 6090 operis.
636 6021 811 6090 -Sequitur
831 6021 888 6074 isai.
908 6023 957 6086 rt,
977 6024 1019 6076 lli.
1064 6047 1067 6050 ·

444 6105 525 6162 ⁸·on
542 6111 682 6176 singulari,
701 6125 782 6178 quem
799 6109 877 6162 etiarn
898 6113 969 6164 card.
987 6113 1064 6176 Hugo
1085 6115 1107 6164 et
1126 6113 1244 6176 Lyranus
1263 6111 1332 6162 exhi-

374 6195 448 6262 bent,
469 6199 581 6264 Vulgata
600 6199 672 6264 punit
689 6199 834 6262 pluralem:
853 6197 944 6252 nrctlos
963 6197 1039 6252 usus.

443 6283 456 6314 ⁴
475 6289 549 6340 Vers.
568 6289 611 6340 23.
629 6315 666 6328 -
678 6289 743 6354 -Seq
764 6289 837 6338 locus
854 6291 894 6338 est
912 6287 953 6340 rs.
973 6287 1036 6352 l05,
1055 6287 1100 6338 20.

444 6369 552 6426 ⁵Card.
574 6375 669 6438 lingo:
687 6371 837 6428 Perliniens
860 6369 987 6436 rubrica,
1007 6373 1034 6424 id
1058 6377 1098 6424 est
1124 6371 1206 6424 rubro
1232 6373 1329 6426 colore.

375 6459 461 6526 Aliqui
485 6461 544 6514 libri
569 6461 666 6516 habent
688 6459 813 6522 rubrica,
833 6461 919 6512 media
937 6465 1074 6526 correpta,
1092 6467 1218 6526 quaeest
1236 6461 1329 6514 lustru·

374 6553 504 6612 mentum,
530 6565 583 6618 quo
608 6557 718 6604 utuntur
740 6549 861 6600 mulieres
887 6547 919 6600 ad
946 6549 1136 6612 perierandum
1162 6547 1259 6616 [aliasc
1277 6553 1330 6616 pla·

331 6665 336 6670 ,
373 6635 501 6704 nandum]
523 6643 621 6702 vestes,
640 6637 716 6690 errius
734 6635 918 6688 ulminutivum
938 6641 978 6688 θεῖ
994 6633 1215 6700 rubr-ieiunante,
1229 6643 1255 6688 et
1274 6639 1329 6688 Gal·

373 6723 421 6776 lice
446 6723 541 6774 dicitur
566 6723 640 6778 lintre.
660 6725 716 6776 lsai.
735 6721 781 6788 tt,
801 6721 844 6772 l3.
867 6723 1014 6786 appellatur
1039 6723 1328 6790 instrumentumque

374 6811 404 6864 ut
415 6811 513 6862 idolum
528 6813 634 6862 runcina
647 6831 654 6862 :
666 6809 786 6878 dritten,
799 6809 897 6874 inquit,
911 6807 1044 6876 tinctorias
1056 6811 1174 6864 eunoun
1186 6825 1327 6880 rrorrnnm,

373 6895 504 6966 farinarii
522 6897 591 6952 illuct
608 6897 636 6950 ia
656 6895 782 6952 runcina.

2294 559 2353 628 *195

1396 739 1540 818 tandum,
1565 739 1649 826 quod
1673 737 1773 826 sucus
1796 737 1912 804 dicitur
1934 737 2050 804 animal
2071 737 2122 820 api
2138 735 2253 816 simile,
2270 735 2354 820 quud

1395 863 1458 910 non
1475 845 1650 922 mellificat,
1669 843 1722 920 sed
1739 843 1800 910 mel
1814 841 1956 922 devorat3
1975 843 2060 922 item,
2075 841 2229 928 quaedam
2245 841 2355 920 herba,

1396 967 1478 1034 quae
1502 949 1607 1036 tingit;
1631 949 1724 1030 item,
1753 949 1884 1034 quilibet
1913 951 1998 1018 color
2020 949 2235 1030 adulterinus3
2258 947 2354 1024 item,

1396 1053 1593 1120 urendaoium
1618 1055 1683 1120 sive
1705 1055 1794 1122 treus
1823 1063 1855 1120 et
1884 1057 1976 1122 dolus
2003 1057 2177 1122 secundum
2198 1051 2354 1138 Papiamss.

1385 1159 1440 1224 ‘Et
1460 1177 1587 1224 omnem
1612 1159 1793 1236 maculam,
1811 1181 1893 1246 qaae
1911 1161 1947 1226 in
1962 1161 2016 1228 itta
2033 1169 2097 1238 est,
2116 1159 2233 1228 scilicet
2254 1159 2355 1244 ligno,

1394 1263 1572 1348 perliniens
1596 1273 1689 1330 terra
1701 1267 1724 1332 ⁷.
1745 1303 1783 1312 -
1804 1267 1841 1330 Et
1865 1263 1974 1350 sociat
1988 1267 2017 1332 ei
2032 1267 2172 1354 dignam
2186 1265 2355 1332 cohabito·
2375 1273 2405 1318 ⁰0
2420 1273 2469 1316 silv·

1397 1369 1533 1448 tionem:
1559 1369 1641 1438 unde
1666 1369 1789 1437 Baruoh
1824 1369 1952 1438 ultimo:
1983 1399 1999 1430 a
2015 1371 2198 1440 constitutis
2232 1371 2292 1438 illis
2321 1369 2354 1438 in

1397 1477 1507 1556 domo,
1530 1477 1615 1562 pleni
1638 1483 1713 1542 sunt
1736 1475 1818 1570 oculi
1842 1493 1952 1542 eorum
1979 1477 2143 1560 pulverea
2161 1479 2293 1564 pedihus
2309 1479 2356 1544 in-

1397 1581 1591 1648 troeuntium
1609 1609 1638 1646 ».
1665 1585 1704 1648 br
1727 1583 1763 1648 tu
1782 1581 1910 1666 pariete
1930 1601 2056 1666 ponens
2072 1583 2171 1662 ittnd,
2187 1585 2305 1652 scilicet
2319 1591 2358 1650 ut

1397 1687 1497 1772 magis
1518 1693 1686 1772 appareat,
1708 1695 1737 1754 et
1766 1685 1971 1772 confirmans
1998 1685 2109 1774 ferro,
2133 1689 2166 1756 id
2188 1699 2236 1756 θεῖ
2258 1687 2355 1756 clavis

1397 1793 1517 1858 terreis.
1556 1831 1596 1840 -
1634 1791 1683 1858 lVe
1714 1789 1815 1878 forte,
1834 1793 1953 1882 cadat:
1990 1795 2082 1858 lsaiae
2116 1794 2355 1882 quadragesimo

1397 1897 1539 1984 primoss:
1569 1897 1794 1966 «Confertavlt
1815 1915 1887 1966 eum
1916 1899 2028 1978 clavis,
2054 1917 2092 1964 ne
2126 1899 2355 1980 moveretur»;

1395 2003 1600 2092 prospiciens
1635 2005 1702 2084 itti,
1736 2003 1765 2070 id
1798 2009 1843 2070 est
1875 2005 2060 2088 praevidens
2090 2011 2122 2072 et
2147 2023 2353 2090 praecursum

1396 2105 1513 2190 scieris,
1538 2111 1698 2200 quaetione
1712 2131 1776 2176 reon
1793 2119 1895 2196 potest
1919 2111 2082 2178 adinrare
2098 2131 2146 2190 se,
2165 2113 2280 2178 scilieet
2297 2129 2354 2194 per

1397 2233 1431 2284 se
1453 2217 1572 2302 ipsum;
1595 2215 1680 2284 unde
1702 2217 1734 2282 in
1759 2217 1893 2284 Psalmo:
1925 2245 1940 2278 «
1952 2219 2061 2304 Manus
2083 2219 2214 2300 habent,
2240 2221 2269 2284 et
2294 2237 2355 2284 non

1397 2311 1582 2406 palpabuut3
1608 2323 1701 2408 pedes
1730 2323 1864 2404 habent,
1887 2331 1920 2390 et
1941 2341 2003 2390 non
2026 2317 2236 2392 ambulabunt
2251 2351 2266 2384 »
2295 2331 2354 2392 etc.

1397 2429 1458 2494 Nee
1481 2427 1616 2508 mirum:
1640 2429 1754 2516 imago
1775 2429 1863 2496 enim
1885 2439 1950 2510 est,
1976 2431 2007 2498 id
2029 2437 2076 2500 θεῖ
2100 2431 2271 2500 similitudo
2297 2431 2354 2512 rei,
2375 2439 2520 2536 beppolen-

1398 2553 1460 2600 non
1484 2533 1552 2620 ipsa
1575 2553 1643 2614 res:
1667 2543 1697 2602 et
1718 2553 1803 2622 opus
1832 2545 1881 2602 θεῖ
1907 2537 1957 2630 itti
1988 2539 2214 2618 adiutorium,
2239 2539 2355 2606 scilicet
2435 2521 2454 2536 ‘'

1398 2639 1587 2722 humanum;
1604 2641 1726 2708 Baruch
1745 2641 1892 2708 ultimo⁹:
1916 2669 1932 2702 «
1947 2641 1976 2708 Si
1989 2643 2163 2734 ceciderint
2180 2645 2208 2710 in
2228 2651 2355 2724 terram,

1397 2763 1416 2812 a
1439 2747 1613 2832 semetipsis
1637 2767 1698 2814 non
1721 2755 1912 2832 consurgent
1930 2775 1959 2828 s,
1985 2757 2019 2816 ut
2048 2751 2148 2834 patuit
2172 2751 2208 2818 de
2234 2751 2355 2836 Dagon,

1397 2851 1491 2936 primi
1515 2853 1632 2938 Regum
1656 2853 1783 2938 quinto;
1810 2853 1884 2920 item
1906 2853 2055 2922 leremiae
2076 2855 2211 2922 decimo:
2249 2881 2264 2914 κ
2282 2857 2356 2922 Por-

1398 2965 1461 3024 tata
1484 2959 1648 3038 tollemur,
1673 2959 1749 3046 quia
1770 2959 1914 3026 incedere
1938 2979 2000 3028 non
2022 2963 2127 3028 valent
2141 2989 2174 3030 ».

1487 3051 1587 3148 (Vens.
1617 3067 1692 3148 lt).
1721 3069 1763 3132 Et
1791 3067 1830 3130 cte
1860 3067 2049 3134 srrbstantia
2070 3087 2154 3148 sna,
2181 3069 2209 3136 id
2242 3075 2288 3136 θεῖ
2318 3069 2357 3136 de
2375 3079 2507 3178 biblii

1398 3171 1591 3256 possessione
1616 3171 1784 3250 exteriori,
1809 3177 1837 3238 et
1860 3171 1898 3238 cte
1920 3171 2002 3256 filiis
2022 3175 2112 3254 sats,
2135 3175 2230 3244 idest
2254 3175 2292 3242 de
2309 3193 2357 3244 sa·
2375 3187 2410 3230 a.

1399 3277 1464 3344 lute
1488 3277 1626 3344 liliorum
1649 3295 1800 3358 suorum,
1824 3285 1851 3344 ct
1876 3279 1914 3346 cle
1929 3281 2074 3366 nuptiis,
2091 3283 2208 3350 scilieet
2233 3289 2355 3350 cuntra-

1398 3385 1526 3464 iendis,
1550 3393 1662 3452 antam
1685 3385 1830 3472 sacieris,
1855 3385 1971 3454 scilicet
1997 3389 2040 3468 ei,
2066 3387 2221 3478 inquirit,
2240 3389 2358 3458 seilicet

1399 3489 1440 3556 ab
1461 3509 1516 3570 eu,
1539 3499 1577 3558 ut
1598 3497 1685 3576 petat
1707 3493 1883 3558 necessaria
1905 3491 1962 3558 sihi
1989 3499 2019 3560 et
2043 3493 2132 3574 liliis,
2156 3513 2228 3562 eum
2254 3499 2355 3562 amen

1399 3613 1460 3660 noo
1477 3595 1518 3660 sit
1532 3595 1710 3680 vovendum
1728 3595 1785 3662 nisi
1804 3595 1881 3674 Deo,
1898 3599 2070 3664 secundum
2095 3599 2172 3664 illud
2189 3601 2301 3666 Psalmi
2314 3599 2355 3664 1⁰:

1405 3727 1419 3760 c
1437 3703 1553 3768 Vovete
1577 3709 1607 3766 et
1632 3701 1752 3768 reddite
1774 3701 1905 3766 Domino
1930 3703 1994 3766 lleo
2023 3711 2156 3772 vestro»
2187 3711 2259 3784 ete:
2281 3703 2355 3772 item

1400 3809 1494 3874 isaiae
1517 3807 1638 3874 decimo
1659 3827 1761 3874 nouo:
1790 3833 1806 3866 c
1823 3807 1899 3874 Vota
1915 3809 2076 3876 vovebunt
2092 3811 2223 3878 Domino
2248 3817 2277 3878 et
2294 3811 2355 3880 sol-

1398 3919 1471 3980 vent
1488 3939 1518 3978 n.
1543 3911 1619 3978 lVon
1652 3913 1813 3980 erubescit
1838 3913 1944 4002 toqui,
1975 3915 2091 3982 scilieet
2124 3917 2189 4000 ipse
2217 3917 2360 4000 animam,

1398 4019 1533 4096 habeus,
1559 4039 1635 4084 cum
1658 4019 1728 4098 itta,
1755 4019 1872 4084 scilicet
1886 4019 1945 4086 deo
1960 4019 2055 4100 lalso,
2078 4023 2221 4110 quisine
2238 4023 2355 4090 anima

1397 4133 1459 4202 est;
1482 4125 1604 4192 Baruch
1631 4125 1741 4192 ultimo
1755 4125 1794 4192 ¹¹:
1826 4151 1840 4184 r
1857 4127 1935 4192 Cum
1958 4127 2130 4210 audierint,
2146 4135 2271 4196 mutum
2294 4147 2354 4194 non

1397 4249 1488 4314 posse
1512 4231 1612 4316 loqui,
1637 4231 1773 4298 olleruut
1796 4231 1887 4298 illum
1901 4233 1941 4298 ad
1961 4233 2012 4300 Bel
2029 4261 2060 4314 »3
2077 4233 2109 4300 in
2127 4237 2262 4302 Psalmo:
2285 4235 2355 4300 «Os

1397 4337 1530 4416 habeut,
1556 4343 1587 4404 et
1609 4357 1672 4404 non
1697 4339 1868 4424 loquentur
1883 4365 1913 4404 ».
2374 4345 2376 4350 ‘

1486 4443 1587 4526 (Veis.
1621 4443 1697 4528 lu).
1729 4445 1857 4528 Elpco
1888 4447 2048 4528 sanitate,
2078 4447 2110 4512 id
2140 4453 2189 4516 est
2218 4465 2275 4516 sua
2306 4447 2355 4516 vel

1397 4567 1542 4628 suorum,
1569 4549 1760 4636 infirmam,
1782 4549 1816 4616 id
1838 4557 1885 4618 est
1904 4553 2030 4618 omuino
2046 4555 2266 4638 impotentem,
2282 4555 2355 4642 qai-

1397 4657 1488 4734 dem,
1513 4655 1543 4720 id
1575 4663 1623 4722 est
1653 4663 1755 4738 certe,
1781 4657 1979 4742 deprecatur
2010 4665 2038 4726 ct
2065 4681 2130 4746 pro
2156 4661 2227 4728 nita
2258 4669 2357 4746 rogat

1397 4771 1586 4840 mortuam,
1611 4763 1643 4828 id
1664 4771 1712 4830 est
1734 4763 1863 4828 omnino
1885 4763 1949 4828 vita
1970 4765 2247 4844 carentem,ita12
2270 4765 2354 4848 quod
2447 4799 2448 4802 ¹
2548 4825 2552 4836 f

1397 4867 1590 4954 intelligatur
1612 4877 1767 4936 rnartaas
1797 4869 1955 4954 negative,
1979 4889 2041 4936 uon
2070 4871 2238 4956 privative,
2262 4873 2353 4956 quia,

1397 4975 1421 5040 si
1446 4973 1612 5058 privative,
1639 4979 1713 5046 tunc
1736 4975 1965 5058 intelligeretur
1989 4977 2155 5062 aliquando
2181 4977 2273 5044 vitam
2300 4977 2354 5042 ha-

1443 5309 1445 5314 “
1466 5309 1477 5338 ⁸
1496 5313 1533 5364 De
1553 5311 1664 5364 diversis
1685 5311 1881 5378 acceptionibus
1899 5311 1972 5364 verbi
1991 5313 2072 5380 fucris
2089 5317 2136 5368 cir.
2151 5315 2295 5368 Porcellini.
2311 5317 2353 5368 Pa·

1396 5399 1466 5464 pies,
1485 5401 1688 5468 grammaticus,
1707 5401 1793 5452 lloroit
1812 5401 1881 5452 circa
1899 5415 1997 5452 annum
2018 5403 2099 5466 sunt;
2120 5405 2277 5458 Glossarium
2297 5407 2352 5458 sive

1397 5485 1600 5542 vocabularium
1619 5491 1676 5542 eius
1694 5491 1852 5554 impressum
1874 5491 1918 5542 luit
1937 5491 2074 5544 Mediolani
2093 5493 2171 5546 ltin.
2184 5493 2235 5548 Clr.
2255 5495 2352 5560 lligne,

1397 5579 1488 5630 Patvol.
1499 5579 1553 5630 Lat.
1563 5583 1626 5630 tom.
1640 5581 1649 5630 l
1656 5577 1699 5630 ll.
1709 5581 1758 5632 col.
1769 5577 1838 5630 liar
1847 5593 1929 5644 seqq,
1940 5585 1965 5632 et
1973 5579 2014 5634 Du
2024 5579 2122 5648 Gange,
2135 5583 2292 5638 Glossarium
2305 5591 2354 5650 etc,

1396 5665 1534 5732 Praelatio,
1554 5681 1580 5718 n.
1599 5665 1642 5720 ib.

1380 5791 1381 5794 ,
1408 5791 1409 5794 ,
1434 5791 1435 5794 ,
1466 5749 1487 5794 ⁷,
1496 5753 1607 5818 Vulgata
1627 5753 1720 5806 omittit
1732 5757 1809 5810 terra
1823 5755 1904 5822 (quod
1916 5755 2053 5810 exhibetur
2066 5757 2143 5812 eliam
2157 5773 2172 5812 a
2187 5761 2259 5812 card.
2270 5759 2349 5826 ling.)

1396 5847 1420 5896 et
1439 5843 1517 5908 pavlo
1535 5843 1641 5896 interius
1653 5857 1702 5908 pro
1715 5841 1936 5898 cohabitationem
1955 5845 2086 5900 substituit
2104 5845 2304 5902 habitationem.
2317 5877 2351 5888 -

1397 5931 1519 5998 Sequitur
1537 5933 1639 5984 Bartsch
1658 5933 1689 5996 fi,
1711 5935 1752 5986 lb.
2032 5947 2034 5950 ·

1466 6015 1572 6074 ⁸Vers.
1592 6019 1617 6072 7.
1637 6049 1671 6060 -
1692 6023 1750 6088 Seq.
1770 6023 1842 6075 locvs
1860 6029 1900 6074 cst
1917 6025 1959 6076 Ps.
1979 6023 2043 6086 ll3,
2064 6025 2088 6076 7.

1412 6129 1413 6132 ¹
1465 6103 1572 6160 9ῖῖθῖε.
1593 6109 1642 6172 26,
1661 6109 1707 6160 obi
1731 6125 1780 6174 pro
1799 6115 1962 6178 constapent
1980 6113 2092 6178 Vulgata
2118 6115 2295 6180 consurgunt.
2316 6139 2352 6152 ·-

1395 6193 1512 6250 Subinde
1529 6197 1672 6260 allegantur
1692 6199 1710 6250 l.
1727 6199 1791 6262 Reg.
1813 6199 1843 6262 5,
1863 6201 1922 6266 2-5,
1943 6199 1986 6252 ubi
2011 6193 2148 6266 narratur,
2161 6199 2233 6266 quod
2258 6199 2348 6262 Dagon

1394 6297 1482 6334 eoram
1502 6295 1561 6334 aveo
1581 6283 1660 6334 semel
1679 6297 1710 6336 ae
1727 6283 1822 6336 iterum
1842 6287 1953 6352 corruit,
1972 6285 2094 6340 abscissis
2113 6293 2139 6338 et
2156 6285 2183 6336 in
2201 6285 2289 6338 limine
2317 6287 2351 6338 in·

1394 6373 1477 6424 ventis
1496 6369 1581 6434 eapite
1599 6375 1625 6420 et
1643 6371 1781 6438 manibus;
1799 6373 1846 6424 ler.
1869 6375 1914 6436 lt,
1934 6375 1959 6426 5.

1464 6455 1486 6488 ¹⁰
1505 6457 1599 6510 Psalm.
1622 6457 1672 6520 75,
1694 6459 1735 6510 li.
1754 6485 1788 6496 -
1808 6461 1931 6526 Sequitur
1951 6461 2007 6512 lsai.
2026 6461 2073 6524 te,
2092 6461 2136 6514 al.
2153 6487 2190 6500 -
2208 6461 2286 6514 Paulo
2306 6477 2349 6514 su-

1394 6547 1482 6614 perius
1501 6561 1531 6598 ex
1549 6545 1572 6596 A
1590 6543 1773 6596 substituimus
1790 6547 1823 6598 nt
1835 6549 1910 6612 petat
1927 6559 1975 6610 pro
1995 6549 2020 6598 et
2034 6545 2109 6620 petit.

1464 6631 1485 6664 ¹¹
1506 6635 1579 6686 Vevs.
1595 6633 1636 6696 to,
1651 6631 1695 6684 ubi
1715 6647 1764 6696 pro
1783 6631 1875 6698 ittam,
1889 6635 1959 6700 quod
1973 6633 2058 6686 'trahet
2077 6635 2154 6688 etiam
2175 6637 2246 6688 card.
2259 6637 2349 6702 Hugo,

1394 6725 1505 6788 Vulgata
1523 6719 1599 6774 illud.
1619 6751 1653 6758 -
1673 6721 1731 6786 Seq.
1752 6721 1826 6772 locus
1844 6727 1883 6772 est
1901 6721 1943 6774 Ps,
1965 6721 2030 6784 ll3,
2049 6723 2076 6774 5.
2095 6723 2147 6790 (vel
2167 6725 2229 6794 la).

1464 6807 1485 6842 ¹²
1505 6811 1554 6864 Clr.
1569 6809 1689 6872 Ariston,
1705 6811 1737 6862 de
1751 6809 1911 6862 Praedicam.
1924 6823 1947 6862 c.
1961 6807 1992 6862 cte
2007 6811 2154 6880 oppositis,
2168 6815 2209 6868 lV.
2223 6817 2349 6882 histonii,

1391 6907 1451 6952 tent.
1472 6899 1501 6962 l,
1521 6905 1545 6950 et
1565 6899 1596 6950 V.
1616 6903 1677 6950 text.
1697 6899 1739 6950 27.
1760 6897 1807 6964 (lll.
1827 6911 1848 6950 c.
1869 6901 1894 6952 2.
1913 6905 1938 6952 et
1957 6899 1999 6952 lV.
2018 6913 2040 6952 c.
2061 6901 2125 6970 aa).
