5908 8266
990 497 1245 566 COLLthONES
1266 499 1305 564 IN
1326 497 1494 564 IOANNEM
1516 495 1592 562 cle.
1620 493 1651 558 ll.
1678 493 1782 560 conl.
1808 493 1854 556 lx.

334 697 335 700 ¹
437 679 642 760 curiositatis,
656 679 737 744 alius
755 679 996 762 desponsaverat
1011 673 1311 762 concupiscentiam
1326 691 1394 740 car-

437 781 517 850 nalis
539 783 718 868 voluptatis.
744 783 787 850 De
813 781 930 868 quibus
953 781 1032 846 dixit
1058 799 1139 848 rex:
1169 781 1279 862 «Quia
1303 797 1398 860 nemo,

438 907 547 956 eorum
572 889 710 976 gustabit
733 905 861 954 coenam
886 905 1035 954 meam».
1055 885 1227 952 —Venire
1250 883 1394 970 neptana-

438 1001 520 1060 runt
541 995 611 1060 illae
634 991 753 1078 fatuae
773 991 936 1078 uirgines,
960 1009 1041 1076 quae
1058 991 1146 1058 tarde
1162 989 1338 1068 venientes
1364 995 1395 1056 θῖ

438 1099 508 1166 ideo
523 1099 659 1166 clausam
676 1099 803 1162 ianuam
818 1099 1025 1176 invenientes
1042 1095 1228 1162 audierant:
1256 1093 1395 1162 «Nescio

438 1223 539 1284 vos»,
565 1205 646 1270 sicut
667 1202 804 1270 habetur
828 1201 971 1270 Matthaei
997 1201 1145 1288 vigesimo
1169 1199 1287 1286 quinto.
1321 1201 1394 1264 Pro-

438 1315 508 1396 pter
525 1311 583 1376 hoc
606 1309 842 1374 commendatur
869 1307 1026 1394 vigilantia
1042 1325 1174 1392 sponsae
1197 1305 1395 1390 apocalypsis

398 1481 401 1486 .
438 1417 558 1482 decimo
588 1433 690 1494 nono,
719 1413 760 1480 de
788 1433 852 1500 qua
883 1413 1015 1480 dicitur:
1045 1440 1062 1474 «
1076 1413 1240 1480 Venerunt
1266 1411 1393 1496 nuptiae

439 1519 531 1604 lgni,
557 1526 586 1586 θῖ
608 1537 695 1586 uxor
716 1519 784 1586 eius
809 1519 1008 1606 praeparavit
1030 1537 1064 1588 se
1079 1547 1095 1578 »
1124 1523 1182 1586 etc.

807 1753 964 1806 COLLATIO
986 1753 1028 1804 lX.

527 1945 629 2030 (Vers.
652 1945 707 2026 3.).
740 1947 859 2014 Vinum
882 1965 948 2012 non
971 1943 1097 2012 habent.
1200 1929 1203 1936 ’

530 2053 558 2116 l.
582 2049 606 2116 0
632 2071 726 2138 quam
752 2049 957 2130 benamesi,
982 2053 1113 2116 llatrern
1138 2047 1206 2116 lesu
1230 2049 1267 2116 ad
1299 2065 1392 2116 suum

278 2173 417 2218 Introductis.
440 2157 618 2224 convivium
641 2159 792 2236 invitare,
815 2175 894 2242 quae
922 2157 1116 2242 pauperibus
1138 2155 1270 2224 convivii
1306 2155 1393 2222 adhi-

438 2263 491 2326 bet
513 2263 669 2328 solatium
694 2263 932 2346 compassionis,
956 2263 1132 2330 consilium
1159 2261 1392 2342 instructionis,

438 2365 642 2452 suffragium
668 2367 837 2434 orationis!
868 2369 1113 2454 Compussiouis
1142 2367 1305 2434 indicium
1328 2375 1392 2448 est,

439 2475 521 2558 quod
551 2473 639 2540 dicit:
674 2473 792 2540 Vinum
817 2493 882 2540 non
909 2473 1035 2542 hubent.
1063 2473 1296 2542 instructionis
1319 2493 1392 2540 oon-

438 2579 572 2660 siiium,
606 2581 692 2668 quod
721 2581 803 2648 dixit
818 2585 844 2646 1:
881 2581 1113 2672 Quaecumque
1133 2581 1224 2648 uobis
1249 2581 1391 2660 dicerit,

437 2685 546 2772 facite.
574 2685 783 2774 Suffrapium
809 2689 972 2756 orationis
995 2689 1065 2766 fuit,
1088 2689 1174 2776 quod
1194 2707 1212 2754 a
1236 2687 1311 2754 Filio
1335 2689 1392 2752 mi-

438 2793 581 2860 raculum
605 2795 818 2862 conversionis
839 2813 940 2880 aquae
962 2797 996 2860 in
1019 2797 1128 2860 vinum
1151 2795 1350 2884 impetravit.

526 2903 557 2966 2.
587 2899 708 2966 Vinum
730 2921 797 2968 non
819 2899 945 2968 dabant.
968 2901 1155 2980 Notandum,
1172 2903 1255 2986 quod
1278 2906 1326 2968 θεῖ
1349 2903 1393 2968 vi-

287 3017 420 3116 rrqqenqu·
439 3025 515 3070 num
530 3013 678 3072 nutccrac
694 3043 735 3054 -—
752 3007 859 3074 vinum
875 3007 1007 3092 prutina
1022 3045 1065 3056 -—
1081 3015 1114 3074 et
1135 3007 1243 3074 viuum
1266 3007 1391 3094 culpae.

527 3111 643 3192 Vinum
665 3121 811 3178 naturae
833 3121 882 3180 est
902 3115 1162 3192 moderandum·
1191 3115 1393 3184 Ecclesiastiei

274 3229 425 3328 vrquenau-
440 3217 597 3304 trigesimo
611 3217 711 3302 primo
725 3219 756 3284 2:
774 3245 790 3276 «
803 3219 845 3286 Ne
859 3219 1074 3304 comprimaris
1085 3221 1118 3286 in
1130 3221 1298 3286 convivio»
1310 3221 1391 3288 vino.

367 3315 372 3328 '
444 3349 459 3382 l
475 3323 630 3408 lntellige,
653 3343 735 3408 quae
759 3331 831 3392 sunl
855 3325 994 3410 proximi
1018 3327 1080 3406 tui,
1098 3345 1139 3394 ex
1156 3333 1188 3392 te
1210 3325 1277 3412 ipso
1294 3355 1323 3392 s.
1343 3329 1393 3394 Est

438 3435 540 3496 autem
567 3429 791 3496 moderandum
809 3435 937 3514 propter
952 3431 1028 3498 tria:
1054 3437 1089 3498 ut
1114 3431 1199 3498 vivas
1222 3431 1254 3496 in
1274 3433 1393 3498 iucun-

439 3535 538 3602 ditate
561 3541 712 3622 quantum
740 3537 776 3602 ad
802 3537 972 3614 unimam;
1006 3537 1209 3604 ecclesiastici
1235 3537 1393 3622 trigesimo

439 3641 561 3726 primo:
588 3667 604 3700 ι(
625 3643 797 3708 Exsultalio
827 3643 948 3708 animae
971 3650 1002 3709 et
1025 3643 1128 3710 cordis
1155 3643 1263 3710 vinum
1289 3643 1393 3710 mode

440 3751 506 3812 rate
529 3753 671 3828 potatum
687 3773 716 3808 ».
751 3747 789 3812 Ut
823 3747 909 3814 vivas
940 3747 972 3814 in
1002 3747 1146 3814 sanitate
1178 3753 1330 3832 quantum
1356 3749 1394 3814 ad

439 3869 578 3934 eorpus;
603 3853 807 3918 Ecclesiastici
829 3853 991 3938 trigesimo
1020 3855 1140 3938 primo:
1172 3879 1187 3910 c
1203 3855 1309 3938 hequa
1333 3853 1395 3920 vita

440 3957 619 4024 hominibus
636 3959 744 4024 vinum
760 3959 790 4024 in
809 3959 975 4026 sobrietate
988 3983 1017 4040 ¹³3
1032 3967 1063 4028 et
1076 3961 1157 4026 inira
1170 3961 1296 4026 eodem:
1314 3985 1329 4018 «
1342 3961 1393 4026 Sa-

439 4061 518 4126 nitas
542 4069 587 4128 θεῖ
611 4063 732 4128 animae
756 4069 786 4130 et
810 4065 934 4148 corpori
955 4065 1080 4132 sobrius
1097 4069 1190 4150 potus
1205 4089 1237 4130 a.
1253 4065 1293 4130 Ut
1309 4063 1394 4132 vivas

438 4167 468 4232 in
490 4167 708 4252 prosperitate
732 4175 884 4252 quantum
901 4171 1203 4256 adpossessionem,
1230 4171 1320 4256 quia,
1338 4171 1393 4236 Ec-

439 4273 597 4340 clesiastioi
618 4273 777 4360 trigesimo
794 4275 950 4360 primm«
968 4279 1074 4342 vinum
1100 4277 1236 4344 multum
1252 4283 1393 4360 potatum

440 4381 645 4448 irritationem
669 4389 699 4448 et
722 4381 804 4448 iram
826 4389 858 4448 θῖ
881 4383 990 4450 ruinas
1005 4385 1122 4452 multas
1136 4383 1209 4450 lacit
1226 4407 1257 4462 »ς
1274 4391 1306 4450 θῖ
1321 4383 1393 4448 Pro

439 4487 621 4554 verbiorum
651 4489 802 4574 vigesimo
831 4489 954 4572 primo:
990 4517 1005 4548 a
1020 4489 1080 4576 Qui,
1111 4495 1194 4558 amat
1225 4489 1332 4556 vinum
1364 4495 1393 4556 et

439 4591 567 4678 pinguia
587 4613 649 4660 non
674 4595 823 4662 ditabitur
839 4621 871 4660 ».

526 4699 557 4764 3.
581 4699 696 4766 Vinum
718 4699 834 4786 culpae
858 4709 903 4768 est
928 4701 1166 4780 abominabile;
1196 4703 1390 4768 Deuterono-

281 4817 423 4926 pvaieqqpfgg·
437 4803 492 4868 mii
507 4805 675 4888 trigesimo
698 4807 876 4874 secundoi:
907 4833 923 4866 ε(
938 4809 989 4872 Fel
1011 4807 1185 4874 draconum
1208 4809 1317 4874 vinum
1341 4827 1392 4874 eo-

418 4901 511 4974 'rum
542 4917 573 4976 θῖ
604 4927 759 4978 venenum
791 4911 934 4996 aspidum
963 4913 1134 4980 insanabile
1150 4939 1181 4978 s.
1210 4915 1262 4978 Est
1286 4919 1390 4978 autem

316 5029 418 5074 Primum·
439 5015 572 5100 triplex:
597 5015 756 5082 incuriae
777 5015 826 5084 vel
851 5017 1035 5102 voluptatis;
1060 5017 1150 5090 druos
1175 5027 1283 5084 sexto:
1313 5019 1392 5084 «Bi-

439 5123 547 5188 bentes
563 5119 670 5188 vinum
687 5123 717 5188 in
736 5123 848 5206 phialis
865 5131 894 5188 et
911 5123 1027 5206 optimo
1044 5129 1205 5208 unguento
1217 5123 1348 5192 delibuti
1361 5149 1391 5204 »3

440 5227 611 5312 Sapientiae
627 5227 780 5294 secundo:
811 5229 921 5294 «Vino
936 5229 1071 5314 pretioso
1094 5235 1125 5296 θῖ
1144 5233 1314 5314 ungnentis
1336 5251 1393 5298 nos

439 5334 623 5420 impleamus
638 5359 669 5412 »3
700 5335 740 5400 ad
762 5335 912 5420 Ephesios
935 5335 1062 5420 quinto:
1091 5363 1108 5396 «
1122 5335 1221 5402 Nolite
1244 5337 1392 5404 inebriari

509 5823 518 5854 ¹
539 5827 615 5880 Vers.
632 5827 667 5878 5:
695 5825 888 5894 Quodcumque
915 5825 1014 5880 dicerit
1043 5825 1116 5882 uobis
1142 5833 1192 5882 etc.
1210 5857 1246 5870 -
1265 5833 1391 5896 Superius

432 5929 488 5980 ,pro
502 5913 670 5982 pauperibus
688 5913 804 5970 conuiuii
819 5913 837 5968 C
854 5911 1020 5984 pauperibus
1041 5915 1176 5970 conuiciis.

421 6035 423 6038 -
508 5997 612 6052 ²Vers
634 6001 676 6056 l7.
693 6009 719 6054 et
740 6003 780 6056 l8.
803 6031 837 6042 —
857 6005 973 6070 Quatuor
992 6015 1065 6070 seqq.
1084 6003 1133 6058 loci
1160 6011 1219 6058 sont
1243 6007 1318 6058 Eccli.
1343 6009 1390 6074 sl,

439 6091 486 6154 36,
506 6105 532 6142 v.
555 6091 602 6154 323
622 6105 647 6142 v.
668 6091 709 6144 37.
731 6099 755 6144 et
773 6107 801 6146 v.
818 6093 868 6158 38,
886 6097 945 6158 post
963 6105 1043 6160 quern
1057 6091 1182 6158 allegatur
1194 6095 1270 6148 Prov.
1286 6097 1313 6148 Sl
1328 6137 1333 6162 ,
1349 6097 1391 6148 li.

508 6175 519 6208 ³
538 6181 613 6232 Vers.
632 6181 676 6232 33.
696 6207 732 6220 —
751 6181 900 6248 Sequuntur
920 6185 999 6234 Amos
1018 6181 1050 6246 6,
1069 6181 1100 6244 63
1120 6181 1179 6246 Sap.
1193 6185 1223 6246 2,
1236 6183 1266 6250 73
1281 6187 1346 6250 Eph.
1361 6185 1390 6252 5,

440 6265 481 6316 le.
500 6271 525 6316 θῖ
544 6267 621 6318 Prnv.
639 6267 689 6330 20,
708 6267 733 6318 l.
753 6265 814 6334 (ΑΒ
832 6269 954 6322 omittunt
974 6271 1044 6322 huno
1061 6269 1181 6320 ultimum
1200 6271 1318 6340 textum).

508 6349 519 6380 ⁴
539 6353 612 6406 Vers.
635 6353 679 6406 l7.
696 6381 732 6394 -
751 6355 868 6408 Subinde
884 6357 1009 6422 allegatur
1029 6359 1120 6408 Ezech'.
1139 6355 1187 6424 27,
1210 6361 1251 6412 ls.

507 6437 613 6506 svers.
632 6441 656 6494 5.
677 6471 709 6480 —-
731 6445 854 6510 Sequitur
872 6447 952 6510 hpoo.
974 6445 1020 6510 ll,
1043 6447 1066 6496 l.
1085 6453 1111 6498 et
1129 6445 1154 6496 2.

507 6523 518 6556 ⁶
538 6527 613 6580 Vers.
632 6529 676 6582 Sl.
693 6557 729 6568 -
747 6531 804 6586 Duo
822 6547 896 6598 seqq.
916 6531 963 6586 loci
990 6537 1051 6584 sunt
1073 6531 1156 6598 Apes.
1181 6533 1229 6598 ll,
1247 6535 1272 6586 9.
1292 6549 1347 6604 seq.
1366 6541 1391 6590 et

438 6619 486 6670 ler.
505 6615 554 6680 25,
573 6613 617 6668 lh.

439 6721 440 6724 ¹
507 6701 516 6732 ²
539 6705 612 6756 Vars.
632 6705 681 6768 l8,
698 6713 759 6770 post
776 6721 858 6774 quern
877 6707 995 6776 sequitur
1013 6707 1090 6760 Ecoli.
1112 6707 1138 6760 3l
1153 6747 1159 6772 ,
1176 6709 1220 6760 39.
1238 6737 1272 6748 —
1292 6715 1317 6764 ln
1331 6713 1352 6764 A
1365 6717 1391 6764 et

437 6793 456 6848 C
476 6797 525 6846 hoc
543 6793 645 6846 tertium
668 6795 817 6849 membrum
835 6799 970 6851 omittitur.

2350 487 2412 554 b'h7

1456 673 1548 754 vino,
1572 673 1603 736 in
1628 691 1691 758 quo
1712 679 1760 738 θεῖ
1784 667 1915 736 luxuria
1931 691 1960 748 »3
1979 667 2220 732 Proverbiorum
2244 663 2411 748 vigesimo:

1463 803 1479 836 (ι
1496 777 1674 844 luxuriosa
1703 795 1755 844 res
1786 777 1913 852 ninum,
1944 779 1976 838 et
2006 771 2199 838 tumultuosa
2231 769 2365 838 ebrietas
2379 793 2411 832 ».

1458 921 1502 934 —
1517 885 1693 952 Avaritiae
1707 885 1757 952 vel
1773 881 1968 968 cupiditatis3
1994 877 2234 944 Proverbiorum
2254 883 2368 960 quarto
2380 875 2412 940 4:
2431 887 2559 934 secunlum.

1463 1015 1480 1048 ‹<
1496 989 1670 1056 comedunt
1698 1007 1811 1074 panern
1842 985 2008 1072 impietatis
2041 989 2070 1050 et
2101 981 2210 1050 vinum
2240 979 2412 1066 iniquitatis
2485 1035 2487 1038 .

1458 1093 1573 1162 bibunt
1586 1119 1620 1176 »;
1643 1095 1812 1162 Ezechielis
1833 1093 1983 1180 vigesimo
1998 1089 2145 1176 septimo:
2174 1087 2414 1154 «Damascenus

1459 1201 1632 1286 negotiator
1663 1207 1740 1266 tuus
1759 1201 1793 1266 in
1816 1197 2016 1268 multitudine
2048 1213 2180 1282 operum
2201 1201 2349 1270 tuorum,
2380 1191 2412 1258 in

1457 1303 1659 1372 multitudine
1691 1305 1887 1372 diversarum
1920 1321 2033 1390 opum,
2065 1303 2097 1368 in
2127 1303 2199 1370 vino
2225 1299 2350 1386 pingui,
2381 1297 2413 1364 in

1459 1411 1538 1478 lanis
1568 1411 1677 1496 optimi
1708 1413 1821 1478 coloris
1837 1439 1868 1478 s,
1892 1447 1935 1460 -·
1959 1409 2139 1496 Superbiae
2171 1411 2220 1474 vel
2250 1405 2412 1484 vanitatis3
2432 1417 2535 1462 restium·

1458 1517 1602 1582 Habacuc
1625 1515 1809 1582 secundo⁵z
1837 1543 1854 1576 «
1871 1515 2031 1600 Quomodo
2052 1517 2160 1582 viuum
2177 1513 2290 1598 decipit
2303 1519 2413 1598 potan-

1458 1627 1539 1702 tem,
1565 1623 1609 1690 sic
1631 1623 1691 1690 erit
1713 1623 1761 1690 vir
1787 1621 1943 1706 superbus
1958 1629 1991 1688 θῖ
2005 1641 2067 1690 non
2083 1621 2284 1688 decorabitur
2300 1645 2328 1684 a.
2353 1619 2413 1684 lloo

1458 1735 1507 1798 est
1528 1729 1636 1796 vinum
1663 1729 1746 1794 illius
1768 1729 1950 1794 meretricis
1967 1747 2127 1812 magnac,
2152 1727 2183 1792 id
2205 1733 2252 1792 est
2268 1723 2414 1792 vanitatis

1457 1837 1649 1914 mundanae,
1681 1861 1695 1894 «
1711 1853 1785 1900 cum
1809 1853 1872 1918 qua
1893 1831 2037 1898 fornicati
2060 1839 2133 1899 sunt
2158 1849 2247 1916 reges
2262 1837 2367 1896 terrae
2381 1833 2414 1892 et

1457 1941 1603 2010 inebriati
1627 1949 1699 2008 sunt
1724 1941 1779 2028 qui
1796 1939 2151 2016 inhabitacionem»,
2174 1937 2289 2002 scilicet
2309 1959 2324 1990 «
2341 1933 2413 2000 vino
2516 1969 2519 1976 ι

1457 2047 1688 2134 prostitutionis
1711 2047 1779 2114 eius
1794 2075 1824 2126 s,
1849 2045 2047 2132 Apocalypsis
2068 2045 2187 2112 decimo
2212 2041 2353 2126 septimo,

1547 2155 1577 2220 l.
1604 2153 1716 2220 Vinum
1743 2155 1802 2220 hoc
1823 2153 1968 2238 sequitur
1993 2151 2100 2218 vinum
2130 2169 2255 2236 pomae
2281 2151 2510 2258 eripiamur-pq<
2527 2171 2575 2216 poe·

1459 2263 1566 2326 vinum
1591 2277 1761 2326 remorsus
1785 2257 2009 2326 conscientiae.
2036 2257 2114 2324 llaec
2136 2263 2184 2324 θεῖ
2199 2275 2313 2342 poena,
2331 2275 2412 2342 quae
2430 2245 2513 2310 Prima?

1457 2365 1593 2434 infertur
1618 2367 1647 2432 in
1665 2365 1837 2450 praesenti3
1857 2365 2097 2430 Proverbiorum
2114 2365 2262 2450 vigesimo
2281 2363 2412 2430 tertiol:

1463 2497 1481 2530 «
1496 2473 1539 2538 Ne
1561 2473 1712 2538 intuearis
1737 2473 1864 2552 vinum,
1886 2471 2011 2556 quando
2033 2471 2189 2550 flavescit,
2214 2489 2286 2536 curn
2309 2473 2413 2556 splen-

1457 2579 1563 2644 duerit
1585 2579 1618 2644 in
1640 2581 1723 2644 vitro
1747 2581 1831 2644 color
1856 2579 1941 2656 eius3
1966 2577 2139 2662 ingreditur
2165 2577 2294 2658 blande,
2309 2575 2412 2644 sedin

1457 2683 1519 2750 line
1552 2685 1704 2752 mordebit
1730 2689 1764 2752 ut
1788 2685 1917 2752 coluber
1940 2691 1971 2750 θῖ
1994 2683 2073 2752 sicut
2100 2685 2229 2770 regulus
2244 2711 2259 2740 »
2288 2689 2346 2750 etc.
2372 2721 2412 2730 *-

1458 2791 1571 2856 Vinum
1609 2791 1834 2858 damnationis
1869 2799 2037 2870 aeternae,
2072 2809 2154 2876 quae
2187 2809 2288 2876 poeria
2318 2791 2414 2858 susti·
2431 2797 2537 2842 Secunda·

1457 2897 1560 2964 nenda
1574 2899 1669 2964 estin
1691 2897 1828 2978 inferno;
1854 2897 2051 2982 apocalypsis
2066 2897 2185 2962 decimo
2200 2905 2331 2982 quarto:
2355 2923 2370 2954 «
2381 2897 2412 2962 Si

1457 3003 1530 3088 quis
1560 3003 1739 3070 adoraverit
1767 3003 1898 3070 bestiam
1929 3011 1958 3070 et
1991 3003 2157 3088 imaginem
2183 3003 2251 3070 eius
2274 3010 2304 3070 et
2327 3021 2414 3070 acce-

1457 3109 1542 3194 perit
1562 3111 1776 3178 characterem
1801 3111 1868 3178 eius
1898 3109 1929 3176 in
1961 3109 2063 3178 fronte
2087 3127 2163 3190 sua,
2184 3115 2240 3176 aut
2262 3109 2294 3176 in
2316 3127 2414 3176 anano

1458 3235 1515 3282 sua
1529 3241 1537 3298 ;
1566 3217 1617 3282 hic
1646 3217 1734 3284 bibet
1754 3217 1794 3284 de
1816 3217 1887 3284 vino
1913 3217 1979 3282 irae
2000 3217 2073 3296 Dei,
2099 3217 2182 3302 quod
2206 3217 2336 3282 mistum
2366 3223 2414 3282 θεῖ

1458 3343 1547 3390 mero
1568 3325 1601 3388 in
1625 3324 1720 3390 calice
1743 3325 1857 3410 ipsius,
1872 3329 1903 3388 et
1920 3325 2113 3390 cruciabitur
2128 3323 2198 3408 igne
2216 3329 2245 3390 θῖ
2260 3323 2414 3406 sulphure

1457 3429 1491 3496 in
1513 3435 1682 3516 conspectu
1713 3431 1899 3514 angelorum
1931 3437 2112 3496 sanctorum
2132 3437 2165 3496 et
2190 3435 2262 3496 ante
2287 3445 2414 3514 conspe-

1458 3543 1545 3602 ctum
1568 3535 1641 3622 hgni
1660 3561 1689 3616 »3
1715 3537 1863 3604 Ieremiae
1884 3537 2034 3622 vigesimo
2050 3537 2176 3622 quinto:
2198 3565 2214 3596 (ε
2231 3539 2323 3604 Sume
2341 3537 2413 3604 cali-

1458 3659 1526 3708 cem
1544 3643 1607 3708 vini
1622 3641 1740 3708 lavroris
1755 3643 1852 3709 huius
1867 3641 1905 3706 de
1922 3659 2016 3706 mauu
2033 3659 2102 3706 mea
2114 3667 2127 3700 s
2147 3649 2204 3708 etc.
2221 3679 2259 3690 —-
2282 3641 2412 3724 Teanpo-
2429 3647 2507 3690 raaia
2549 3673 2550 3676 ¹

1459 3747 1548 3814 rates
1570 3747 1776 3814 calamitates
1800 3757 1828 3812 et
1850 3745 2024 3826 miseriam·
2041 3747 2123 3814 tertii
2141 3745 2253 3814 Esdrae
2276 3747 2367 3812 lertio
2381 3745 2412 3810 ⁷:

1465 3853 1579 3930 «Viri,
1605 3871 1698 3936 quarn
1725 3853 1881 3936 praevalet
1904 3853 2011 3918 vinum
2038 3853 2182 3918 omnibus
2213 3851 2412 3918 hominibusi

1459 3957 1578 4024 seducit
1603 3965 1737 4024 ruentem
1754 3985 1770 4018 s
1800 3964 1875 4038 etc.;
1901 3965 1931 4024 et
1955 3958 2160 4024 Ecclesiastici
2175 3957 2334 4042 trigesimo
2351 3955 2414 4042 pri-

1459 4083 1529 4130 mo:
1559 4091 1573 4122 «
1591 4065 1771 4132 amaritudo
1796 4065 1916 4132 animae
1939 4065 2046 4130 vinum
2071 4065 2205 4130 [nultum
2223 4071 2362 4150 potatum
2381 4091 2411 4128 ».

1550 4173 1577 4236 b'.
1605 4171 1718 4236 Vinum
1734 4171 1866 4258 gratiae
1880 4170 2100 4254 quadruplex:
2124 4171 2304 4254 Ruspetum
2324 4189 2411 4236 eom·
2424 4177 2575 4286 „gsslffllgaffiss

1454 4279 1671 4362 punctionis;
1693 4279 1833 4344 Psalmus
1845 4279 1874 4344 8:
1893 4277 2089 4344 «ostendisti
2107 4277 2223 4362 populo
2239 4277 2481 4358 tuodura3r10x·

1458 4385 1571 4470 potasti
1595 4403 1652 4450 nos
1676 4385 1747 4452 vino
1763 4385 2010 4470 compunctionis
2028 4411 2056 4450 s.
2082 4423 2123 4432 —
2150 4387 2302 4450 Roscium
2326 4405 2412 4450 com-

1454 4491 1644 4576 passionen
1661 4491 1858 4558 Canticorum
1874 4491 1985 4574 quinto
1999 4515 2013 4556 :¹
2030 4519 2045 4550 «
2060 4491 2183 4558 Comedi
2209 4491 2311 4558 lovum
2339 4511 2409 4558 curn

1459 4595 1659 4676 malleiaco,
1682 4597 1746 4662 bibi
1770 4597 1877 4664 vinum
1904 4613 2007 4662 meum
2042 4615 2113 4662 cum
2137 4597 2217 4662 lacte
2239 4615 2308 4664 meo
2324 4623 2356 4674 »,
2379 4597 2409 4662 id

1457 4711 1504 4768 est
1527 4705 1686 4788 planctum
1711 4703 1932 4786 compassionis
1951 4721 2022 4768 cum
2040 4703 2155 4768 laetitia
2171 4703 2410 4786 redemptionis,
2437 4739 2439 4744 ι

1457 4825 1539 4894 quae
1561 4809 1766 4876 inveniuntur
1791 4809 1819 4874 in
1843 4825 1935 4876 cruce
1959 4807 2083 4876 Christi.
2104 4847 2143 4858 --
2162 4809 2341 4876 Satmetum
2357 4809 2409 4874 de-

1456 4915 1615 4992 uotionis;
1646 4915 1846 4980 Canticorum
1876 4921 2002 4978 octavo:
2033 4915 2151 4978 «Dabo
2181 4913 2236 4978 tihi
2261 4915 2409 5000 poculum

1457 5037 1498 5086 ex
1529 5019 1602 5086 vino
1631 5019 1753 5086 condito
1785 5025 1816 5086 θῖ
1848 5027 1986 5086 nruslum
2015 5039 2181 5104 pomorum
2205 5027 2407 5106 granatorum

1456 5143 1600 5192 meorum
1616 5151 1645 5190 l.
1673 5161 1713 5174 -·-
1739 5125 1908 5192 Clarorum
1937 5125 2002 5192 sive
2034 5127 2237 5194 aromaticum
2262 5127 2411 5194 internae

1456 5229 1647 5316 [mitiorum
1672 5231 1868 5298 Canticorum
1893 5231 2010 5316 primo:
2036 5259 2050 5290 «
2064 5233 2190 5300 lleliora
2216 5241 2289 5300 sunt
2311 5233 2411 5300 ubera

1459 5345 1512 5404 tua
1536 5339 1626 5418 vino,
1651 5341 1821 5424 fragrantia
1846 5339 2013 5424 unguentis
2038 5341 2208 5422 optimis».

1526 5829 1538 5860 ⁸
1555 5833 1649 5884 Psalm.
1670 5833 1718 5902 te,
1738 5833 1763 5886 5.
1776 5863 1810 5872 -
1823 5835 1887 5886 Tres
1902 5845 1974 5900 seqq.
1988 5833 2039 5884 loci
2051 5839 2110 5884 sunt
2122 5831 2221 5886 Cautio.
2234 5833 2264 5900 5,
2285 5835 2313 5900 ῖς
2336 5837 2364 5896 8,
2384 5839 2408 5886 2.

1454 5929 1481 5976 et
1500 5923 1528 5986 l,
1550 5923 1572 5974 l.
1592 5935 1647 5988 seq.
1667 5951 1700 5974 -e
1721 5923 1758 5974 Do
1779 5923 1880 5988 Gange,
1901 5921 2058 5974 Glossarium
2078 5929 2141 5974 etc:
2164 5943 2175 5968 v
2195 5923 2352 5990 Rospatum,
2372 5925 2409 5974 vi·

1454 6001 1518 6064 nuth
1538 6013 1719 6076 rccmtatum,
1739 6013 1815 6062 Gallis
1835 6007 1957 6076 nospes.
1981 6009 2052 6062 ldem
2076 6011 2127 6062 ait:
2152 6011 2348 6064 «decantatum
2371 6013 2409 6062 vl-

1455 6109 1545 6148 oum...
1569 6097 1608 6148 sio
1634 6103 1844 6160 noncupatum...
1869 6097 1940 6162 quod
1970 6097 2059 6148 vinum
2088 6097 2224 6164 antiquum
2246 6101 2348 6160 inusto,
2366 6099 2408 6148 vel

1454 6185 1556 6250 lixivio,
1568 6187 1612 6238 vel
1624 6187 1719 6238 tortivo
1733 6187 1944 6239 oonrmisceretur
1959 6187 1998 6238 vel
2012 6187 2089 6252 quasi
2102 6191 2296 6238 renovaretur...
2315 6185 2409 6238 Recen-

1455 6277 1514 6328 tarc
1534 6273 1603 6324 enirn
1622 6281 1725 6326 veteres
1741 6275 1872 6328 Romanos
1890 6289 1938 6338 pro
1961 6287 2093 6342 renouare
2115 6275 2214 6326 dixisse
2237 6279 2339 6326 constat
2357 6283 2406 6326 etc.

1457 6381 1471 6408 a
1485 6359 1637 6422 Glaraium,
1657 6361 1746 6424 cinglis
1764 6361 1862 6428 clarel,
1874 6361 1947 6426 Hisp.
1962 6361 2066 6426 clarata,
2082 6361 2173 6412 vitrum
2187 6361 2311 6412 factitium
2332 6361 2408 6414 dulce

1454 6451 1496 6502 vel
1509 6447 1685 6502 aromatites...
1704 6447 1856 6516 claretum,
1877 6451 1975 6500 lituum
1992 6451 2136 6512 rubellum,
2151 6451 2211 6502 Gall.
2225 6447 2320 6502 clairct
2333 6471 2346 6498 a
2357 6457 2409 6504 etc.

1457 6559 1471 6586 a
1484 6539 1626 6602 Rosotum,
1642 6539 1712 6590 nude
1726 6553 1773 6604 pro
1787 6531 1911 6592 rosulum
1922 6535 2031 6604 ninum,
2043 6553 2103 6590 rosa
2121 6539 2254 6592 conditum
2267 6559 2291 6592 a.
2303 6567 2340 6578 -
2357 6541 2406 6592 Pro

1453 6625 1599 6678 satmclum
1616 6625 1635 6676 Β
1658 6625 1859 6692 sementiatam,
1878 6625 1898 6676 C
1916 6625 2111 6680 scmcutoiium.
2132 6629 2257 6692 Superius
2276 6627 2408 6682 substitui-

1454 6727 1514 6766 mus
1534 6709 1706 6780 quadruptca
1726 6727 1776 6778 pro
1795 6711 1910 6782 heptas,
1929 6715 2001 6778 quod
2021 6727 2160 6780 perperam
2178 6717 2276 6772 habent
2294 6721 2369 6774 codd.
