5908 8266
1183 501 1376 568 contuitur.
1403 503 1440 568 ΙΝ
1463 499 1629 570 thNNEhl
1651 503 1684 568 C.
1707 503 1781 570 XVl.

489 677 607 746 dicitur
631 679 777 746 Matthaei
800 677 952 762 vigesimo
973 675 1095 760 primo:
1125 675 1282 756 «Omnia,
1298 693 1383 764 quae
1397 695 1452 760 pe-

489 787 603 852 tieritis
626 787 657 854 iu
682 787 825 852 oratione
848 779 1029 862 credentes,
1052 781 1254 868 accipietis».
1272 783 1351 868 Quia
1376 801 1451 868 ergo

488 893 683 974 credidistis,
708 889 871 960 meremini
896 889 1051 956 exaudiri.
1078 889 1137 956 Sed
1159 907 1263 974 usque
1284 895 1361 956 tunc
1385 889 1451 956 suf-

488 999 606 1066 fecerat
621 999 778 1077 ·sredere,
793 997 879 1082 quod
894 995 1026 1062 exiisset
1047 1015 1066 1060 a
1088 995 1170 1074 Dec;
1196 995 1341 1082 deinceps
1355 1013 1450 1080 opor-

489 1105 576 1174 tebat
598 1105 745 1188 credere,
771 1101 854 1188 quod
879 1101 1002 1168 rediret
1016 1099 1055 1166 ad
1071 1099 1182 1168 Deum.
1201 1101 1285 1168 Unde
1301 1101 1340 1166 ad
1354 1099 1449 1166 tidem

486 1229 600 1278 eorum
624 1209 846 1296 perficiendam
871 1207 991 1274 subdit:

580 1317 633 1384 12.
657 1315 759 1400 (Veis.
783 1315 861 1396 281.
888 1311 989 1378 Exivi
1004 1331 1026 1378 6
1043 1313 1146 1380 Putre
1160 1321 1191 1380 66
1205 1313 1280 1378 oeni
1303 1313 1338 1378 66
1353 1331 1450 1378 6666-

489 1425 590 1490 616666
614 1421 720 1500 esini,
744 1439 801 1506 per
825 1427 984 1486 aeternam
1009 1423 1260 1506 generationem,
1281 1417 1375 1498 6666,
1391 1435 1449 1502 per

486 1529 753 1606 incarnationem,
776 1533 808 1594 et
831 1527 891 1596 hoc
913 1527 1105 1608 credidistis;
1124 1529 1207 1596 uude
1229 1545 1328 1612 supra
1348 1525 1449 1594 unde-

488 1637 570 1704 cimo
583 1639 612 1702 1:
643 1663 657 1694 6
673 1639 720 1702 Tu
737 1653 771 1702 es
785 1633 948 1714 Christus,
962 1635 1059 1702 Filius
1074 1635 1129 1702 Dei
1145 1635 1226 1714 vivi,
1243 1633 1298 1720 qui
1314 1633 1345 1700 in
1361 1633 1448 1700 huuc

486 1743 643 1810 mundum
663 1741 776 1810 venisti
794 1767 825 1808 6.
848 1741 976 1808 lterum
1012 1739 1160 1828 relinquo
1184 1741 1366 1818 66666666,
1390 1757 1447 1822 per

487 1851 681 1934 passionem,
705 1849 841 1916 6166616
866 1849 912 1916 nd
936 1851 1089 1928 Putrem,
1115 1867 1172 1932 per
1205 1847 1373 1932 gloriosam
1397 1865 1447 1912 re-

487 1957 726 2024 surrect-ionem.
752 1957 838 2024 Unde
861 1973 934 2022 cum
957 1953 1153 2032 resurrexit,
1178 1953 1263 2020 misit
1284 1951 1447 2038 discipulis

485 2065 553 2132 suis
576 2065 680 2132 dicere
703 2081 760 2148 per
782 2061 930 2140 blariam,
953 2059 1035 2126 infra
1058 2059 1251 2142 vigesimo2:
1280 2083 1298 2116 «
1313 2057 1368 2124 llic
1383 2057 1448 2124 ira-

486 2171 589 2236 tribus
612 2169 708 2236 meis:
731 2167 870 2234 Ascendo
901 2167 941 2232 ad
971 2167 1093 2232 Patrem
1126 2183 1232 2232 meum
1264 2171 1295 2230 et
1323 2165 1446 2230 Patrem

484 2281 645 2354 vestrum,
669 2275 770 2340 Deum
795 2291 901 2338 rueum
926 2279 957 2338 et
977 2273 1082 2338 Deum
1111 2279 1253 2338 vestrum
1270 2297 1302 2336 a.
1325 2271 1372 2338 De
1394 2269 1444 2338 his

483 2381 609 2446 duobus
633 2379 749 2446 dicitur
772 2377 804 2444 in
829 2379 966 2446 Psalmo:
997 2379 1047 2444 «Α
1064 2395 1189 2446 summo
1203 2377 1289 2446 caelo
1307 2377 1443 2462 egressio

483 2487 570 2566 eius,
593 2489 627 2552 et
648 2503 803 2552 occursus
826 2485 894 2552 eius
922 2483 1086 2568 usquead
1112 2501 1271 2550 summum
1297 2485 1365 2550 eius
1381 2509 1410 2546 s.

574 2593 627 2660 163.
652 2593 775 2658 Dicunt
797 2593 828 2658 66
848 2591 1009 2676 discipuli
1037 2591 1119 2656 eius.
1151 2591 1319 2676 Postquam
1341 2589 1443 2676 posita

331 2701 361 2746 ⁰⁰
373 2703 468 2800 gggsseh
485 2705 531 2766 est
555 2699 670 2764 Christi
694 2697 880 2784 promissio,
903 2697 1031 2782 ponitur
1064 2695 1306 2782 discipulorum
1328 2715 1442 2764 66666-

416 2787 422 2800 ’
483 2807 600 2886 161661,
626 2825 706 2892 quae
729 2805 920 2872 describitur
944 2807 1005 2872 hoc
1034 2803 1152 2872 ordine.
1181 2803 1282 2870 Primo
1314 2809 1442 2870 notatur

481 2913 683 2996 cormototio:
705 2911 835 2992 deinde,
860 2911 936 2998 quia
957 2911 1213 2996 decipiebantur,
1238 2911 1368 2996 ponitur
1389 2909 1440 2976 66-

479 3017 642 3096 666666
677 3019 788 3100 tertio,
819 3019 892 3104 quia
923 3019 1128 3098 vacillabant,
1157 3019 1299 3106 ponitur·
1319 3015 1441 3102 666116-

480 3123 594 3190 ructio.

572 3231 774 3316 (11666.29.).
801 3231 903 3297 Primo
928 3229 1023 3316 igitur
1052 3231 1233 3298 insinuatur
1262 3229 1440 3316 disciput-

482 3357 562 3406 roae
584 3337 781 3416 consolatio,
808 3355 902 3422 quam
927 3337 1083 3404 habebant
1108 3337 1145 3404 de
1170 3339 1275 3406 verbis
1299 3337 1438 3418 Domini,

482 3461 564 3532 quae
586 3443 646 3510 iam
672 3435 907 3522 intellexerant,
932 3447 963 3508 et
987 3443 1049 3508 iam
1073 3447 1197 3526 tempus
1220 3445 1440 3510 consolationis

481 3553 672 3640 promissum
695 3551 805 3618 adesse
827 3549 1005 3616 credebant.
1030 3551 1161 3634 Propter
1179 3543 1249 3618 'hoc
1271 3551 1387 3616 diertrrt
1411 3549 1441 3616 ei

482 3657 639 3744 discipuli
659 3657 750 3726 eius:
775 3659 874 3736 Eece,
897 3675 989 3722 6666
1010 3655 1126 3742 polum
1142 3655 1287 3744 loqueris
1310 3661 1338 3722 et
1358 3675 1438 3742 pro-

479 3749 630 3832 verbium
650 3761 781 3830 6611666
806 3763 909 3840 66666·
933 3767 963 3828 66
987 3763 1029 3828 ita
1052 3763 1137 3828 veuit
1154 3769 1296 3848 tempus,
1319 3763 1438 3848 dequo

479 3871 599 3938 dicis4:
630 3871 753 3936 «Venit
771 3863 883 3948 hora,
908 3887 982 3936 cum
1016 3867 1077 3934 iam
1115 3887 1178 3934 non
1205 3867 1238 3934 in
1260 3867 1437 3952 proverbiis

479 3977 591 4064 loquar
616 3977 717 4056 vobin,
743 3977 798 4042 sed
820 3977 924 4060 palam
946 3975 1139 4042 6666661616
1152 4003 1183 4040 x.

568 4085 621 4150 [rh.
644 4085 747 4168 (Vers.
765 4083 842 4164 30.).
862 4081 957 4148 Nunc
973 4081 1110 4160 scimus,
1126 4081 1207 4170 puio
1224 4081 1290 4148 scis
1306 4081 1435 4162 6666661,

479 4199 508 4258 66
529 4211 596 4258 666
620 4209 702 4276 opus
726 4195 771 4256 est
794 4189 870 4268 tihi,
893 4197 932 4254 61
954 4189 1029 4276 quis
1058 4195 1085 4252 te
1121 4189 1308 4276 interroget.
1335 4189 1371 4254 Et
1393 4189 1437 4256 ita

478 4299 564 4366 venit
585 4299 683 4378 hora,
705 4297 745 4364 de
767 4315 831 4384 qua
854 4295 961 4364 dixisti
982 4295 1125 4382 supral:
1156 4297 1219 4362 «16
1243 4297 1297 4362 1116
1313 4297 1369 4374 wdie
1386 4315 1436 4362 me

478 4424 539 4490 non
564 4405 714 4492 rogabitis
746 4403 960 4488 quidquam».
986 4405 1026 4468 16
1058 4399 1117 4470 666
1143 4403 1329 4482 eredimus,
1355 4405 1436 4492 quic

478 4533 501 4580 6
525 4513 588 4578 Deo
614 4511 728 4588 eristi,
752 4511 826 4594 quia
841 4509 958 4576 seilicet
975 4509 1079 4576 omma
1095 4511 1194 4588 nosti;
1211 4529 1310 4594 supra
1325 4517 1435 4576 sexto:

482 4619 574 4684 «Nos
599 4615 789 4684 credidimus
818 4621 850 4682 et
879 4615 1103 4702 eognovimus,
1126 4617 1200 4702 quia
1230 4623 1264 4684 tu
1289 4633 1321 4684 es
1346 4615 1434 4682 Chri-

478 4735 556 4806 stus,
578 4725 675 4792 Filius
697 4723 753 4792 Dei
769 4749 786 4784 s
814 4729 872 4790 etc.
898 4723 1000 4790 Solius
1023 4723 1107 4790 enim
1129 4723 1185 4790 Dei
1208 4729 1254 4790 est
1280 4723 1434 4790 6616666-

477 4831 577 4912 culta3
604 4831 750 4898 Ieremias
785 4831 905 4896 decimo
937 4829 1086 4916 septimo:
1116 4831 1285 4898 «Pravum
1309 4837 1356 4898 est
1379 4847 1434 4896 cor

476 4939 612 5004 hominis
633 4943 667 5004 et
688 4937 906 5016 inscrutabile,
931 4943 962 5002 66
979 4937 1050 5022 quis
1072 4943 1238 5022 cognoscet
1253 4937 1352 5004 illndl
1372 4937 1434 5022 Ego

475 5043 627 5110 Dominus
651 5049 798 5110 scrutans
820 5041 915 5108 corda
937 5049 969 5110 et
992 5043 1129 5128 probans
1154 5061 1289 5110 renes».

369 5209 371 5212 .
564 5149 744 5232 1611666.
770 5149 847 5230 3l.).
872 5149 1050 5232 Respondit
1079 5149 1181 5214 Iesus.
1206 5149 1359 5234 Tangitur
1382 5149 1434 5214 hic

326 5251 453 5298 11111111·
476 5255 664 5334 secuudum,
681 5253 799 5320 ’66111666
814 5253 1056 5338 discipulorum
1072 5253 1225 5320 eruditio.
1242 5255 1322 5338 Quia
1339 5253 1431 5332 euim,

474 5383 515 5434 ex
540 5381 684 5432 sermone
710 5361 834 5428 Domini
866 5359 1049 5440 confortati,
1073 5361 1242 5428 credebant
1267 5377 1299 5428 se
1323 5377 1432 5428 conso-

474 5473 553 5538 latos
575 5471 662 5538 6116
684 5471 746 5536 1616
768 5469 937 5556 perlectos;
962 5469 1052 5534 docet
1065 5485 1128 5534 eos
1151 5465 1304 5536 Dominus
1328 5469 1431 5534 humi-

474 5577 513 5644 lia
538 5593 666 5660 sapere,
689 5575 772 5644 sicut
797 5593 893 5660 supra
917 5575 1431 5656 1661611666ο;161666666616666-

545 5859 553 5890 ¹
573 5863 647 5914 Vers.
668 5861 710 5914 27.
729 5859 811 5914 Codd.
824 5867 851 5914 et
863 5861 994 5914 Gerrunus
1013 5863 1125 5926 allegant
1143 5863 1230 5914 blalth.
1250 5863 1298 5930 16,
1319 5865 1366 5930 16,
1386 5863 1430 5916 ubi

457 5957 572 6022 ,1661666
591 5949 675 6016 prima
695 5965 756 6016 pars
774 5949 919 6004 verborum
938 5951 1067 6004 occurrit:
1091 5953 1157 6004 Tu...
1174 5951 1235 6004 6661.

544 6037 553 6068 1
573 6041 647 6092 Vers.
670 6039 711 6092 17.
730 6067 765 6078 -
785 6041 907 6106 Sequitur
924 6041 966 6092 Ps.
986 6041 1034 6104 l8,
1052 6039 1077 6092 7.

542 6127 624 6184 ³Clr.
644 6143 723 6196 supra
742 6145 768 6182 6.
788 6129 831 6184 37.

543 6215 555 6246 ⁴
572 6221 658 6284 Supra
676 6233 701 6272 v.
723 6217 765 6270 26.
783 6247 818 6258 -
838 6219 976 6286 Aliquanto
998 6219 1121 6286 superius
1146 6235 1194 6286 pro
1214 6217 1430 6288 6666666616-

471 6319 513 6358 res
531 6307 611 6360 codd.
629 6307 693 6376 quic
713 6307 777 6360 6666.

543 6393 649 6448 111666.
668 6397 711 6448 23.
732 6423 767 6436 -
786 6397 843 6450 1166
868 6411 943 6466 seqq.
968 6397 1016 6450 loci
1044 6403 1105 6450 suut
1133 6400 1200 6452 loan.
1226 6399 1255 6464 6,
1276 6397 1319 6448 76.
1340 6403 1363 6450 66
1382 6403 1428 6452 ler.

404 6547 409 6554 ¹
475 6485 515 6550 17,
536 6485 558 6536 6.
579 6499 634 6550 seq.
1209 6493 1211 6500 '

542 6569 553 6602 1
572 6575 683 6638 Vulgata
710 6575 913 6640 interrogative:
931 6573 1010 6630 611666
1031 6573 1158 6630 creditis?
1175 6575 1229 6628 Cir.
1248 6577 1275 6626 S.
1298 6577 1425 6644 Thomas,

471 6663 617 6718 Comment.
644 6663 679 6716 16
693 6667 764 6716 hunc
791 6667 892 6730 locum,
911 6667 969 6718 lect
989 6667 1014 6716 8.
1033 6679 1057 6716 6.
1076 6667 1110 6716 26
1130 6667 1208 6732 Quod
1235 6663 1257 6716 si
1285 6667 1427 6732 accipiatur

470 6749 674 6820 interrogative,
694 6757 733 6804 est
751 6753 918 6818 exprobratio
936 6751 1063 6804 tarditatis
1082 6765 1173 6804 eorum
1193 6753 1227 6806 ad
1250 6753 1426 6818 credendum,

470 6841 545 6906 quasi
572 6839 686 6892 diceret:
707 6841 795 6904 Usque
823 6841 903 6892 modo
931 6839 1065 6892 distulistis
1085 6841 1214 6892 eredere?
1232 6841 1261 6892 Si
1280 6855 1344 6892 vero
1363 6841 1427 6894 6661-

576 6945 606 7000 S.
624 6945 727 7000 36666.
737 6971 775 6984 -
789 6947 865 6998 Tom.
885 6947 927 6998 Vl.

2407 509 2472 574 tob

1517 679 1591 746 bum
1616 697 1747 762 eorum,
1769 685 1807 748 ut
1829 681 1974 768 corrigat.
2003 683 2169 766 Propterea
2192 681 2280 748 dicit:
2297 683 2473 768 Respondit

1515 783 1563 850 eis
1596 787 1707 852 lesus:
1731 787 1826 852 Modo
1860 787 2030 868 6666166661,
2056 787 2085 852 id
2109 785 2320 866 6661666616
2354 805 2410 856 vos
2432 787 2472 854 de

1515 891 1592 970 hoc,
1617 893 1702 978 qood
1724 891 1863 960 creditis.

1602 999 1654 1064 to.
1682 999 1782 1084 (Vers.
1810 999 1886 1080 32).
1912 1003 2011 1080 Eece,
2034 1001 2123 1068 uenit
2153 997 2240 1066 horu
2268 1007 2300 1066 et
2326 997 2396 1066 tum
2418 1019 2471 1066 66-

1514 1103 1579 1182 661,
1602 1103 1717 1182 idest,
1745 1105 1949 1190 propinquam
1973 1115 2010 1174 61
2032 1105 2277 1192 dispergemini
2291 1107 2471 1192 uuusquis-

1514 1229 1575 1298 que
1596 1207 1634 1274 66
1653 1207 1813 1294 proprio,
1835 1209 1868 1274 id
1890 1217 1954 1290 est,
1980 1217 2015 1276 ut
2038 1211 2300 1298 dispergemini,
2323 1209 2367 1276 ita
2387 1211 2469 1296 quod

1512 1313 1734 1398 unusquisque
1757 1311 1793 1380 66
1813 1315 1975 1400 propriu,
2000 1317 2075 1400 quia
2097 1337 2182 1384 unus
2197 1335 2268 1386 eum
2294 1317 2391 1384 altero
2408 1335 2468 1382 non

1512 1419 1662 1488 remansit
1697 1437 1756 1486 nec
1786 1419 1847 1486 lide
1881 1441 1939 1488 nec
1973 1439 2124 1506 corpore;
2152 1423 2321 1502 Zachariae
2348 1423 2470 1492 decimo

1513 1525 1607 1594 tertio
1621 1527 1650 1592 ⁷:
1690 1527 1851 1594 «Percote
1876 1535 2052 1612 pastorem,
2082 1535 2115 1596 et
2144 1531 2367 1616 dispergentur
2395 1549 2470 1600 oves

1511 1633 1662 1720 gregis».
1690 1635 1729 1700 nt
1751 1653 1803 1700 ote
1830 1633 1939 1702 666666
1974 1633 2188 1722 relinquetis,-
2219 1637 2315 1704 Isaiae
2339 1655 2470 1722 sexage-

1511 1741 1591 1808 simo
1617 1741 1726 1808 lertio:
1756 1741 1937 1808 «Torcular
1959 1741 2075 1808 calcavi
2101 1742 2204 1822 solus,
2222 1743 2307 1810 etde
2321 1745 2469 1828 gentibus

1511 1845 2469 1918 mmmmmfflmmmmm

1511 1971 1569 2040 per
1589 1939 1748 2020 deiectum
1763 1951 1861 2020 divini
1883 1953 2013 2032 auxilii,
2039 1953 2092 2020 sed
2116 1955 2261 2034 humani;
2285 1955 2354 2020 ideo
2375 1955 2467 2024 dicit:

1510 2059 1917 2140 86616661666666166,
1941 2061 2023 2148 puio
2051 2063 2150 2128 Peter
2174 2079 2301 2128 6666666
2321 2069 2389 2140 est;
2415 2081 2466 2130 66-

1509 2185 1569 2252 pra
1591 2171 1718 2234 octavo:
1748 2167 1839 2252 «Qui
1866 2185 1916 2236 me
1944 2167 2030 2234 misit
2060 2185 2184 2236 mesum
2207 2173 2255 2236 est
2278 2171 2393 2234 elnon
2417 2185 2468 2234 re-

1509 2273 1601 2360 liquit
1625 2291 1677 2340 me
1698 2275 1800 2340 solum
1816 2299 1847 2338 6.
1871 2275 1933 2342 Ν66
1955 2281 2003 2342 est
2025 2273 2220 2340 contrarium
2244 2273 2328 2358 qnod
2352 2273 2466 2340 dicitur

1508 2379 1541 2446 in
1565 2379 1698 2446 Psalmo:
1728 2405 1744 2438 a
1759 2379 1799 2446 116
1821 2379 1898 2464 quid
1928 2397 1980 2446 me
2012 2379 2260 2464 dereliquistis?
2286 2379 2361 2465 quia
2381 2377 2465 2446 istud

1507 2485 1693 2572 intelligitur
1716 2485 1755 2552 de
1777 2487 1975 2570 expositione
1997 2485 2036 2552 ad
2055 2503 2196 2572 poenam.

1572 2595 1648 2662 ,[67.
1674 2593 1774 2678 (Vers.
1802 2593 1878 2674 33.).
1902 2593 1993 2660 Η666
2015 2593 2145 2660 loeutus
2168 2611 2244 2658 6666
2266 2593 2368 2659 uobis.
2384 2593 2464 2660 Tan-
2483 2601 2586 2646 tertium.

1507 2701 1592 2786 gitur
1610 2701 1661 2768 hic
1679 2701 1826 2780 tertium,
1844 2701 1962 2768 scilicet
1979 2699 2220 2786 discipulorum
2243 2697 2462 2786 6666666166.

1506 2807 1585 2890 Quia
1620 2805 1821 2890 praedixerat
1856 2807 2081 2894 dispersionem
2112 2805 2268 2884 loturam,
2303 2805 2465 2890 subiungit

1506 2913 1784 2992 comortationem,
1808 2913 1882 2998 quia
1907 2915 1965 2980 hoc
1998 2931 2061 2980 uon
2093 2913 2236 2992 dixerat,
2259 2919 2296 2980 ut
2317 2913 2464 2998 despera-

1505 3025 1595 3100 rent,
1619 3021 1674 3088 sed
1695 3027 1734 3086 ut
1754 3037 1812 3106 per
1836 3019 2055 3106 confidentiam
2079 3037 2187 3106 pacem
2204 3019 2365 3088 haberent.
2390 3021 2463 3086 Pro-

1505 3135 1615 3214 pterea
1643 3127 1737 3194 dicit:
1772 3127 1862 3194 Huec
1895 3127 2023 3194 locutus
2054 3145 2128 3194 666
2162 3127 2390 3206 6611666666
2413 3145 2463 3192 66

1502 3255 1619 3322 pacem
1641 3233 1810 3312 bodecus,-
1825 3235 1865 3300 de
1887 3253 1950 3322 qua
1976 3233 2069 3300 Isaiae
2085 3233 2240 3300 ultimoP:
2264 3259 2280 3292 6
2295 3233 2462 3302 Declioabo

1504 3361 1602 3428 super
1625 3359 1692 3408 eam
1718 3343 1807 3428 quasi
1830 3341 1947 3410 flumen
1974 3341 2102 3428 pacis».
2117 3339 2163 3406 hd
2177 3339 2258 3406 hauc
2274 3357 2382 3426 pacem
2399 3359 2461 3406 non
2481 3343 2611 3388 rorallum.

1504 3449 1630 3514 venitur
1663 3449 1722 3514 nisi
1756 3467 1814 3532 per
1844 3465 2028 3532 pressuras:
2051 3445 2121 3514 ideo
2151 3445 2242 3514 dicit:
2273 3447 2313 3512 16
2336 3449 2461 3516 muodo

1499 3573 1700 3640 6666666666
1726 3553 1904 3634 abacorum
1927 3555 2060 3622 rictuum
2084 3553 2349 3640 decimoquarto:
2371 3555 2460 3620 «Per

1502 3661 1620 3726 multas
1642 3661 1862 3726 tribulationes
1883 3665 2007 3746 oportet
2043 3679 2100 3728 nos
2129 3661 2248 3726 intrare
2273 3661 2304 3726 in
2327 3677 2460 3744 regnum

1502 3767 1648 3834 1161616
1666 3767 1715 3832 1616
1731 3767 1888 3850 pressuris
1901 3787 1963 3832 non
1976 3773 2022 3834 est
2035 3767 2283 3852 desperandum,
2300 3767 2368 3832 ideo
2385 3765 2460 3834 sub-

1502 3873 1563 3940 dit:
1590 3871 1654 3940 Sed
1684 3871 1851 3958 confidite,
1873 3893 1931 3960 epo
1966 3871 2032 3940 6666
2062 3873 2244 3950 muntium,-
2268 3869 2390 3958 primae
2420 3873 2457 3938 ad

1501 3977 1680 4046 Corinthios
1694 3979 1813 4046 decimo
1829 3979 1941 4064 quinto
1956 3979 1998 4038 ¹⁰:
2030 3979 2181 4044 «Gratias
2205 3979 2287 4058 Deo,
2303 3979 2358 4062 qui
2374 3979 2460 4044 dedit

1500 4085 1592 4152 nobis
1615 4085 1776 4150 victoriam
1810 4101 1867 4168 per
1903 4087 2004 4152 lesum
2027 4085 2186 4150 Christum
2213 4083 2460 4150 hominumue

1501 4195 1606 4258 strum
1622 4217 1653 4256 6,
1678 4191 1760 4258 Η666
1795 4189 1959 4258 victoriam
1992 4191 2211 4276 adipiscuntur
2241 4189 2405 4258 credentes
2426 4189 2457 4256 16

1500 4297 1679 4376 Christum;
1703 4297 1824 4382 primae
1848 4297 1970 4366 loannis
1992 4299 2120 4384 quinto:
2151 4297 2257 4364 «llaec
2292 4297 2458 4364 66661666-

1501 4405 1562 4484 ria,
1587 4423 1668 4490 quae
1692 4403 1789 4470 vincit
1811 4405 1984 4484 mundum,
2007 4405 2086 4472 tides
2108 4409 2217 4470 nostra
2232 4429 2263 4468 ».

1854 4615 2092 4700 6666666666.

1589 4831 1641 4898 le.
1666 4831 1790 4914 Quaest.
1815 4831 1836 4894 1.
1861 4831 1919 4898 Sed
1943 4831 2109 4918 quaeritur
2133 4831 2183 4896 hic
2208 4831 2309 4916 primo
2334 4829 2371 4898 de
2396 4833 2455 4900 hoe

1498 4935 1584 5020 quod
1607 4935 1698 5002 dicit:
1725 4935 1762 5002 St
1795 4935 1875 5024 quiet
1906 4937 2066 5022 petieritis
2098 4937 2234 5002 Putrem
2266 4937 2301 5002 666
2324 4937 2457 5002 6666666

1498 5063 1587 5122 meo,
1610 5043 1704 5110 616666
1726 5045 1825 5110 cobis.

1592 5153 1617 5214 l.
1643 5149 1827 5234 Quaeritur:
1852 5167 1925 5218 sum
1950 5151 2028 5218 illud
2049 5151 2130 5220 idem
2156 5151 2274 5218 dixerit
2288 5169 2387 5236 snpra
2402 5149 2455 5218 de-

1496 5255 1578 5320 cimo
1602 5263 1716 5340 quarto
1730 5257 1755 5296 11
1780 5263 1809 5322 66
1833 5257 1953 5324 decimo
1976 5257 2096 5344 quinto,
2114 5257 2242 5344 utquid
2258 5257 2453 5326 nunciterat

1495 5361 1617 5428 decimo
1649 5367 1763 5428 sextos
1792 5363 1991 5430 -Videtur
2015 5363 2243 5450 superfluum:
2269 5381 2343 5450 ergo
2372 5365 2396 5430 si
2420 5363 2451 5428 in

1494 5467 1602 5534 verbis
1632 5467 1746 5536 Christi
1779 5467 1857 5536 nihil
1888 5471 1947 5536 luit
1977 5471 2196 5554 superfluum,
2232 5489 2332 5556 quare
2361 5469 2454 5536 toties

1494 5575 1597 5642 dicit?

1495 5865 1583 5930 piatur
1601 5863 1739 5920 remissive
1758 5863 1818 5934 [cir.
1841 5879 1919 5930 sopra
1933 5879 1995 5930 pag.
2010 5865 2076 5928 266,
2095 5869 2154 5916 nota
2168 5863 2222 5932 9.],
2236 5863 2376 5928 exprobrat
2388 5863 2451 5914 ildei

1494 5953 1614 6018 ipsorum
1644 5953 1851 6016 instabilitatem,
1871 5955 1947 6022 quasi
1965 5953 2080 6006 diceret:
2100 5955 2198 6004 Verum
2217 5959 2270 6018 est,
2288 5951 2360 6018 quod
2381 5965 2451 6002 nune

1494 6041 1613 6104 creditis,
1633 6041 1679 6094 sed
1704 6043 1803 6104 statim,
1824 6043 1931 6108 quando
1957 6043 2052 6108 tradar,
2078 6041 2212 6094 dimittetis
2230 6053 2274 6090 me
2291 6043 2341 6092 etc.
2357 6067 2394 6076 —
2412 6037 2450 6090 De

1493 6133 1574 6184 Petro
1594 6131 1655 6184 vide
1672 6145 1752 6196 supra
1774 6131 1822 6196 13,
1841 6131 1914 6184 6-11.
1931 6139 1958 6184 61
1976 6131 2019 6220 7⁹³7·
2039 6145 2094 6198 seq.

1565 6215 1575 6248 ⁷
1598 6219 1670 6272 Vers.
1688 6217 1715 6272 7.
1732 6245 1769 6258 -
1787 6217 1909 6286 Sequitur
1928 6221 1983 6274 lsai.
2001 6221 2050 6282 63,
2070 6221 2095 6272 3.

1565 6305 1576 6336 ⁸
1595 6307 1707 6372 Vulgata
1726 6307 1762 6362 Et
1778 6321 1842 6362 666.
1859 6335 1896 6348 -
1913 6311 1971 6364 Duo
1989 6323 2064 6376 seqq.
2083 6307 2131 6362 loci
2151 6307 2341 6372 subticeat,
2359 6307 2403 6358 29.
2424 6313 2451 6358 et

1451 6381 1452 6384 ¹
1493 6397 1534 6448 Po.
1554 6397 1597 6460 21,
1616 6399 1644 6450 2.
1661 6395 1713 6450 Gir.
1730 6411 1811 6460 supra
1831 6411 1854 6448 e.
1873 6401 1899 6450 8.
1916 6413 1943 6448 6.
1964 6397 2007 6448 ll.
2031 6417 2034 6442 r

1564 6481 1575 6514 ⁹
1596 6487 1668 6538 Vers
1690 6487 1731 6538 12.
1750 6487 1926 6550 —Sequitur
1946 6485 2000 6538 hot.
2022 6483 2069 6546 11,
2088 6483 2130 6534 2-1.

1565 6571 1587 6604 11
1606 6575 1682 6624 Vere.
1703 6573 1744 6626 57.
1764 6601 1797 6612 --
1819 6571 1935 6624 Subinde
1955 6573 2080 6636 allegatur
2097 6571 2115 6622 l.
2135 6571 2204 6622 1666.
2222 6571 2254 6638 6,
2274 6571 2298 6624 l.

1564 6659 1680 6712 11vers.
1706 6661 1747 6712 63.
1775 6673 1830 6724 seq.
1857 6667 1884 6712 6
1902 6659 1950 6724 rs,
1970 6659 1979 6708 6
1988 6661 2013 6712 6.
2033 6687 2067 6696 -
2085 6659 2197 6728 aristot,
2219 6661 2235 6712 6.
2262 6661 2295 6712 ua
2324 6647 2398 6716 6616
2423 6669 2448 6714 er

1491 6751 1606 6818 666666,
1626 6755 1684 6802 text
1706 6751 1747 6802 32.
1769 6751 1800 6816 (c.
1823 6749 1872 6816 lul:
1893 6751 1962 6802 Dens
1988 6753 2076 6802 autem
2102 6757 2129 6802 et
2154 6757 2247 6806 natura
2270 6751 2333 6804 nihil
2352 6755 2447 6804 frustra

1492 6841 1598 6894 iaciunt.

2306 6949 2338 6998 59
