5908 8266
372 1371 477 1418 seeundo.

504 551 566 618 lau

500 725 538 794 de
562 727 679 796 semine
701 731 802 796 Lucae
823 731 975 798 ocbvo1:
998 757 1013 790 «
1031 731 1065 798 Et
1080 737 1188 798 ortum
1202 731 1276 800 fecit
1299 730 1452 812 tractum,

500 831 597 914 aliud
619 833 801 918 centuplum
817 861 831 892 a
866 839 925 902 etc.
958 837 1001 902 ln
1030 837 1227 922 respectione
1256 837 1453 904 aniniararn

500 939 864 1014 accelerandam:
891 965 908 998 <t
926 941 955 1006 ln
980 941 1029 1008 die
1060 941 1184 1022 iudicii,
1212 945 1337 1030 quando
1369 947 1452 1012 Dens

501 1039 644 1126 respiciet
667 1043 786 1112 animas
809 1050 932 1112 sanetas
953 1063 1006 1112 eas
1042 1049 1290 1130 remunerando,
1312 1055 1344 1118 et
1367 1049 1452 1136 ipsae

499 1145 665 1230 respicient
688 1165 760 1214 eum
784 1150 1019 1236 contemplando
1035 1179 1065 1218 s.

585 1253 687 1334 (Vens.
715 1253 790 1338 lt).
816 1257 858 1320 Et
878 1255 983 1340 spado
1004 1263 1062 1326 etc.
1087 1259 1140 1326 llic
1175 1265 1329 1346 exparte
1355 1277 1452 1328 sexus

497 1377 528 1424 cc
553 1355 605 1424 elis
639 1359 742 1442 primo
775 1361 916 1446 tangitur
948 1363 1156 1434 continentiae
1190 1367 1368 1444 meritura·
1403 1385 1450 1432 εε-

497 1463 597 1532 cando
619 1465 824 1550 praemicent,
849 1467 909 1534 ibi:
946 1469 1089 1538 Dabitur
1123 1479 1199 1552 etc.;
1222 1475 1335 1552 tertio,
1361 1471 1449 1538 ratio

408 1595 414 1602 ·
491 1571 654 1658 permenii:
683 1573 853 1640 Bonorum
875 1577 959 1644 eninr
986 1583 1044 1646 eto.
1124 1603 1125 1608 ¹

506 1701 507 1704 ¹
581 1679 683 1762 (Vers.
709 1679 783 1764 lla).
810 1683 957 1770 Sequitur
992 1685 1104 1770 igitur:
1136 1689 1179 1752 Et
1207 1685 1331 1772 spado,
1362 1683 1447 1768 «qai

330 1793 478 1838 contuentes
494 1783 611 1852 scilieet
633 1787 780 1854 castravit
804 1805 834 1856 se
852 1799 981 1876 propter
998 1809 1129 1878 regnum
1145 1793 1306 1858 caelorum
1322 1817 1356 1868 a,
1372 1791 1447 1856 Mal-

353 1847 459 1892 meritum.

323 2851 391 2916 ipsius
407 2865 468 2908 prae·

363 2917 438 2950 mrum.

494 1889 575 1958 thaei
599 1891 719 1958 decimo
744 1895 860 1962 nono2.
886 1897 951 1978 Qai
973 1915 1041 1962 non
1062 1901 1227 1982 operatas
1241 1899 1289 1962 est
1298 1915 1361 1982 per
1375 1913 1446 1960 rna-

492 2015 558 2064 nns
578 2017 661 2064 snas
685 1997 909 2088 iniquitatem,
933 2001 963 2090 id
988 2009 1228 2088 est,pecoatam
1251 2001 1446 2068 incontinen-

493 2103 553 2170 tiae
575 2123 635 2170 non
660 2107 854 2192 perpetravit
875 2125 985 2196 opere,
1007 2109 1062 2176 sed
1076 2109 1216 2176 mundas
1232 2111 1279 2174 εει
1300 2127 1444 2192 corpore.

492 2211 558 2278 Nec
587 2213 746 2300 capitanii
770 2215 933 2280 adversas
956 2213 1061 2278 Doara
1082 2213 1302 2300 nequissima,
1325 2213 1358 2280 id
1378 2219 1443 2294 εει,

490 2335 547 2384 neo
571 2317 708 2402 peccarit
733 2337 885 2386 consensa
909 2319 957 2384 vel
982 2318 1158 2396 voluntate,
1175 2319 1230 2384 sed
1244 2325 1293 2384 εει
1307 2319 1443 2386 mundus

475 2425 605 2502 ·corcle;
628 2429 762 2510 utraque
787 2423 870 2492 enim
891 2421 1047 2488 munditia
1067 2423 1260 2508 requisitum
1281 2423 1369 2490 bade
1382 2423 1443 2490 ilu-

489 2529 633 2616 gustinus
644 2529 677 2594 ³:
706 2553 722 2586 «
738 2529 794 2594 Ubi
817 2527 968 2594 Dominus
985 2525 1124 2592 iudicans
1138 2525 1252 2592 mentis
1267 2527 1443 2612 corruptio-

489 2651 561 2700 nem
595 2633 766 2710 invenerit,
804 2633 895 2700 simul
932 2637 960 2696 et
996 2631 1136 2714 corporis
1176 2631 1443 2714 incorruptionem

488 2739 645 2806 damnabit
662 2765 692 2802 ».
716 2735 847 2822 Spado,
866 2735 1010 2822 iuquam,
1028 2735 1113 2814 talis,
1133 2741 1255 2820 repete:
1281 2735 1363 2822 felin
1377 2743 1440 2814 est,

488 2843 579 2912 sinodo
602 2843 634 2910 iu
658 2861 731 2928 spe,
755 2842 809 2909 sed
831 2843 954 2908 tandem
980 2839 1010 2906 in
1036 2859 1077 2906 re.
1106 2839 1248 2906 Dabitur
1271 2839 1359 2928 entim
1381 2839 1431 2906 illi

487 2951 518 3018 in
542 2947 697 3036 praesenti
722 2947 856 3024 scilicet,
878 2945 956 3032 idei
980 2945 1104 3012 donans
1118 2945 1272 3020 eleetnrn;
1289 2943 1377 3030 delei,
1395 2945 1442 3010 in·

488 3075 599 3142 quam,
624 3073 703 3140 quae
728 3053 759 3120 in
782 3071 836 3140 spe
861 3053 1032 3132 beatificat,
1058 3053 1232 3120 secandum
1254 3049 1332 3116 illud
1356 3051 1441 3116 loan-

486 3161 534 3230 nis
558 3159 750 3246 vigesimae:
777 3185 795 3218 «
812 3159 913 3238 Beati,
937 3159 992 3242 qui
1013 3177 1074 3224 non
1106 3155 1252 3224 siderant
1284 3161 1314 3224 ει
1342 3155 1440 3224 credi-

485 3267 601 3334 derunt
617 3293 645 3330 ».
673 3265 806 3332 Danaen
827 3265 971 3332 electam.
985 3269 1072 3332 vocat
1105 3263 1222 3330 donum
1252 3263 1343 3344 fidei,
1367 3263 1441 3348 qaia

485 3393 525 3440 ex
551 3371 654 3440 divina
689 3371 837 3440 electione
872 3371 965 3438 datar
989 3377 1017 3438 ει
1047 3371 1188 3438 homines
1212 3371 1325 3436 electos
1350 3369 1439 3448 lacit;

485 3479 522 3546 ad
549 3479 759 3565 Philippenses
794 3471 914 3564 primo:
950 3501 966 3534 «
983 3477 1076 3542 Vobis
1111 3475 1260 3542 donatum
1289 3479 1354 3554 εει,
1376 3493 1438 3542 aon

485 3587 585 3652 solum
618 3589 653 3652 ut
688 3583 719 3648 in
754 3601 826 3650 eam
860 3581 1007 3662 credentia,
1042 3581 1093 3648 sed
1122 3587 1158 3648 at
1181 3581 1274 3648 etiam
1298 3599 1356 3666 pro
1384 3581 1452 3646 illo¹

485 3689 642 3776 patiamini
656 3715 688 3754 a.
712 3691 754 3754 Et
777 3709 871 3770 sors,
901 3689 934 3756 id
966 3693 1013 3756 est
1048 3687 1149 3774 portio
1180 3687 1371 3766 insulana,
1403 3687 1438 3752 in

485 3795 597 3884 templo
623 3795 700 3874 Dei;
725 3795 874 3862 Glossa⁵:
902 3821 919 3854 «
935 3794 967 3860 ln
1002 3795 1086 3862 caelo
1103 3817 1133 3872 »3
1159 3795 1312 3860 Psalmus:
1348 3791 1438 3858 «Do-

406 3959 410 3974 .
484 3903 588 3970 minus
613 3903 643 3968 iu
668 3903 783 3986 templo
815 3905 1026 3980 sanoto'sao;
1051 3899 1202 3966 Dominus
1226 3899 1257 3964 in
1282 3899 1367 3964 caelo
1388 3915 1437 3964 εε-

353 4229 460 4286 Quaestio.

395 4547 459 4604 Resp.

483 4010 537 4077 des
561 4007 628 4076 eius
644 4035 675 4072 n.

571 4117 630 4202 Sao
653 4131 793 4180 nonina:
817 4113 895 4196 Quia
911 4111 1109 4196 Apocalypsis
1124 4109 1273 4196 vigesimo
1290 4109 1392 4194 primo
1406 4109 1436 4174 ⁶:

488 4249 503 4280 o
518 4223 683 4306 Templum
706 4237 768 4286 non
795 4217 857 4286 vidi
879 4217 912 4282 in
935 4235 971 4284 ea
988 4245 1017 4294 »,
1043 4217 1161 4284 scilicet
1183 4215 1214 4282 in
1238 4215 1362 4282 civitate
1383 4233 1437 4280 su-

481 4327 586 4412 perna.
1367 4345 1368 4350 ¹

570 4431 758 4510 Dicendum,
783 4429 869 4516 qaod
890 4447 951 4496 non
977 4433 1023 4496 est
1039 4427 1079 4494 ibi
1098 4426 1248 4512 templum
1264 4425 1436 4504 materiale,

479 4537 533 4606 sed
558 4535 729 4624 spirituale.
948 4527 957 4538 “

569 4641 815 4728 acceptissima.
839 4639 1030 4718 Notandum,
1054 4637 1137 4724 quod
1155 4655 1224 4706 sors
1240 4645 1371 4724 accepta
1387 4643 1435 4704 est

478 4753 510 4820 in
533 4751 624 4818 bonis
646 4755 796 4828 naturae,
819 4745 984 4832 acceptior
1006 4745 1039 4810 iu
1072 4745 1163 4812 bonis
1185 4743 1320 4830 gratiae,
1336 4733 1434 4810 'acce-

474 4857 630 4946 ptissirna
665 4855 696 4921 in
727 4853 816 4922 bonis
851 4853 976 4940 gloriae.
1007 4853 1068 4918 lloo
1100 4859 1147 4918 εει
1181 4877 1195 4910 a
1211 4851 1317 4916 datum
1355 4851 1434 4936 opti-

477 4983 565 5030 mum
581 4989 615 5042 a,
637 4961 762 5046 dequo
786 4955 884 5028 iacobi
908 4959 1008 5046 primo
1022 4957 1045 5022 ⁷.

548 5399 558 5430 ²
577 5401 651 5454 Vers.
672 5403 696 5450 S.
713 5427 750 5438 —
767 5401 807 5452 De
824 5399 916 5464 triplici
935 5401 987 5450 boc
1004 5399 1088 5450 intacta
1102 5399 1146 5450 cir.
1161 5401 1224 5450 torn.
1237 5397 1278 5450 lV.
1293 5411 1354 5462 pag.
1366 5395 1432 5458 ast,

437 5509 438 5512 ¹
458 5495 536 5544 nota
557 5491 580 5540 6.
601 5517 635 5530 -·
653 5489 714 5554 Seq.
735 5489 822 5540 Glossa
842 5493 881 5540 est
899 5485 1079 5540 interlinearis
1101 5485 1254 5554 (sectandum
1274 5483 1433 5550 Rabannm).

547 5575 651 5630 2ιιειε.
674 5579 683 5628 ι
690 5579 720 5628 2:
740 5579 768 5630 Et
787 5583 846 5630 sunt
865 5575 978 5628 eunaebi
998 5573 1167 5642 [spadones],
1185 5575 1278 5642 quise
1304 5573 1374 5638 ipsos
1393 5585 1433 5624 ca·

475 5669 624 5718 straverunt
640 5669 748 5730 propter
765 5669 814 5718 etc.

546 5749 558 5782 ³
575 5753 686 5818 Augrrst.
704 5753 825 5816 pluribus
843 5753 870 5804 in
888 5753 951 5804 loeis
972 5751 1050 5818 (quos
1067 5753 1140 5802 atiert
1154 5751 1279 5812 Gratiam,
1293 5747 1375 5804 Causa
1388 5749 1432 5800 32.

475 5857 503 5910 q.
520 5841 546 5892 5.
566 5855 588 5894 c.
608 5843 632 5894 3.
650 5839 735 5906 seqq.)
755 5841 846 5902 docet,
866 5839 1017 5904 pudicitiam
1045 5837 1176 5902 corporis,
1199 5843 1288 5888 mente
1311 5837 1432 5888 inviolate

474 5935 591 5990 serrata,
612 5927 702 5980 uiolari
722 5943 774 5980 non
794 5943 884 5994 posse,
905 5941 935 5978 en
953 5927 995 5978 bis
1012 5927 1074 5978 loeis
1094 5939 1140 5990 per
1160 5923 1352 5990 oppositionem
1373 5921 1431 5974 elici

473 6023 561 6086 potest
578 6017 717 6078 sententia,
738 6029 806 6082 quae
824 6015 867 6068 bic
878 6015 1034 6080 proponitur
1049 6013 1104 6076 (etr.
1118 6013 1195 6064 etiam
1209 6013 1251 6064 lV.
1264 6013 1334 6062 Seat.
1349 6011 1374 6062 d.
1388 6011 1431 6060 33.

474 6123 498 6160 a.
512 6111 537 6162 t.
551 6125 574 6176 q.
589 6111 616 6162 3.
628 6109 654 6160 in
669 6103 741 6170 tiae).
753 6105 840 6158 Verba
861 6109 946 6158 autem
966 6101 1121 6156 exhibentur
1138 6101 1173 6152 ab
1191 6101 1299 6164 Isidos,
1313 6101 1343 6150 ll.
1361 6101 1431 6150 Sent.

473 6171 498 6248 c.
516 6197 561 6248 tt.
578 6209 603 6248 n.
623 6197 639 6248 l
648 6211 654 6246 ι
675 6191 724 6248 Ubi
744 6193 813 6246 enim
831 6191 949 6246 iudicans
975 6195 1089 6242 mentem
1115 6193 1262 6254 corruptam
1291 6185 1431 6248 invenerit,

473 6285 559 6336 earms
576 6285 668 6350 procul
688 6281 768 6356 dubio
790 6281 1008 6344 incorruptionem
1029 6275 1173 6332 damnabit.
1190 6275 1242 6328 Cir.
1253 6275 1375 6338 drogon,
1388 6273 1431 6324 Vl.

472 6371 500 6424 in
518 6375 536 6424 l.
557 6375 621 6438 lieg.
641 6375 649 6424 ι
658 6373 684 6440 5,
701 6371 729 6424 3.
747 6387 769 6426 c.
791 6373 814 6424 l.
832 6385 860 6422 n.
879 6371 921 6422 ιθ.
941 6397 973 6406 --
994 6371 1044 6422 Pro
1059 6365 1289 6434 incorruptionem
1301 6365 1362 6416 edd.
1373 6375 1431 6416 cor·

471 6461 633 6530 raptionem.

542 6545 650 6602 *Vera
671 6551 710 6602 29.
731 6577 765 6590 -
785 6553 843 6616 Seq.
865 6551 936 6602 locas
953 6553 994 6600 est
1010 6545 1074 6600 Pbil.
1095 6547 1120 6610 ι,
1137 6545 1181 6598 29.

544 6633 673 6702 5Νειιηιε
692 6635 880 6692 interlinearis.
899 6635 1075 6704 -Sequitur
1095 6637 1134 6686 Ps.
1155 6635 1201 6696 ιιι,
1223 6633 1246 6684 5.

543 6719 645 6774 ⁶Vers.
668 6725 709 6774 22.
1260 6715 1271 6746 ²
1293 6719 1365 6772 Vers.
1386 6713 1429 6764 li.

508 6827 509 6830 ¹
542 6805 554 6836 ³
573 6809 674 6862 Scilicet
697 6809 891 6876 interlinearis,
920 6819 1003 6866 sumta
1022 6827 1054 6864 ex
1077 6809 1194 6864 Rabano.
1214 6837 1248 6850 -·
1267 6805 1389 6872 Sequitur
1409 6803 1427 6856 l.

470 6893 529 6950 Cor.
551 6897 578 6962 3,
599 6897 625 6950 S.
654 6899 655 6904 ’

1177 555 1368 622 conabar.
1392 557 1725 626 austerissimae.
1749 561 1796 626 lll.
1864 559 1866 566 '

1609 737 1707 820 (Vers.
1737 735 1809 818 lii).
1836 737 2007 804 Bonornne
2030 737 2115 804 enirn
2140 737 2475 828 ladornnrptortosns
2493 757 2636 818 reiquae.

1517 847 1564 906 est
1586 839 1737 926 fractas·
1760 839 1910 908 Glossa⁸:
1938 869 1955 902 «
1972 843 2001 908 ld
2026 848 2072 910 εει
2096 845 2258 908 εειειειιιε
2276 847 2423 932 gaudium
2440 871 2472 926 »3
2533 815 2571 854 ‘¹⁰'

1517 947 1636 1030 primae
1660 945 1696 1010 ad
1721 945 2025 1016 Corinthiostertio:
2048 947 2296 1032 «Unusquisque
2311 953 2473 1034 propriam

1516 1051 1692 1118 mercedem
1727 1049 1858 1136 accipiet
1891 1055 2063 1122 secundum
2085 1071 2192 1124 ¹suum
2225 1055 2361 1122 laborem
2375 1083 2407 1124 ».
2432 1061 2475 1124 Et

1515 1175 1602 1244 qnae
1621 1175 1689 1220 noa
1720 1155 1870 1222 concidat
1900 1159 2002 1226 carita
2033 1157 2233 1246 sapientiae,
2258 1157 2470 1242 intransitire3

1521 1285 1538 1318 «ε
1553 1259 1703 1344 sapientia
1727 1259 1809 1328 enim
1832 1267 1877 1328 εει
1902 1261 1992 1328 radin
2017 1265 2112 1332 huius
2134 1265 2300 1332 tractus».
2326 1265 2406 1332 Haeo
2420 1284 2470 1332 ra-

1514 1365 1569 1430 din
1594 1383 1657 1430 non
1690 1365 1851 1444 concidit,
1868 1367 1942 1450 quia
1973 1377 2173 1456 «perpetuae
2197 1371 2306 1438 salutis
2330 1369 2470 1438 fructum

1512 1469 1651 1550 affert»,
1685 1469 1857 1538 secundum
1889 1471 2070 1554 Glossam⁹;
2108 1475 2309 1544 aeclesiastici
2347 1475 2468 1562 primo:

1519 1601 1536 1634 «
1551 1575 1651 1640 Radix
1680 1573 1850 1658 sapientiae
1879 1577 1992 1642 timere
2023 1579 2187 1646 Dominum
2205 1607 2235 1646 a.
2268 1583 2347 1650 Haec
2375 1581 2468 1648 radix

1511 1681 1621 1768 paucis
1644 1685 1691 1748 est
1715 1687 1806 1760 nota;
1841 1682 2000 1748 Psalmus:
2033 1685 2127 1752 «Non
2153 1695 2199 1752 εει
2223 1687 2313 1754 timor
2344 1689 2468 1756 Domini

1511 1793 1583 1852 aute
1600 1787 1707 1854 oculos
1723 1805 1832 1854 eoram
1845 1811 1874 1866 »3
1902 1787 2103 1856 Ecclesiastici
2125 1789 2248 1874 primo:
2273 1819 2287 1850 «
2303 1793 2403 1860 Radix
2418 1811 2468 1862 sa-

1510 1893 1646 1978 pientiae
1669 1893 1719 1960 cui
1742 1893 1878 1960 revelata
1903 1897 1949 1960 est
1965 1899 2002 1958 »t

1601 1997 1812 2066 Filii-antem
1845 1997 2074 2066 adielterornrn
2106 2007 2164 2066 etc.
2196 2001 2249 2066 Hic
2281 2003 2467 2071 determinat
2482 2021 2632 2084 sestiacum

1505 2123 1650 2190 poenarn
1673 2105 1941 2184 incontinentiae,
1967 2123 2061 2190 quam
2087 2105 2238 2190 putabant
2252 2107 2376 2192 reprobi
2396 2073 2631 2174 nnn-lialllllllss

1509 2211 1572 2276 lam
1596 2229 1680 2290 εεεε,
1705 2217 1743 2278 ει
1758 2211 1861 2296 primo
1884 2211 2025 2296 tangitur
2047 2229 2148 2294 poena
2170 2211 2215 2278 eis
2236 2211 2404 2298 infligenda
2418 2213 2466 2282 in

1507 2315 1652 2404 falaro;
1674 2317 1827 2396 secundo,
1851 2317 1970 2384 inflicta
1991 2317 2028 2384 in
2048 2315 2108 2384 leoe
2129 2317 2274 2396 natendo,
2294 2319 2355 2386 ibi:
2373 2321 2414 2386 at
2433 2321 2467 2386 si

1507 2423 1660 2510 quiden·
1682 2423 1794 2502 tertio,
1815 2441 1938 2508 poenae
1961 2423 2067 2502 ratio,
2093 2423 2157 2488 ibi:
2180 2423 2339 2490 Nationes
2360 2429 2418 2492 eto.

1584 2529 1697 2612 (Vers.
1727 2531 1800 2610 ld).
1829 2527 1910 2594 Dicit
1940 2527 2058 2612 igilur:
2084 2527 2165 2594 Filii
2185 2535 2242 2602 etc.
2269 2531 2349 2596 Bene
2378 2527 2463 2606 dixi,
2490 2547 2571 2600 eramo,
2588 2549 2613 2592 ae

1507 2617 1593 2716 quod
1616 2633 1808 2700 continentes
1827 2633 2139 2714 ,rennunerabuntam
2165 2643 2290 2716 antem,
2312 2655 2371 2720 pro
2388 2633 2441 2702 sed
2456 2659 2463 2714 ;
2477 2603 2613 2696 ii'ffflffl‘u'

1505 2735 1570 2820 ptttt
1594 2735 1835 2816 adulterarant,
1859 2737 2032 2804 imitatores
2053 2737 2171 2804 scilicet
2185 2745 2335 2822 paternae
2356 2741 2463 2808 incon·

1505 2841 1669 2920 tinentiae;
1683 2841 1720 2906 in
1734 2843 2013 2912 consatnrnatione
2027 2843 2052 2880 1⁰
2066 2849 2174 2922 erant,
2197 2869 2214 2900 «
2228 2843 2258 2906 id
2275 2851 2321 2912 εει
2337 2851 2464 2912 aeterua

1506 2947 1723 3014 consumtione
1738 2973 1770 3026 a,
1795 2947 1968 3014 secandum
1990 2945 2148 3026 Glossam3
2172 2947 2271 3014 Exodi
2290 2947 2461 3034 vigesimo:

1511 3077 1527 3110 «
1544 3053 1709 3120 vindicans
1724 3057 1851 3138 peccata
1865 3059 1992 3136 patrum
2015 3053 2047 3118 iu
2069 3053 2151 3118 filios
2167 3079 2197 3132 s,
2222 3053 2339 3122 scilicet
2359 3055 2461 3122 inuita-

1505 3165 1591 3226 tores
1620 3159 1742 3242 paterni
1775 3159 1910 3226 sceleris
1943 3161 1984 3224 Et
2013 3159 2054 3224 alr
2087 3159 2199 3248 iniquo
2231 3167 2320 3240 toro,
2345 3161 2462 3228 scilicet

1503 3265 1669 3346 adulterii,
1691 3279 1818 3344 senten,
1844 3267 1971 3352 supple:
1994 3266 2202 3350 productam,
2229 3267 2460 3334 interminali-

1504 3379 1581 3450 tnr;
1606 3371 1712 3440 Glossa
1727 3397 1738 3438 :¹
1763 3399 1779 3428 «
1796 3373 1826 3438 ln
1844 3365 1952 3438 futuro
1970 3399 1998 3452 a,
2016 3371 2142 3456 quando
2159 3371 2275 3440 scilicet
2289 3381 2381 3440 extra
2399 3381 2460 3440 ter-

1503 3479 1606 3544 minos
1628 3485 1733 3544 terrae
1763 3477 1934 3542 vincentium
1967 3477 2190 3562 projicientur;
2223 3479 2305 3548 unde
2337 3481 2459 3548 Barucb

1503 3583 1617 3650 tertio:
1649 3609 1665 3642 a
1680 3583 1884 3650 disterminati
1903 3589 1991 3654 ,sunt
2022 3589 2052 3650 ει
2083 3583 2120 3650 ad
2152 3583 2267 3652 inferos
2294 3585 2460 3652 aescende-

1502 3695 1579 3758 runt
1595 3715 1624 3754 a.
1652 3689 1796 3756 Glossa11
1828 3707 1905 3756 vero
1930 3689 2021 3756 aliter
2045 3689 2173 3776 exponit
2195 3689 2233 3756 de
2255 3689 2336 3776 siliis
2357 3697 2389 3758 et
2411 3711 2459 3758 se·
2475 3707 2604 3772 anaqam-

1501 3795 1608 3874 rniae,
1631 3795 1664 3860 id
1685 3803 1733 3860 εει
1747 3795 1787 3860 de
1801 3795 1962 3880 discipulis
1979 3797 2227 3878 baereticorum,
2243 3797 2358 3884 quibus
2374 3817 2457 3866 oom—
2503 3767 2559 3806 Μ’

1501 3899 1641 3968 minatur
1666 3899 1717 3968 bic
1739 3917 1869 3984 poenam
1894 3917 2004 3968 sensas
2028 3905 2058 3968 ει
2081 3919 2211 3986 poenam
2233 3900 2355 3982 damni,
2384 3905 2458 3990 quia

1501 4005 1680 4072 adulterant
1703 4005 1837 4070 verbum
1860 4005 1925 4070 Dei.
1949 4005 1993 4070 De
2018 4005 2131 4070 talibus
2156 4003 2270 4072 dicitur
2303 4007 2458 4074 seruandae

1501 4111 1540 4176 ad
1562 4109 1740 4178 Corinthios
1763 4109 1921 4178 secundo:
1951 4137 1968 4168 s
1982 4109 2048 4176 Non
2072 4127 2182 4178 sumus
2207 4111 2288 4178 sicut
2312 4111 2473 4196 plurimi,-

1499 4215 1713 4282 adultsrantes
1736 4217 1868 4282 verbum
1891 4215 1993 4280 Dei».

1592 4321 1690 4406 (less.
1721 4319 1794 4404 li).
1820 4323 1860 4388 Ει
1880 4321 1915 4388 si
1934 4319 2063 4408 quidone
2090 4321 2204 4408 tonpae
2225 4323 2312 4388 citae
2339 4329 2454 4400 ernnt,
2471 4343 2618 4406 ‚seculoque

1500 4427 1618 4492 scilicet
1640 4427 1674 4492 in
1696 4427 1756 4492 boo
1780 4427 1914 4506 mundo,
1938 4425 1976 4492 in
1997 4423 2139 4492 nidilnrn
2163 4427 2454 4510 cornpntabantnr,
2469 4397 2619 4494 'attilii

1499 4529 1617 4598 seilicet
1640 4531 1707 4598 siue
1730 4530 1794 4598 ullo
1816 4531 1923 4598 valore
1946 4531 1979 4598 iu
2002 4547 2052 4610 so;
2070 4529 2261 4616 Augustinus
2275 4533 2321 4596 12:
2351 4533 2454 4598 rPec-

1498 4643 1605 4702 catam
1626 4635 1704 4702 nihil
1733 4643 1797 4716 εει,
1829 4643 1860 4702 ει
1889 4637 1970 4702 nihil
1991 4637 2072 4700 liunt
2097 4637 2253 4716 nomines,
2279 4655 2351 4704 carn
2381 4655 2454 4724 pec-

1498 4747 1569 4810 cant
1585 4769 1616 4808 ».
1640 4743 1717 4808 Vel:
1741 4743 1779 4808 in
1800 4739 1941 4808 nidilnrn
1958 4741 2256 4826 eornpatadnntnr,
2282 4745 2453 4810 secundam

1497 4849 1656 4916 Glossam:
1685 4849 1749 4916 «ld
1773 4855 1834 4928 est,
1859 4847 2008 4916 memoria
2033 4867 2142 4916 eorum
2156 4847 2198 4914 win
2221 4855 2384 4916 aeternam
2401 4851 2454 4916 be-

1497 4955 1672 5024 nedictione
1694 4955 1859 5022 carebit».
1884 4957 1926 5020 Et
1946 4955 2018 5020 sine
2040 4951 2177 5034 donoro,
2199 4955 2315 5024 seilicet
2331 4955 2369 5024 ab
2385 4955 2454 5024 aliis

1566 5391 1737 5446 9Ιιειεεεεει
1765 5411 1779 5438 <t
1793 5391 1933 5448 Gloriosns
1959 5393 2083 5444 ninnirum
2108 5389 2240 5446 torrornn
2265 5393 2390 5446 laborans
2414 5397 2452 5446 est

1495 5481 1617 5552 basias,
1637 5483 1700 5548 qaia
1719 5485 1854 5532 aelemam
1872 5479 1999 5546 gaudium
2020 5487 2044 5532 ει
2060 5477 2245 5546 requiescente
2260 5479 2314 5532 illos
2327 5479 2452 5546 sequitur,

1496 5585 1595 5624 necea
1613 5569 1731 5636 germina
1749 5569 1927 5622 doctrinarum
1948 5583 1994 5622 sea
2013 5567 2160 5630 actionum,
2177 5579 2246 5632 quae
2265 5581 2295 5618 ex
2306 5567 2453 5620 radicare-

1495 5673 1542 5710 rae
1559 5663 1743 5722 processerunt
1770 5657 1925 5722 sapientiae,
1953 5669 2069 5722 unquam
2090 5653 2186 5706 babent
2205 5667 2309 5718 casum,
2328 5655 2373 5708 sed
2394 5671 2453 5722 per-

1495 5753 1592 5810 petuae
1609 5745 1698 5798 salutis
1717 5747 1823 5796 alienent
1842 5747 1954 5796 tructam
1968 5765 1991 5792 a.
2010 5745 2046 5794 Ex
2059 5741 2100 5794 bis
2111 5743 2221 5792 formata
2234 5749 2273 5794 εει
2285 5747 2349 5796 baec
2360 5745 2450 5798 Glossa

1495 5829 1693 5888 interlinearis:
1713 5835 1782 5884 ltere
1799 5829 1933 5898 qloriosns
1953 5833 1991 5884 est
2003 5831 2130 5898 trenam,
2150 5829 2211 5894 quia
2225 5833 2349 5896 sapientia
2361 5839 2403 5888 est
2412 5849 2451 5886 ra·

1496 5921 1541 5972 din
1557 5921 1636 5972 buius
1655 5923 1767 5984 tractae,
1786 5921 1810 5972 id
1831 5925 1869 5972 est
1888 5919 1958 5970 vitae
1976 5923 2111 5980 retentae,
2123 5931 2193 5984 quae
2206 5921 2332 5982 sapientia
2345 5935 2397 5974 non
2408 5935 2451 5973 atr·

1496 6009 1557 6072 tert,
1576 6007 1622 6060 sed
1642 6009 1741 6060 confert
1759 6007 1851 6058 vitam.
1868 6033 1904 6044 -
1923 6007 2072 6074 Sequuntur
2092 6005 2168 6058 Eccli.
2187 6005 2212 6070 l,
2231 6007 2279 6076 a53
2297 6011 2339 6062 Ρε.
2357 6011 2406 6078 ι3,
2423 6011 2450 6060 3.

1495 6101 1521 6146 et
1539 6095 1617 6146 Eccli.
1636 6095 1661 6158 ι,
1680 6095 1707 6148 6.

1565 6179 1589 6210 ¹⁰
1608 6185 1642 6236 lla
1661 6181 1738 6234 etiam
1751 6177 1823 6236 eard.
1835 6183 1912 6246 augo
1925 6195 1938 6232 a
1953 6185 1979 6234 S.
1991 6181 2075 6234 Cbaro
2089 6188 2113 6237 el
2124 6185 2256 6248 aponum
2279 6187 2403 6252 Vulgata:
2420 6183 2454 6260 in

1494 6269 1774 6336 inconsannnalione,·¹
1784 6269 1919 6322 Dabanas:
1930 6267 1959 6322 in
1969 6271 2226 6328 coraancneationern
2237 6271 2289 6340 (ed.
2299 6273 2404 6340 iligna).
2413 6300 2449 6312 -

1494 6359 1566 6410 Duae
1578 6373 1653 6426 seqq.
1666 6361 1770 6412 Glossae
1784 6363 1845 6416 sant
1856 6353 2040 6412 interlineares
2059 6365 2086 6412 ει
2102 6361 2244 6426 allegantur
2264 6361 2343 6414 Enod.
2360 6361 2404 6424 20,
2417 6359 2447 6410 5:

1494 6447 1788 6514 Visitansiniqaitatem
1806 6451 1911 6512 patrum
1929 6449 1992 6510 ειε.,
2009 6453 2036 6500 ει
2052 6449 2205 6514 Dardani,
2225 6449 2268 6502 lli.

1565 6533 1587 6564 ¹¹
1607 6537 1709 6588 Scilicet
1721 6533 1902 6590 interlinearis
1916 6533 1956 6602 (en
1969 6533 2102 6604 Rabano):
2114 6535 2240 6602 Discipuli
2248 6537 2448 6596 baereticorum,

1493 6625 1539 6692 qui
1558 6625 1671 6678 verbum
1689 6625 1736 6678 Dei
1754 6625 1909 6678 adulterant.
1927 6653 1963 6662 -
1982 6625 2104 6692 Sequitur
2120 6627 2151 6678 ll.
2167 6623 2228 6678 Cor.
2245 6625 2278 6688 2,
2297 6623 2340 6676 li.

1565 6707 1587 6740 ¹²
1607 6715 1632 6764 ln
1652 6715 1719 6764 toan.
1737 6713 1837 6776 Evang.
1854 6719 1886 6764 tr.
1907 6713 1929 6764 t.
1949 6727 1976 6766 n.
1995 6713 2038 6766 ι3.
2055 6741 2091 6752 -
2108 6713 2213 6776 Glossa,
2231 6725 2298 6776 qaae
2317 6709 2447 6776 seqnitur,

1492 6805 1533 6852 εει
1550 6797 1732 6854 interlinearis
1751 6799 1794 6866 (ea
1811 6799 1939 6870 Rabano).
