5908 8266
200 2739 202 2768 l

1207 519 1399 588 commem.
1423 521 1461 586 ΙΝ
1483 519 1650 588 letNNehl
1672 519 1704 610 C.
1730 521 1790 586 XII.
2424 517 2488 584 [793

509 701 590 772 7777
620 703 764 770 «Tiristis
788 701 954 788 aliquando
986 697 1148 776 tenebrae,
1169 713 1253 764 nunc
1280 695 1385 764 autem
1409 696 1468 764 lux

509 809 544 878 in
559 811 690 878 Domino
706 835 742 890 »3
766 815 798 876 et
819 807 879 872 hoc
904 803 1089 872 credendo
1082 821 1113 868 ln
1135 819 1229 882 eum,
1250 801 1291 868 de
1305 821 1369 886 quo
1392 801 1468 868 dici

509 923 564 984 tur
579 917 619 984 ad
635 917 791 986 Hebraeos
805 911 925 1026 primo:
955 935 972 968 7
983 909 1118 976 Cumt
1078 907 1118 974 sit
1133 905 1281 992 splendor
1300 907 1418 1022 gloriae
1436 911 1470 974 et

461 1021 614 1108 ligura
636 1017 829 1088 substantiae
854 1015 951 1082 eius»
983 1019 1041 1080 etc.

573 1129 650 1196 66
677 1127 777 1210 (.Vers
802 1121 934 1206 777)6
907 1123 1002 1188 37
1001 1139 1080 1208 9773
1096 1121 1180 1188 ced
1179 1139 1216 1184 77
1218 1119 1363 1186 7777767
1382 1137 1467 1184 777.

375 1249 490 1304 Quartum
509 1235 662 1322 Tangitur
684 1231 736 1298 hic
751 1235 917 1316 quartum,
939 1227 1058 1294 scilicet
1047 1235 1141 1294 7777
1145 1235 1200 1306 777
1213 1245 1283 1292 777
1304 1223 1470 1292 7777777777

508 1339 605 1428 fecto
626 1333 820 1406 7777777777
808 1353 860 1411 7;ο
881 1339 915 1400 77
936 1331 1061 1400 simul
1054 1351 1087 1398 in
1110 1331 1350 1400 comminatione
1364 1337 1470 1398 osten·
1533 1377 1534 1380 ,

356 1445 406 1506 nui
419 1463 492 1556 ,7977-
504 1445 560 1526 dit
575 1463 677 1508 3777
698 1439 772 1508 6777
746 1439 866 1526 7977777
868 1445 930 1504 777
959 1445 990 1506 77
1012 1437 1131 1506 7767777
1106 1437 1299 1504 777777777
1301 1445 1373 1504 7.77
1396 1439 1470 1502 Pro-

438 1543 630 1636 'pterea
639 1547 732 1614 dicit:
756 1543 817 1610 877
843 1543 918 1632 9777
940 1543 1091 1610 audierit
1111 1543 1212 1610 verbo
1239 1555 1312 1610 7777
1344 1549 1470 1610 77777

510 1653 702 1722 7777677
733 1669 791 1730 77,
821 1671 878 1738 797
902 1669 969 1718 777
998 1651 1074 1718 7777
1060 1671 1110 1718 77
1132 1671 1228 1730 777,
1250 1649 1377 1730 767777,
1406 1667 1468 1716 777

461 1761 697 1838 ·,condemno
722 1765 752 1826 77
776 1759 835 1824 677
852 1777 930 1844 9779
933 1763 981 1826 777
995 1775 1098 1826 meam
1120 1757 1249 1844 6777977
1217 1757 1369 1824 77777777
1397 1755 1470 1822 Non

462 1895 464 1898 ·
510 1867 599 1934 777777
620 1867 713 1946 7777,
683 1865 770 1934 rin
788 1865 964 1946 ¹,mundum
989 1871 1028 1932 77
1014 1865 1122 1932 77777
1121 1883 1190 1930 777
1207 1865 1389 1970 777677,
1413 1865 1470 1930 secl

509 1981 611 2040 37
613 1973 749 2060 7777777
772 1973 957 2046 77777777
981 1987 1077 2054 supra
1101 1965 1254 2036 certior.-
1267 1969 1359 2036 «Non
1385 1967 1470 2032 misit

509 2081 596 2148 Dens
611 2079 722 2146 Filium
746 2093 841 2144 suuni
857 2075 886 2142 in
914 2075 1083 2152 mundum,
1108 2081 1143 2140 ut
1159 2073 1275 2140 iudicet
1298 2073 1470 2152 mundum,

510 2187 565 2254 sed
590 2191 624 2252 ut
652 2185 749 2252 salvet
738 2191 792 2250 tur
813 2183 952 2248 mundns
983 2197 1042 2264 per
1062 2177 1220 2264 ipsum,
1183 2205 1220 2238 >›
1243 2179 1345 2246 Lucae
1367 2197 1468 2246 nono:

515 2319 533 2352 a
551 2291 645 2358 Filius
670 2289 805 2356 hominis
828 2307 890 2354 non
916 2287 999 2354 venit
1023 2285 1143 2354 animas
1165 2285 1311 2372 perdere,
1337 2285 1390 2354 sed
1413 2285 1470 2382 sal·

491 2407 638 2462 vare».
675 2393 736 2462 Nec
769 2399 874 2458 tamon
906 2391 1054 2478 effugient
1088 2389 1291 2458 sacerdotem
1327 2389 1433 2456 77777
1402 2389 1470 2468 7777

509 2507 638 2586 9779777
663 2499 747 2586 qnod
769 2497 861 2566 dicit:

593 2607 653 2670 67
678 2605 779 2690 (Vers.
804 2603 881 2680 78.).
860 2603 976 2686 )977
992 2623 1044 2670 777
1065 2603 1192 2690 3977777
1207 2609 1236 2670 77
1257 2623 1324 2670 777
1348 2557 1471 2688 7777977

509 2709 1470 2798 ΜΜΜΜ7Μ7ΜΜΜ67ΜΜΜ

381 2835 492 2900 naamon
510 2815 565 2900 qui
598 2815 729 2898 iudicat,
759 2815 910 2884 ostendit:
941 2815 1071 2894 Sermo,
1100 2835 1192 2904 97777
1222 2815 1350 2882 7777773
1376 2833 1469 2922 eum,

350 2901 426 2934 sermo
437 2889 493 2934 iudi·

351 2945 399 2988 676.

509 2923 563 2990 7777
586 2925 747 2992 7777777677
737 2931 880 2990 777777
869 2923 906 2990 77
928 2921 1107 2990 7777773777
1121 2923 1191 3000 ela
1215 2923 1303 2990 hatti
1278 2921 1359 2990 77777
1376 2917 1470 3008 vige-

512 3031 591 3098 simo
614 3031 753 3116 quart
763 3029 959 3096 :«caelom
982 3035 1012 3096 77
1037 3037 1121 3096 terra
1144 3029 1348 3108 transibunt,
1371 3027 1470 3094 verba

512 3141 618 3202 autern
643 3155 714 3202 mea
730 3153 791 3200 non
806 3133 1025 3218 praeteribunt
1040 3159 1070 3214 »3
1095 3135 1191 3200 immo
1214 3137 1386 3214 «stabunt,
1411 3131 1472 3202 sic-

511 3247 550 3308 ut
575 3239 650 3308 dicit
674 3241 928 3326 chrysostomus,
953 3239 985 3306 77
999 3239 1109 3308 ordine
1123 3241 1345 3320 accusatione,
1361 3241 1470 3308 redar-

512 3345 640 3432 guenda
663 3363 716 3414 eos
742 3351 773 3410 77
796 3363 921 3411 omnem
947 3345 1160 3412 abscindenda
1181 3347 1468 3428 excusationem»;

512 3453 658 3520 Matthaei
688 3451 812 3536 quinto:
844 3477 859 3510 «
873 3451 945 3518 6777
980 3451 1176 3518 consentiens
1204 3451 1383 3518 adversario
1415 3459 1485 3518 tno

512 3559 588 3638 cito,
605 3559 680 3626 dum
700 3575 735 3626 es
749 3575 821 3624 cum
841 3555 893 3622 illo
909 3557 939 3622 in
965 3557 1014 3624 via
1027 3585 1042 3616 7
1061 3563 1131 3640 777,
1150 3555 1334 3640 intelligitur
1349 3557 1388 3622 de
1404 3575 1470 3624 ser-

513 3681 606 3730 mone
628 3661 753 3728 Christi.
781 3661 814 3726 67
839 3661 923 3746 qood
945 3677 1049 3728 sermo
1073 3677 1151 3728 sous
1175 3659 1287 3726 habeat
1317 3659 1468 3728 virtutem

512 3769 670 3838 indicandi
692 3787 762 3848 eos,
794 3767 987 3836 manifestat:
1012 3767 1090 3854 qula
1116 3785 1179 3834 non
1204 3773 1249 3832 est
1281 3783 1385 3832 sermo
1409 3765 1469 3832 hu-

511 3893 642 3956 777777,
667 3875 721 3944 776
742 3873 867 3940 divinus
891 3879 922 3940 77
944 3891 1053 3952 7777777
1079 3879 1245 3958 propterea
1268 3873 1359 3938 dicit:

1621 699 1673 764 68.
1698 699 1799 782 (Vers.
1824 659 1902 782 779..)
1928 695 1995 782 Qui
1994 715 2019 764 77
1981 715 2136 784 77977
2152 693 2313 780 77777977
2330 713 2487 760 777777

1534 803 1605 870 77777
1607 811 1676 884 777,
1701 803 1784 874 sicut
1805 823 1884 872 vane
1908 803 2082 890 gloriosus,
2096 803 2145 870 67
2166 821 2230 888 quo
2254 817 2367 884 supra:
2387 799 2486 884 «Qui

1532 927 1550 974 a
1581 909 1747 1028 semetipso
1783 911 1924 996 loquitur
1959 911 2091 998 gloriam
2123 907 2283 996 propriam
2320 905 2444 992 quaerit
2459 929 2519 984 b3.

1421 1063 1423 1068 .
1460 1051 1461 1054 =
1532 1013 1590 1078 3777
1610 1013 1680 1100 977
1691 1015 1785 1082 77777
1795 1035 1857 1082 77
1880 1017 1947 1082 Po
1935 1023 2003 1094 er
2029 1015 2081 1082 7777
2101 1013 2187 1082 mett
2213 1011 2355 1082 7777777
2343 1019 2425 1078 777
2436 1011 2488 1078 777
2536 1055 2538 1060 ·

1532 1117 1581 1184 677
1568 1121 1706 1208 7,79777
1727 1121 1893 1188 77777777
1880 1123 2009 1208 79776
2018 1121 2148 1210 779777.
2165 1121 2285 1190 677677
2300 1135 2357 1228 ego
2378 1119 2488 1204 loquor
2584 1139 2588 1148 ·

1532 1225 1707 1292 secundum
1725 1225 1857 1292 mandat
1845 1235 1914 1292 turn
1937 1229 2016 1294 eins.

1622 1331 1674 1396 63.
1700 1331 1800 1416 (Vers.
1827 1331 1903 1414 66..)
1928 1331 2076 1412 6773777,
2100 1333 2181 1422 9777
2204 1331 2346 1400 7777777
2335 1337 2404 1398 77
2418 1349 2489 1396 7777
2536 1401 2538 1406 ,

1532 1413 1579 1502 cel
1600 1435 1670 1502 7777
1693 1443 1849 1514 7777777777
1871 1437 1957 1502 unde
1974 1437 2125 1506 ,Matthaei
2148 1439 2269 1506 decimo
2283 1457 2366 1504 nono
2379 1437 2407 1502 77
2429 1463 2446 1496 <t
2459 1435 2489 1502 Si

1490 1549 1494 1554 ’
1533 1541 1581 1608 777
1604 1541 1643 1606 ad
1666 1541 1760 1606 vitam
1786 1539 1921 1626 ingredi,
1939 1559 2031 1610 serva
2045 1543 2193 1610 mandata
2209 1569 2238 1622 »3
2258 1541 2489 1610 Deuteronomii

1522 1647 1713 1734 trigesimo:
1734 1643 1757 1704 ’7
1775 1647 1857 1734 Elige
1893 1665 1968 1732 ergo
2002 1647 2174 1728 vitumuh
2205 1655 2235 1716 77
2268 1655 2300 1714 tu
2333 1649 2437 1728 vives,
2461 1653 2491 1716 77

1534 1771 1640 1820 semen
1663 1759 1773 1832 tuum,
1796 1757 1828 1818 77
1850 1745 1961 1838 diligas
1982 1753 2150 1820 Dominum
2165 1755 2274 1820 Deum
2287 1758 2382 1820 tuum
2397 1759 2490 1840 atque

1533 1859 1659 1928 obedias
1688 1859 1758 1924 7777
1789 1859 1857 1926 elus
1880 1883 1911 1940 »;
1944 1865 1975 1928 et
2006 1859 2076 1926 ideo
2105 1877 2124 1924 a
2154 1859 2299 1926 mandato
2331 1859 2399 1926 eius
2427 1855 2490 1926 non

1533 1967 1664 2034 declino.
1688 1967 1819 2050 Propter
1843 1965 1926 2050 quod
1949 1965 2037 2032 dicit:
2064 1967 2156 2048 Qene
2177 1985 2256 2052 7797
2279 1963 2396 2052 779777
2416 1985 2489 2054 797,
2519 2023 2520 2028 ,

1533 2071 1620 2138 37777
1643 2069 1729 2138 7777777
1759 2069 1844 2138 77777
1872 2073 1994 2150 Ρ7777,
2019 2071 2067 2138 377
2091 2071 2224 2158 779777;
2261 2069 2335 2156 quia
2355 2069 2422 2154 ipse
2447 2073 2490 2138 lo-

1518 2177 1752 2274 9777767777
1776 2177 1960 2264 peremnia
1985 2195 2020 2246 se
2052 2177 2158 2246 diune
2194 2175 2340 2244 mandato
2375 2181 2406 2242 77
2438 2195 2490 2244 77-

1533 2285 1646 2352 luntati
1669 2279 1900 2366 conformabat,
1931 2303 2030 2368 supra
2063 2285 2215 2352 77777777
2245 2283 2362 2366 «Quae
2384 2281 2489 2350 audivi
2515 2295 2516 2300 ’

1533 2411 1551 2458 7
1575 2393 1665 2458 Patre
1688 2391 1800 2476 loquor
1825 2391 1856 2456 in
1883 2387 2045 2458 mundo».
2071 2393 2106 2456 67
2130 2391 2199 2458 7677
2214 2409 2256 2456 777
2273 2391 2333 2456 677
2348 2391 2415 2456 vult
2432 2391 2487 2456 ha·
2509 2399 2640 2446 eoeneum·

1450 2521 1452 2538 ³
1532 2499 1621 2576 bere,
1648 2497 1731 2582 quod
1755 2515 1859 2564 sermo
1883 2493 1962 2564 suus
1983 2515 2043 2564 non
2070 2501 2116 2564 est
2141 2495 2346 2584 spernendus,
2369 2495 2490 2564 sedac-

1535 2603 1696 2724 cipiendos
1720 2609 1755 2670 nt
1779 2621 1882 2670 sermo
1914 2603 2057 2682 divinus;
2083 2603 2163 2670 sicut
2194 2603 2344 2672 debonis
2375 2601 2489 2668 dicitur

1532 2707 1653 2798 primae
1675 2711 1716 2778 ad
1737 2710 2029 2778 Thessalonicenses
2063 2711 2240 2778 secundo⁸:
2270 2709 2382 2776 «Cum
2403 2725 2489 2776 acce-

1509 2813 1659 2900 pissetis
1688 2815 1822 2882 verbum
1853 2813 1980 2884 auditus
2015 2815 2088 2896 Dei,
2123 2817 2284 2902 accepistis
2315 2815 2393 2882 illud
2426 2833 2489 2882 uon

1533 2921 1614 2990 sicut
1637 2921 1772 2990 uerbum
1793 2921 1974 3002 hominnm,
1991 2921 2064 3002 sed,
2081 2921 2161 2990 sicut
2177 2929 2224 2990 est
2239 2939 2332 3002 7777,
2354 2911 2488 2990 verbum
2570 2959 2571 2964 =

1532 3029 1605 3108 Dei,
1628 3027 1682 3114 qui
1708 3033 1857 3112 operetur
1881 3029 1912 3094 in
1936 3027 2038 3108 vobis,
2061 3027 2115 3114 qni
2141 3027 2316 3096 credidistis
2332 3055 2370 3092 7,Ὶ

1895 3241 2121 3324 ansmouss.

1622 3455 1674 3518 76.
1700 3455 1825 3536 Quaest.
1849 3454 1869 3518 l.
1896 3453 1953 3518 Sed
1976 3455 2142 3538 quaeritur
2165 3455 2217 3520 hic
2240 3451 2343 3540 primo
2367 3451 2405 3518 de
2429 3453 2488 3518 hoc

1534 3557 1617 3642 quod
1641 3557 1733 3638 dicit,
1758 3559 1842 3644 quod
1856 3579 1922 3626 777
1935 3567 2089 3644 poterent
2110 3561 2261 3638 77777777,
2277 3559 2358 3646 puio
2376 3559 2487 3626 7777773

1532 3661 1635 3728 7777777
1660 3663 1859 3728 6777777777
1882 3669 1939 3730 etc.
1958 3701 2002 3710 --
2018 3665 2148 3732 Videtur
2170 3665 2289 3750 primo,
2308 3665 2394 3750 quod
2407 3665 2488 3732 mele

1531 3767 1631 3848 dieat,
1649 3767 1736 3852 quia,
1754 3769 1779 3836 si
1795 3787 1857 3836 non
1874 3777 2020 3854 poterant
2034 3771 2172 3850 credere,
2191 3789 2266 3856 ergo
2281 3789 2344 3836 non
2360 3779 2427 3836 erat
2445 3771 2489 3840 eis

1532 3873 1754 3958 imputandum
1778 3875 1809 3940 in
1833 3881 2005 3962 peccatum.
2031 3949 2032 3952 ,

584 4221 594 4252 ¹
614 4223 688 4276 Vers.
708 4223 732 4274 8.
745 4249 782 4262 —
794 4221 917 4288 Sequitur
934 4219 1014 4274 Hebr.
1030 4221 1055 4286 l,
1069 4223 1101 4288 3,
1118 4235 1201 4290 quem
1220 4223 1261 4274 ed.
1280 4223 1381 4288 integre
1400 4213 1492 4288 allegat
1511 4223 1893 4292 etsubInngilseq.scheu1n,
1911 4224 1983 4290 qnod
2003 4223 2082 4278 etiarn
2100 4225 2159 4278 cod.
2178 4227 2199 4278 E
2217 4223 2242 4276 in
2262 4237 2346 4290 marg.
2366 4222 2487 4278 exhibet:

584 4319 733 4376 Notandum
751 4325 855 4382 autern,

753 4421 783 4470 ut
800 4417 844 4470 lux
861 4417 897 4470 ad
914 4416 1097 4484 dirigendum,
1115 4419 1183 4470 loen.
1205 4419 1251 4484 79,
1272 4419 1319 4472 lo:
1344 4421 1423 4484 «Ego
1442 4421 1484 4472 lux
1503 4421 1530 4472 in
1547 4421 1677 4474 mundum
1708 4421 1786 4484 veni,
1805 4425 1835 4474 ut
1851 4419 1953 4484 omnis,
1970 4419 2016 4486 qui
2034 4421 2117 4474 credit
2136 4421 2161 4472 ln
2180 4433 2238 4484 me,
2258 4419 2283 4502 79
2302 4419 2415 4474 tenebris
2435 4433 2487 4474 non

788 4511 948 4560 maneat».

753 4601 783 4648 ul
801 4595 906 4648 salviler
923 4595 957 4646 ad
975 4593 1156 4660 liberandum,
1174 4597 1245 4650 unde
1264 4597 1350 4652 dictus
1366 4601 1407 4652 est
1424 4597 1518 4664 lerue,·
1535 4601 1621 4652 Lucae
1640 4599 1668 4664 9,
1688 4599 1737 4652 667
1760 4617 1774 4646 α
1785 4599 1842 4652 Nou
1859 4595 1933 4652 venit
1951 4597 2029 4652 Tllius
2046 4565 2160 4652 hominis
2177 4597 2277 4650 animes
2296 4597 2421 4662 perdere,
2436 4599 2488 4662 ¹sed

806 4685 946 4756 salvere».
965 4685 994 4736 Et
1013 4687 1083 4736 loen.
1104 4685 1150 4752 79,
1169 4685 1219 4736 67:
1234 4705 1254 4746 7

1268 4685 1325 4738 Non
1343 4685 1403 4738 veni
1422 4685 1448 4736 in
1466 4685 1611 4750 mundum,
1631 4691 1659 4738 ut
1676 4685 1792 4740 iudicem
1811 4679 1956 4754 mnndum,
1974 4685 2022 4740 sed
2039 4691 2070 4740 nt
2087 4687 2229 4740 salvificem
2250 4687 2380 4740 mundum
2393 4707 2418 4740 ».

752 4779 783 4826 ut
800 4775 901 4826 amicus
918 4773 954 4826 ed
972 4771 1197 4840 convescendum,
1217 4775 1302 4852 Lucae
1323 4775 1366 4840 ll,
1386 4775 1412 4826 6.
1436 4789 1506 4842 serp:
1529 4775 1659 4838 «Amice,
1677 4775 1819 4828 commoda
1838 4775 1901 4826 mihi
1919 4779 1972 4826 tres
1994 4787 2089 4838 panes,
2106 4775 2233 4840 qnoniam
2252 4773 2352 4828 amicus
2372 4787 2489 4840 meus»,

806 4859 841 4912 id
853 4863 906 4928 est,
924 4859 1052 4928 Christus,
1076 4861 1174 4914 «venit
1191 4863 1226 4916 ed
1244 4863 1439 4916 menevia».

512 4875 588 4946 quod
600 4877 718 4930 Christus

584 4949 708 5000 venit
753 4953 783 5002 ut
800 4961 913 5012 sponsus
930 4949 966 5002 ed
983 4949 1203 5012 cohabitandum
1221 4951 1307 5004 977777.
1328 4949 1375 5014 96,
1395 4953 1478 5006 6-70.
1491 4951 1588 5006 dieitur
1604 4951 1768 5016 virginibus:
1791 4953 1895 5016 «Ecce,
1908 4963 2027 5016 sponsus
2044 4949 2131 5016 venit,
2149 4951 2214 5006 exite
2239 4951 2346 5006 obviarn
2365 4953 2415 5006 ei»
2402 4957 2487 5006 7777.

809 5039 866 5090 «Et
884 5051 953 5104 97777
971 5041 1077 5102 paratae
1096 5045 1168 5090 erent
1186 5039 1361 5094 intraverunt
1366 5053 1427 5094 cum
1448 5053 1479 5094 co
1497 5041 1532 5094 ad
1549 5039 1692 5106 nuptias»,
2213 5077 2214 5080 ,

752 5129 855 5178 utres
881 5127 915 5178 ad
942 5125 1161 5190 praesidendum,
1188 5129 1266 5180 Ζ.7717
1294 5129 1324 5194 9,
1344 5129 1419 5180 977
1442 5129 1544 5180 Exsulta
1568 5129 1646 5194 77777,
1674 5127 1725 5180 lilia
1756 5129 1831 5192 Sion,
1858 5127 1953 5192 iubila,
1983 5129 2034 5180 fllia
2067 5129 2221 5184 Ierusalem.
2250 5131 2330 5194 6777,
2357 5145 2402 5184 rea
2430 5135 2490 5206 tous

805 5201 894 5264 leniet
911 5211 996 5264 libio.

753 5305 783 5354 ut
799 5299 878 5354 iudex
897 5301 929 5354 ad
958 5299 1169 5366 retribuendum,
1194 5301 1251 5354 lsai.
1280 5303 1308 5366 3,
1330 5301 1379 5354 ll:
1402 5303 1554 5358 «Dominus
1583 5305 1615 5358 ad
1639 5305 1765 5358 indicium
1792 5305 1881 5360 veniet
1906 5321 1968 5360 cum
1993 5307 2142 5362 senioribus
2166 5309 2259 5376 populi
2284 5309 2326 5364 sui
2344 5315 2370 5362 77
2397 5309 2490 5376 princi·

805 5387 885 5452 pibus
903 5387 994 5440 elus».
1064 5419 1065 5422 =

583 5503 595 5534 7
614 5507 726 5572 Vulgata
743 5501 834 5572 6737,
853 5519 921 5572 quae
939 5505 1018 5558 etiem
1037 5501 1149 5558 subinde
1166 5503 1260 5556 omittit
1279 5519 1317 5558 eo.

583 5595 687 5652 ³l⁷.ers
708 5597 803 5650 m.-
823 5597 945 5664 Sequilor
965 5597 1026 5650 Luc.
1045 5597 1076 5660 9,
1096 5595 1139 5648 66.
1156 5623 1193 5634 -
1211 5597 1336 5664 August,
1355 5597 1382 5652 in
1400 5601 1470 5654 loen.

512 5689 612 5752 Evang.
624 5693 658 5740 tr.
670 5685 714 5740 66.
731 5701 757 5740 77.
779 5687 808 5740 6.
827 5687 902 5740 Nunc
919 5699 983 5786 ergo
1002 5693 1042 5738 est
1059 5689 1165 5750 tempus
1183 5685 1378 5740 misericordiae
1386 5695 1470 5756 ,post

512 5775 561 5828 erit
579 5775 678 5828 iudicii.

584 5861 687 5918 ⁴Vers.
708 5863 804 5918 36.-
821 5861 939 5916 Subinde
965 5863 1108 5930 allegantur
1127 5861 1284 5930 Chrysostss
1278 5877 1303 5912 m
1329 5865 1398 5918 loen.
1422 5867 1470 5918 ho-

512 5951 566 6006 mil.
580 5951 623 6004 69.
636 5951 711 6020 (alias
724 5951 778 6020 68.)
791 5965 817 6002 7.
833 5953 857 6004 9.
874 5959 901 6004 77
917 5953 1004 6004 lllatth.
1025 5953 1053 6020 6,
1073 5951 1121 6014 96,
1139 5963 1220 6020 quern
1238 5951 1326 6002 locum
1344 5951 1468 6020 august,

514 6031 597 6094 Serui.
610 6041 634 6092 9.
650 6039 723 6108 (alies
735 6041 778 6092 36.
791 6041 825 6092 67
845 6041 1001 6110 Tempore),
1022 6055 1044 6094 7.
1057 6041 1083 6092 3.
1096 6055 1122 6094 7.
1137 6041 1168 6102 33
1181 6039 1266 6092 Serui.
1282 6039 1341 6092 l03.
1356 6039 1429 6106 (alies
1444 6043 1469 6096 l.

510 6131 546 6182 de
558 6129 654 6182 Verbis
665 6127 797 6196 Domini),
809 6143 834 6182 c.
847 6131 871 6182 3.
883 6143 910 6182 n.
923 6131 939 6182 3
946 6149 954 6194 3
974 6131 1056 6182 Serm.
1078 6131 1122 6184 967
1133 6171 1139 6182 .
1154 6127 1228 6196 (alias
1242 6125 1269 6180 6.
1280 6127 1314 6178 de
1328 6127 1469 6200 Diversis),

512 6233 536 6272 c.
555 6221 582 6272 8.
599 6233 625 6272 77.
645 6219 671 6272 7.
689 6223 716 6272 77
733 6221 750 6272 1.
770 6219 804 6272 de
830 6211 956 6272 Sermone
979 6219 1086 6272 Domini
1102 6219 1129 6274 iu
1154 6221 1256 6280 monte,
1275 6231 1297 6270 7.
1317 6219 1359 6270 77.
1377 6233 1405 6272 n.
1422 6221 1467 6274 37.

513 6321 583 6374 sep,
602 6307 720 6372 inteligil
737 6307 773 6360 de
790 6319 911 6360 sermone
927 6307 974 6360 Del
993 6311 1020 6360 et
1037 6305 1182 6374 praeceptis
1196 6305 1257 6368 Dei3
1271 6303 1308 6356 sic
1321 6305 1407 6368 primo
1419 6306 1470 6362 loc.

512 6395 556 6450 cil.
574 6395 622 6448 ait:
642 6397 711 6462 Ergo
730 6395 789 6464 quis
805 6401 846 6448 777
863 6395 1047 6450 adversarius?
1069 6387 1160 6450 Sermo
1177 6395 1233 6446 Dei.
1253 6395 1345 6446 Sermo
1363 6395 1410 6458 Dei
1423 6397 1470 6450 ad-

512 6483 645 6536 versarios
662 6489 723 6536 tuos
740 6487 787 6536 est.
806 6485 894 6548 Quare
912 6483 1080 6536 adversarius
1092 6487 1150 6536 esti
1163 6483 1228 6548 Quia
1241 6479 1369 6534 contraria
1381 6481 1468 6552 iubet,

512 6577 594 6640 quam
605 6575 632 6624 tu
648 6571 711 6626 77777
722 6577 771 6626 etc.
785 6571 836 6626 Cir.
848 6573 937 6624 Glossa
951 6569 1094 6626 7777777777
1107 6573 1149 6638 (ex
1161 6569 1241 6638 6767)
1256 6569 1282 6624 in
1292 6572 1353 6623 Luc
1365 6571 1412 6636 79,
1425 6573 1469 6638 68,

513 6665 540 6712 et
556 6659 695 6726 67777776,
716 6661 798 6712 Serm.
818 6659 830 6710 7
837 6659 879 6712 97.
899 6659 932 6712 de
951 6659 1082 6724 DiversiS,
1100 6675 1126 6714 7.
1147 6661 1169 6712 7.

584 6745 596 6776 7
613 6749 725 6814 Vulgata
742 6761 779 6802 77
795 6761 851 6814 77,
869 6761 939 6816 quae
957 6749 1035 6802 etiarn
1058 6749 1166 6820 interius
1184 6747 1240 6818 7937
1264 6743 1332 6800 milei
1354 6761 1403 6812 pro
1424 6747 1470 6818 7777

509 6835 586 6892 7767.
605 6865 641 6878 ·-
660 6837 783 6906 Sequitur
799 6839 867 6890 loan.
887 6837 918 6904 7,
938 6837 981 6890 78.

1603 5505 1615 5538 7
1636 5511 1710 5564 Vers.
1730 5509 1773 5564 77.
1789 5539 1827 5552 -
1844 5513 1962 5566 Subinde
1979 5513 2103 5578 allegatur
2121 5515 2197 5568 Deut.
2216 5515 2265 5576 30,
2284 5513 2328 5568 79.
2345 5501 2400 5582 sed.

1604 5593 1710 5652 77777.
1727 5601 1826 5652 96.-
1844 5603 1869 5654 S
1892 5602 2001 5666 Thom,
2021 5603 2046 5654 777
2069 5604 2138 5658 loan.
2157 5602 2205 5668 19,
2222 5603 2267 5656 60
2291 5603 2349 5656 lect.
2366 5601 2394 5656 7.
2411 5617 2439 5658 n.
2459 5603 2489 5656 3.
2571 5629 2572 5632 ·

1535 5683 1609 5750 Qum
1628 5701 1692 5756 7797
1711 5703 1760 5756 797
1785 5687 1908 5760 779777..
1935 5693 2012 5758 Quod
2035 5693 2183 5746 secundum
2207 5691 2423 5756 chrysostomum
2450 5693 2491 5760 [in

1532 5777 1600 5828 loan.
1619 5777 1710 5832 homil.
1727 5779 1771 5832 69
1790 5779 1851 5832 allas
1871 5781 1914 5832 68.
1932 5795 1951 5834 n
1969 5777 2130 5850 9.]977777777
2141 5785 2195 5846 est;
2207 5785 2235 5834 nt
2249 5781 2280 5834 sit
2293 5795 2400 5834 77777777
2414 5781 2491 5848 Quae

1532 5879 1581 5934 797
1600 5865 1707 5936 779777,
1725 5867 1838 5920 exterius
1861 5869 2053 5938 praedicando,
2073 5867 2143 5924 37777
2165 5867 2237 5924 emir
2255 5867 2323 5924 7767·
2342 5869 2434 5936 Peter,
2453 5867 2491 5924 777

1533 5951 1639 6024 779777,
1658 5955 1685 6008 id
1704 5961 1757 6022 est,
1775 5957 1801 6008 in
1820 5963 1947 6024 quantum
1959 5957 2049 6022 accepi
2062 5957 2180 6010 notitiam
2198 5957 2231 6010 ab
2250 5969 2295 6020 eo;
2310 5961 2338 6010 ul
2349 5957 2492 6022 intelligen-

1532 6047 1575 6096 tur
1593 6043 1627 6096 de
1646 6041 1748 6098 Christo
1767 6045 1911 6098 seeundum
1930 6046 2004 6114 qnod
2030 6047 2119 6098 homo.
2145 6047 2197 6098 Sed
2214 6047 2236 6098 si
2261 6045 2433 6110 inteligantur
2452 6059 2493 6098 77-

1532 6131 1650 6184 cundum
1667 6131 1842 6198 Augustinum
1862 6131 1902 6202 [in
1920 6137 1989 6188 loan.
2010 6137 2106 6200 Sveng.
2126 6139 2158 6188 77.
2177 6135 2219 6188 67.
2239 6149 2265 6188 n.
2284 6131 2325 6202 8.]
2342 6133 2377 6186 67
2389 6131 2490 6186 Christo

1532 6221 1677 6274 secundum
1704 6221 1777 6286 quod
1798 6221 1878 6276 Filius
1896 6221 1958 6288 Dei,
1975 6223 2110 6290 quomodo
2131 6221 2194 6278 dicit
2210 6223 2234 6276 ei
2254 6223 2336 6284 Pater,
2354 6233 2415 6274 cum
2435 6221 2492 6288 ipse

1533 6309 1566 6364 sit
1579 6309 1716 6364 Verbum?
1735 6309 1776 6362 Ad
1793 6311 1867 6380 qnod
1887 6311 2043 6374 dicendum,
2063 6313 2136 6380 quod
2154 6325 2206 6366 non
2224 6311 2259 6364 ita
2277 6311 2341 6364 dixit
2358 6311 2396 6378 ei,
2414 6311 2493 6378 quasi

1533 6413 1582 6466 per
1598 6397 1681 6452 verbe
1701 6400 1802 6452 locutus
1820 6401 1852 6452 sit
1871 6399 1949 6452 unico
1968 6399 2055 6452 Verbo
2075 6413 2139 6464 suo,
2156 6401 2204 6452 sed
2221 6399 2260 6452 sic
2277 6397 2341 6450 dixit
2359 6399 2434 6450 Peter
2451 6399 2493 6452 Fi-

1532 6483 1581 6548 lio,
1600 6483 1668 6538 sieut
1687 6485 1825 6550 generavit
1838 6499 1899 6538 eum
1913 6487 1987 6538 Pater
2001 6491 2027 6538 et
2044 6487 2113 6540 sicul
2130 6485 2201 6542 dedit
2216 6483 2242 6538 77
2258 6481 2342 6538 7777777
2354 6483 2451 6542 habere
2462 6485 2492 6542 777

1532 6571 1676 6644 7777777937
1691 6571 1781 6642 [supra
1795 6573 1827 6638 6,
1840 6575 1894 6638 96.)
1906 6575 2001 6626 Psalm.
2016 6575 2044 6638 9,
2059 6573 2238 6628 7717777777
2252 6569 2323 6626 7777777
2333 6571 2372 6626 od
2387 6587 2430 6628 77
2442 6581 2493 6630 etc.

1535 6663 1587 6716 Ch.
1606 6677 1688 6730 supra
1706 6675 1770 6728 pag.
1791 6661 1857 6724 377,
1884 6667 1945 6714 nota
1970 6663 1995 6714 l.
2013 6689 2048 6702 -
2068 6661 2194 6728 Superius
2211 6675 2262 6728 pro
2279 6659 2389 6732 77977773
2410 6661 2491 6720 homo

1533 6753 1577 6806 ed.
1594 6755 1625 6806 77
1643 6749 1723 6804 7777
1743 6747 1863 6818 7797777.

1604 6837 1710 6892 777777.
1729 6839 1772 6892 73.
