5908 8266
1222 479 1422 546 COMMENT.
1440 479 1476 546 ΙΝ
1499 475 1665 544 ΙΟΑΝΝΕΜ
1679 475 1720 544 .C.
1745 473 1819 544 lllll.

493 725 494 728 ,
534 663 650 748 globati
671 667 884 740 venerant‚.et
907 659 1044 728 seniores
1068 655 1158 742 prius
1172 653 1317 734 exibant,
1341 653 1415 740 quia
1429 653 1488 740 ipsi

534 769 626 854 primi
651 771 777 836 luerent
797 767 830 834 in
853 767 961 850 culpa,
977 763 1045 862 ideo
1068 767 1099 830 et
1121 761 1155 828 22
1169 759 1420 848 2222222222222
1436 759 1489 828 de-

534 875 613 942 cimo
638 875 730 942 tertio
743 877 774 938 ²:
795 897 811 928 a
828 871 960 954 agressa
974 875 1022 934 θε2
1042 865 1192 952 iniquitas
1207 883 1235 932 a
1249 863 1425 932 senioribus
1440 861 1488 932 ia-

413 1047 421 1060 ,
533 979 668 1060 dinibus,
693 977 754 1064 qui
773 974 959 1042 ridebantur
974 989 1085 1058 regere
1106 971 1260 1056 populum
1275 995 1310 1050 »3
1335 975 1366 1034 et
1382 987 1489 1034 omnes

403 2153 513 2212 Quintum.

534 1089 746 1162 recesserant,
778 1079 852 1166 quia
868 1097 990 1148 amnes
1014 1077 1134 1146 confusi
1157 1081 1264 1142 erant.
1280 1075 1371 1142 Unde
1396 1075 1486 1148 dicit:

536 1193 574 1256 222
597 1187 873 1274 remansit-lesus
897 1185 986 1266 solus
1010 1193 1044 1250 22
1059 1183 1180 1250 2222222
1204 1181 1239 1250 22
1256 1181 1359 1250 medio
1384 1189 1494 1248 staua.

534 1277 631 1362 Solus
646 1289 822 1368 remansit,
839 1289 896 1376 qui
916 1287 1214 1376 loeumselitadinis
1235 1287 1394 1374 22222222,
1409 1287 1488 1372 Osee

533 1397 721 1488 secundoi:¹
740 1421 758 1454 <c
773 1393 929 1462 Adducam
954 1413 1023 1462 eam.
1044 1393 1078 1460 in
1091 1393 1299 1462 solitudinem
1324 1397 1363 1460 et.
1378 1391 1420 1460 lbi
1444 1393 1488 1460 le

533 1523 613 1588 quar
635 1503 675 1574 ad
707 1521 761 1570 cor
794 1501 861 1568 eius
878 1525 914 1580 >³3
938 1501 987 1568 rel
1018 1501 1092 1586 qaia
1119 1501 1206 1568 solus
1233 1505 1302 1568 erat
1330 1499 1497 1578 offensus;;

533 1611 687 1676 Psalmus:
711 1607 805 1675 «Tibi
824 1607 881 1676 soli
897 1607 1023 1694 peceavi
1037 1613 1070 1676 et
1084 1609 1203 1676 malum
1217 1625 1324 1674 eoram
1340 1613 1371 1670 le
1386 1605 1445 1672 ieci
1457 1631 1487 1668 2.
1572 1655 1573 1658 ,
1598 1629 1599 1632 ¹

413 1773 416 1782 .
463 1773 465 1778 .
530 1715 768 1802 ,Augustinasiz
795 1715 898 1782 «Dua
912 1715 1149 1782 remanserunt:
1164 1713 1291 1796 miseria
1315 1715 1345 1778 et
1367 1709 1489 1776 miseri·
1553 1769 1560 1776 .

533 1821 684 1900 cordiam
710 1826 740 1888 et
755 1819 831 1906 quia
845 1819 1058 1888 misericordia
1073 1817 1404 1898 intueturmiseriam,
1416 1815 1490 1882 ideo

533 1925 659 1994 subdit:
824 1991 825 1994 ,
892 1979 893 1982 ,

610 2037 684 2102 ll.
698 2033 798 2122 (Mers.
820 2033 894 2114 lu).
912 2033 1051 2118 Eripere
1075 2039 1184 2096 autem
1199 2051 1232 2096 se
1249 2031 1360 2108 lesus,
1378 2029 1409 2096 in
1425 2049 1490 2116 quo

530 2145 658 2206 notatur
681 2139 843 2226 quintum,
866 2135 1156 2204 sciliaetmuliere's
1180 2143 1358 2202 accusatae
1392 2135 1489 2222 mise·-

532 2245 642 2312 re'eors
671 2243 831 2312 liberatio.
868 2245 904 2310 Et
938 2243 1013 2330 quia
1032 2243 1248 2310 misericordia
1280 2241 1389 2308 currit
1406 2259 1489 2308 ,cum

530 2351 651 2416 iustitia
672 2357 705 2416 et
726 2369 788 2418 non
813 2355 858 2416 est
880 2353 987 2416 contra
1002 2347 1319 2432 .iustitiam‚.quaerit
1337 2347 1489 2414 Dominus

531 2453 578 2522 ab.
588 2473 631 2526 wea
646 2453 684 2522 de
701 2455 957 2522 condemnatione
978 2459 1011 2522 et
1024 2453 1230 2520 accusatione.
1256 2455 1423 2540 Propterea
1439 2453 1496 2518 22-

532 2561 618 2630 citi:
644 2561 781 2640 Mulier,
806 2561 864 2628 222
887 2569 965 2628 aaut
986 2561 1046 2650 qui
1077 2569 1104 2626 te
1127 2559 1354 2642 accusabant?
1387 2557 1488 2626 Nemo

532 2675 560 2734 22
584 2665 841 2734 222222222222
859 2669 936 2734 Duo
953 2667 1096 2752 qaaerit,
1130 2673 1159 2734 et
1184 2665 1258 2752 quia
1279 2667 1413 2740 alterum
1442 2671 1489 2732 est

530 2773 563 2844 iu
587 2773 722 2844 euidenti
744 2773 782 2840 de
815 2779 1198 2862 recessaaceusatorum,
1213 2771 1394 2858 respondet
1416 2789 1489 2838 mu-

531 2879 589 2946 lier
609 2879 783 2964 quaestioni
803 2879 842 2948 de
865 2879 1132 2948 condemnatione.
1479 2961 1481 2964 ¹

623 2987 671 3052 22.
692 2987 790 3070 (Vers.
813 2985 888 3068 22).
905 2987 998 3068 Quae
1010 2985 1113 3052 rlr'ait:
1126 2983 1239 3066 Nemo,
1256 2985 1401 3064 Domine,
1414 3003 1490 3070 sup-

530 3088 597 3174 ple:
622 3107 672 3158 me
698 3089 928 3170 condemnauit,
953 3109 1015 3156 non
1037 3097 1086 3158 esi
1107 3089 1244 3158 hominis
1259 3089 1488 3170 condemnare;

496 3209 497 3212 ’
530 3195 675 3261 Matthaei
709 3195 892 3280 septimo⁵z¹
920 3221 941 3278 ‹c-
956 3197 1068 3274 Nolite
1085 3197 1324 3284 condemnares
1351 3203 1430 3278 eta.;
1457 3203 1490 3264 et

530 3299 606 3372 ideow
623 3299 678 3368 tibi
705 3301 813 3372 relicta
836 3319 915 3368 sum.
935 3303 969 3369 Dt
986 3303 1131 3388 sequitur
1145 3303 1325 3370 misericors
1346 3301 1491 3370 mulieris

530 3407 693 3488 liberatio;
709 3407 792 3474 unde
809 3407 1012 3476 diciizDa'ar't
1025 3417 1137 3476 222222
1164 3411 1287 3476 222222Ι
1300 3409 1367 3476 Nec
1388 3415 1490 3494 epate

530 3515 750 3582 2222222222
758 3539 774 3592 ;,
785 3531 867 3596 ecce,
883 3515 1135 3596 2222222222
1146 3515 1186 3582 ari
1198 3517 1350 3582 Romanos
1361 3521 1488 3584 octauo:

528 3645 551 3692 u
568 3621 652 3688 Deus
663 3621 723 3708 ¹qui
740 3621 901 3702 iustificat,
918 3621 990 3708 quis
1007 3623 1123 3708 estqui
1143 3622 1327 3690 condemnet
1343 3629 1381 3686 22
1402 3623 1490 3690 Vade

529 3735 559 3794 et
571 3727 741 3814 2222222222,6
758 3727 828 3794 noli
837 3747 975 3812 peecare
983 3753 997 3808 ;
1012 3745 1098 3808 ecce,
1116 3729 1261 3808 laetitia,
1277 3745 1359 3812 quae
1375 3727 1419 3794 sic
1435 3727 1489 3794 ab·

529 3832 622 3900 soluit
638 3853 655 3900 a
671 3835 781 3920 culpa,
807 3839 843 3900 ut
866 3839 1047 3902 tamennon
1071 3833 1123 3900 det
1145 3833 1321 3900 libertatem
1337 3833 1490 3920 redeundi

528 3939 568 4006 ad
584 3941 724 4026 culpam;
750 3939 951 4006 Ecclesiastici
968 3941 1095 4026 quinto:
1127 3939 1368 4006 «Misericordia
1390 3945 1422 4004 22
1441 3937 1489 4004 222

528 4043 637 4112 abillo
654 4045 715 4112 aito
731 4043 930 4130 proximant,
947 4051 976 4112 et
1001 4045 1032 4110 in
1049 4049 1227 4130 peccatores
1244 4043 1436 4130 respicitira
1450 4043 1497 4110 22-Η

598 4399 608 4430 ²
626 4403 705 4456 'Vera
723 4403 750 4456 5.
1006 4455 1008 4458 .

598 4487 705 4544 'Mera
725 4489 768 4544 22.
785 4517 822 4530 -
839 4491 900 4556 seq.
918 4491 992 4544 locus
1010 4496 1049 4544 est
1066 4491 1107 4544 Ps.
1128 4491 1176 4556 50,
1196 4491 1218 4544 6.
1238 4519 1273 4532 ·-
1294 4493 1401 4546 lolerius
1427 4499 1487 4560 post

526 4577 570 4634 ael
587 4579 651 4648 quia
668 4577 744 4634 salus
763 4577 806 4632 ed.
824 4579 929 4646 supplet
943 4583 1053 4648 peccato
1072 4577 1204 4634 2222222222.
1265 4603 1266 4606 ¹

598 4665 609 4696 ³
629 4671 654 4720 ln
673 4671 744 4724 loan.
762 4669 862 4732 evang.
881 4673 914 4721 22.
932 4667 975 4734 33.
996 4685 1020 4720 2.
1040 4667 1075 4722 52
1088 4667 1171 4724 Duas
1189 4673 1256 4738 post
1280 4681 1368 4724 auara
1392 4683 1485 4724 omues

444 4729 447 4736 ’
527 4761 704 4816 recesserant.
720 4757 811 4810 Relicti
826 4763 889 4812 sunt
906 4757 975 4812 duo:
986 4753 1094 4810 2222222
1115 4763 1161 4810 222.
1184 4757 1228 4824 (222
1243 4757 1284 4810 22.
1300 4757 1436 4828 Maurina).
1448 4787 1486 4800 -

527 4845 567 4898 De
584 4859 640 4912 seq.
650 4845 831 4912 propositione
848 4847 895 4898 cir.
915 4859 996 4910 supra
1013 4859 1076 4910 pag.
1096 4847 1161 4914 306,
1182 4851 1243 4898 nota
1262 4847 1287 4900 2.

539 4987 540 4990 ,
597 4931 741 5000 422222222
761 4931 837 4988 222222
854 4933 893 4988 22-
1153 4985 1154 4988 ,
1336 4975 1337 4978 ,
1412 4943 1414 4948 '

567 5075 568 5078 ,
596 5017 609 5050 ⁵
628 5021 704 5076 Vers.
722 5023 752 5078 2.Ι
768 5021 828 5088 (Cir.
847 5021 910 5074 Luc.
930 5023 960 5086 6,
981 5021 1098 5088 37.)..-·
1122 5021 1240 5076 Subinde
1262 5025 1388 5088 allegatur
1406 5025 1483 5078 Rom.

527 5111 558 5180 8,
578 5111 621 5162 33.
634 5125 689 5178 seq.
701 5139 737 5150 —
755 5111 912 5162 auctoritate
932 5111 1009 5164 CEN
1027 5111 1210 5176 supplevimus
1230 5113 1290 5166 Neu
1309 5115 1349 5166 est
1366 5111 1489 5166 22222222

496 5277 498 5280 Ι
528 5195 563 5268 [Β
581 5199 642 5254 Mon
659 5201 700 5254 est
716 5197 830 5264 bouum,
849 5191 987 5252 aulul.
995 5199 1016 5250 M
1034 5199 1097 5254 Nou
1116 5197 1382 5266 estJ'coudeuauare.

596 5281 609 5312 ⁶
628 5285 740 5352 Vulgata
758 5285 782 5336 el
800 5283 857 5336 2222
875 5281 1002 5352 amplius.
1019 5309 1066 5324 -=
1080 5281 1202 5350 Sequitur
1228 5283 1306 5338 Eecli.
1331 5285 1364 5348 5,
1382 5283 1414 5348 7,
1437 5283 1484 5336 ubi

526 5375 561 5444 [B
571 5373 635 5430 ,Neu
645 5379 686 5430 est
697 5373 806 5438 baalam,
818 5373 910 5426 codd:
932 5371 1106 5426 Misericordia
1120 5371 1157 5424 ab
1166 5371 1209 5426 illo
1223 5375 1272 5426 cito
1286 5375 1419 5438 proximat
1431 5379 1482 5428 etc.

530 5515 531 5518 ,
596 5459 651 5516 'ln
671 5467 741 5516 loon.
759 5465 858 5526 Euang.
884 5465 916 5514 tr.
935 5461 978 5514 33.
996 5475 1026 5528 Ι2.
1047 5461 1073 5514 7.
1098 5459 1248 5526 allegantur
1265 5461 1308 5514 Ps.
1331 5461 1380 5528 22,
1406 5463 1432 5516 8.
1457 5467 1483 5516 et

525 5551 582 5604 lsai.
600 5551 648 5616 22,
669 5551 716 5616 22,
736 5549 780 5606 ubi
800 5553 910 5616 august.
930 5549 962 5602 ita
982 5549 1059 5614 legit:
1076 5549 1125 5602 sed
1142 5553 1268 5616 tanquam
1288 5549 1384 5602 iustrrsz
1403 5551 1483 5608 Nau·

524 5639 590 5708 qaid
616 5653 720 5710 semper
750 5639 858 5694 2222222
885 5639 1046 5706 [secandum
1071 5635 1255 5706 Septuaginta]
1280 5637 1436 5694 Misericors
1457 5643 1483 5696 et

523 5727 668 5782 2222222222·
689 5727 820 5782 Dorulaus
838 5725 899 5798 [Ps.
918 5729 965 5792 85,
986 5725 1050 5798 26].
1434 5789 1435 5792 ¹

563 5867 564 5872 ,
596 5811 606 5840 ⁸
626 5813 689 5880 Cap.
709 5817 753 5870 l3.
769 5843 806 5854 -·
823 5815 928 5870 Hieron.
946 5813 1067 5882 pluribus
1084 5813 1111 5866 22
1129 5813 1192 5868 locis
1211 5813 1250 5882 (ll.
1262 5813 1374 5882 apolog.
1386 5815 1482 5870 adver·

524 5917 570 5958 sus
587 5903 668 5956 libres
686 5903 785 5966 bulini,
805 5921 829 5958 n.
850 5905 893 5958 33.
911 5905 1058 5970 22922229.
1076 5903 1222 5958 Commeat.
1241 5903 1267 5956 iu
1279 5903 1389 5972 Daniel.)
1403 5905 1481 5972 dicit,

524 5991 658 6064 historiam
679 5993 811 6046 susannae
828 6005 881 6044 non
899 5993 1023 6046 contineri
1044 5993 1070 6046 iu
1088 5993 1223 6048 volumine
1242 5989 1377 6046 Hebraico.

594 6075 606 6108 ⁹
626 6079 699 6134 Mers.
719 6083 762 6150 22.
780 6081 848 6134 Vide
868 6081 1014 6146 chrysost,
1034 6081 1061 6134 in
1077 6083 1147 6134 loau.
1167 6079 1257 6134 homil.
1275 6079 1317 6132 52.
1337 6079 1412 6146 (alias
1425 6083 1479 6152 52.)

522 6183 549 6220 2.
569 6173 594 6222 2.
613 6171 647 6222 lix
666 6171 756 6224 homil.
773 6171 818 6224 69.
836 6167 910 6236 (alias
929 6171 983 6240 59.)
1002 6185 1028 6224 2.
1048 6173 1072 6224 5.
1094 6169 1209 6224 22222222
1235 6167 1386 6234 2222222222,
1412 6173 1481 6226 hanc

523 6257 656 6310 historiam
677 6273 738 6310 eum
761 6257 896 6320 laudasse,
918 6257 962 6312 ubi
989 6259 1066 6314 dicit:
1092 6257 1167 6314 Certe
1190 6257 1317 6312 Dominus
1342 6263 1403 6312 taus
1427 6275 1480 6316 uon

521 6345 605 6398 iustos
614 6347 694 6400 modo
703 6347 908 6414 alloquebatur...
923 6347 969 6402 sed
983 6353 1007 6402 et
1019 6347 1231 6402 chananaeam...
1240 6345 1369 6412 excepit...
1381 6347 1480 6404 olam-

521 6431 574 6494 bue
590 6433 771 6500 meretricem,
791 6437 865 6502 quod
882 6435 970 6490 ludaei
990 6435 1312 6500 exprobrarunl,exeepit
1325 6441 1351 6488 et
1364 6437 1479 6508 curavit,

521 6533 671 6588 passusque
683 6515 733 6590 est,
747 6527 774 6574 nl
794 6521 913 6586 impurae
932 6523 1048 6578 maberis
1064 6525 1187 6590 lacrymis
1204 6523 1287 6588 pedes
1306 6523 1346 6576 sui
1364 6523 1479 6590 rigaren-

521 6613 573 6672 tur,
591 6615 621 6662 ut
637 6623 687 6662 nos
703 6611 810 6664 doceret
827 6611 944 6664 humane
962 6617 1115 6678 peccateres
1131 6613 1259 6680 excipere.

592 6695 616 6726 ¹⁰
633 6699 660 6750 ln
687 6699 756 6752 loan.
783 6701 883 6764 Errang.
911 6705 943 6752 tr.
967 6701 1008 6754 33.
1037 6717 1062 6754 n.
1081 6701 1107 6756 2.
1125 6715 1198 6770 seqq.
1229 6699 1278 6754 Clr.
1308 6701 1387 6764 Epist.
1418 6705 1480 6758 253.

521 6783 595 6854 )2222ε
615 6785 668 6852 52.)
688 6801 709 6838 2.
731 6787 755 6840 l.
772 6799 799 6838 2.
818 6787 843 6838 9.

2446 471 2517 540 3551

1553 653 1614 722 lias
1638 681 1668 720 a.
1694 653 1779 722 Unde
1811 647 2049 738 Augustinuslz
2086 647 2290 716 «attendant
2321 647 2374 732 qui
2404 653 2512 714 amant

1553 759 1586 828 in
1615 759 1749 828 Domino
1778 751 2072 836 mansuetudinem,
2101 761 2134 822 et
2163 755 2293 820 timeant
2323 753 2508 836 veritatem3

1553 865 1676 934 etenim.
1694 863 1799 932 2222222
1823 871 1850 932 et
1873 873 1991 932 rectus
2006 859 2178 930 Dominae.
2202 859 2309 938 amaa,
2331 857 2417 944 quod
2440 857 2510 926 dul·

1552 971 1598 1038 ais
1615 977 1692 1038 ,esti
1714 971 1820 1050 Time,
1841 969 1927 1054 quod
1950 975 2057 1038 rectus
2078 973 2135 1036 est.
2150 969 2313 1052 Tanquam
2327 969 2517 1032 mansuetus

1553 1075 1645 1156 dicit:
1676 1075 1801 1152 Tacui:
1826 1075 1880 1142 sed
1901 1081 2052 1160 tanquam
2075 1081 2182 1144 reatus
2204 1071 2295 1142 dicit:
2326 1069 2367 1136 Ut
2389 1079 2511 1156 partu-

1552 1181 1644 1250 riens
1670 1181 1788 1268 loquar
1812 1207 1858 1258 a„
1877 1181 1987 1248 Isaiae.
2007 1181 2247 1268 quadragesimo
2272 1175 2418 1246 seeundo.
2441 1175 2511 1244 ldeo

1553 1287 1677 1356 subdit:
1701 1285 1855 1372 Amplius
1879 1285 2114 1372 ualtpeecare.
2173 1311 2174 1314 ¹
2458 1315 2459 1318 ¹

1916 1497 2143 1580 Quansrrouns.

1646 1709 1696 1776 23.
1710 1709 1835 1794 Quaest.
1847 1709 1870 1776 l.
1884 1709 1943 1776 Sed
1952 1707 2061 1776 incidit
2075 1709 2128 1786 hic
2141 1709 2313 1778 dubitatio:
2325 1727 2397 1778 cam
2414 1727 2509 1798 quae-

1554 1815 1614 1882 stio
1626 1815 1687 1882 ista
1697 1815 1829 1882 faciliter
1844 1819 1926 1882 esset
1942 1815 2146 1882 determinata
2158 1833 2200 1888 ex
2211 1817 2310 1902 Lege,
2325 1823 2357 1884 et
2372 1817 2427 1904 qui
2437 1823 2510 1884 ten
2601 1865 2603 1868 .

1553 1925 1598 1990 tat
1622 1921 1731 1988 debeat
1755 1919 1849 1988 dubia
1866 1915 2043 2006 ‘quaerere;
2061 1921 2143 1988 2222
2159 1927 2205 1990 θε2
2221 1923 2301 2002 hoc,
2316 1921 2400 2006 quod
2417 1923 2510 1988 talem

1553 2027 1767 2114 quaestionem
1792 2027 1954 2096 Pharisaei
1970 2027 2070 2094 dolosi
2090 2027 2223 2096 Domino
2249 2033 2510 2114 proposueruntl

1591 2191 1593 2194 .
1643 2133 1839 2218 Respondent
1862 2135 2004 2220 quidam,
2030 2135 2117 2220 quod
2138 2133 2263 2201 uidetur
2287 2137 2394 2200 totum,
2418 2133 2594 2198 indu-..sm-
2610 2141 2629 2186 t·

1553 2239 1632 2306 stria
1652 2239 1792 2306 humana
1814 2239 1948 2320 factum;
1972 2239 2058 2306 unde
2078 2238 2244 2320 22222222,
2267 2237 2353 2324 quod
2372 2239 2436 2306 ,hoc
2450 2237 2509 2306 luit

1553 2345 1742 2414 immixtam,
1759 2345 2074 2432 Evangelio-loannis,
2098 2347 2181 2414 sicat
2196 2345 2338 2414 historia.
2350 2347 2508 2414 Susannae

1553 2451 1672 2518 Danieli
1685 2453 1707 2516 ⁸.
1724 2453 1758 2518 22
1781 2451 1873 2520 cuius
1894 2453 1942 2518 rei
1958 2451 2172 2520 testimonium
2191 2453 2408 2532 adduxerunt,
2426 2451 2509 2536 quod

1553 2557 1807 2642 chrysostomus..
1817 2557 1854 2624 22
1880 2559 1940 2624 hoo
1965 2558 2083 2625 nullam
2110 2559 2298 2624 mentionem
2313 2557 2412 2636 leolis
2428 2555 2511 2624 unde

1553 2665 1645 2734 sallat
1667 2663 1709 2732 ad·
1737 2663 1862 2746 illudi:
1892 2665 2017 2732 lteram
2050 2665 2177 2732 locatus
2198 2673 2245 2732 est
2274 2665 2369 2732 Iesus
2390 2669 2448 2732 eta.
2466 2699 2518 2730 -·.··
2606 2733 2607 2736 ,

1546 2773 1613 2872 Sed
1635 2771 1827 2858 Augustinus
1839 2773 1867 2812 ¹⁰
1889 2777 1921 2840 el
1943 2771 2137 2858 expositores
2160 2771 2257 2840 nostrl
2282 2777 2454 2856 exponunt.
2472 2771 2668 2878 desquprua·

1554 2879 1635 2946 serie
1656 2877 1824 2964 Evangelii.
1840 2915 1884 2928 ·--
1898 2879 1993 2964 Quod
2012 2897 2086 2946 uero
2102 2879 2343 2964 chrysostomus
2366 2877 2444 2944 nihil
2463 2877 2510 2944 di·
2605 2865 2611 2878 '

1553 2985 1608 3064 ait,
1633 3001 1759 3050 causam
1782 2985 1895 3052 nescio.
1913 2983 2044 3068 Quidam
2067 2985 2193 3064 dicunt,
2217 2983 2350 3070 quadiu
2372 2983 2509 3068 antiquis

1552 3089 1642 3158 libris
1664 3089 1789 3158 Graecis
1812 3109 1875 3159 oon
1896 3089 2125 3172 inveniebatur,
2145 3091 2220 3178 quia
2244 3091 2372 3158 loannes
2393 3089 2510 3158 addidit

1553 3197 1944 3284 Euangelioaomplotossa
2582 3251 2583 3254 ,

1641 3305 1810 3390 Propterea
1832 3305 1998 3372 dicendum
2020 3311 2082 3384 est,
2108 3305 2191 3392 quod
2210 3303 2366 3372 Pharisaei
2389 3303 2508 3372 inuide-
2527 3313 2592 3368 222·
2607 3311 2627 3356 2

1553 3411 1629 3476 bant
1650 3411 1782 3478 Domino
1806 3411 1842 3478 de
1870 3413 1947 3490 hoo,
1979 3413 2064 3498 qaod
2084 3411 2271 3478 laudabatur
2303 3407 2340 3476 de
2364 3429 2509 3502 mansue

1553 3517 1660 3584 tudine
1684 3522 1714 3584 et
1745 3517 1863 3584 iustitia
1895 3517 2007 3596 simul,
2043 3517 2216 3586 secmrdum
2239 3517 2323 3584 illua
2339 3517 2515 3584 Psalmi122·

1553 3623 1695 3710 Propter
1717 3623 1886 3690 2222222222
1910 3631 1939 3688 22
1959 3623 2249 3690 mansuetudinem
2271 3629 2302 3686 et
2331 3623 2505 3690 2222222222.

1552 3729 1623 3796 ldeo
1644 3729 1858 3814 quaestionem
1882 3737 2073 3812 proponunt,
2097 3729 2128 3794 in
2144 3747 2208 3814 qua
2228 3743 2354 3794 necesse
2375 3729 2507 3796 haberet

1552 3833 1707 3900 declinare
1730 3833 1763 3898 22
1779 3833 1914 3920 rigorem
1938 3833 2073 3902 iustitiae
2093 3839 2202 3902 contra
2221 3833 2506 3914 mansuetudinem,

1552 3945 1587 4005 ut
1610 3939 1782 4006 haberetur
1798 3939 1937 4018 immitis,
1956 3939 2007 4006 vel
2021 3939 2235 4020 contradicere
2256 3939 2392 4006 iustitiae
2409 3941 2505 4026 Legis.

1533 4043 1700 4130 *et-quasi
1723 4045 1888 4113 insolubile
1913 4045 2157 4128 confecerantffi,
2174 4053 2225 4126 ut,
2246 4045 2394 4112 utralibet
2418 4055 2505 4130 parte

1622 4403 1641 4434 ¹¹
1662 4403 1770 4470 Euseb,
1791 4407 1826 4458 lll.
1847 4405 1940 4458 Hister.
1959 4407 2052 4460 eccles.
2069 4405 2119 4470 33,
2136 4411 2255 4460 recenset
2273 4403 2355 4458 libros
2372 4403 2467 4472 Papiae
2480 4409 2514 4458 et¹

1550 4493 1576 4546 in
1594 4493 1646 4546 222
1665 4495 1713 4546 aits
1734 4493 1817 4546 Aliam
1835 4509 1942 4562 qruoque
1961 4495 2066 4560 exponit
2084 4495 2218 4548 historiam
2237 4495 2270 4546 de
2296 4493 2418 4562 muliere,¹
2429 4507 2505 4560 ,quae

1550 4583 1691 4636 multorum
1709 4583 1850 4636 criminum
1869 4597 1958 4636 coram
1971 4585 2090 4636 „Domino
2110 4589 2230 4638 accusata
2248 4589 2297 4636 est.
2313 4583 2384 4648 Quae
2397 4583 2505 4650 quidem

1550 4671 1656 4724 historia
1676 4669 1703 4724 22
1722 4671 2036 4742 222222222222222222
2054 4671 2186 4728 Hebraeos
2212 4673 2307 4736 scripta
2332 4671 2451 4724 habetur.
2471 4697 2505 4710 -

1547 4761 1618 4814 Licet
1635 4759 1663 4812 in
1682 4761 1761 4814 variis
1773 4759 1963 4814 recentioribus
1985 4759 2141 4814 editionibus
2161 4765 2244 4814 textus
2261 4759 2354 4812 Graeci
2372 4757 2507 4822 Evangelii

1482 4897 1484 4902 ,
1548 4847 1650 4902 loannis
1670 4863 1684 4900 a
1701 4847 1908 4912 protestantibus
1926 4847 2064 4914 publicatis
2083 4849 2189 4902 historia
2202 4851 2266 4900 haec
2280 4847 2434 4914 omissasit,
2447 4847 2504 4912 ipsa

1548 4943 1635 4990 tamen
1655 4937 1709 4988 iure
1729 4937 1893 4990 acatholicis
1913 4943 1941 4990 nt
1960 4937 2074 5002 genuina
2099 4937 2256 4990 vindicatur.
2282 4935 2413 4988 2222222222
2433 4935 2503 4988 enim

1549 5027 1575 5078 22
1592 5025 1717 5078 omnibus
1737 5025 1851 5092 antiquis
1861 5013 2034 5078 'versionibus
2051 5029 2076 5076 et
2095 5021 2292 5090 manuscriptis,
2305 5023 2419 5088 exceptis
2431 5021 2504 5076 dram-

1548 5117 1617 5164 taxat
1634 5110 1769 5166 codicibus
1789 5113 1907 5178 Graecis,
1926 5111 1971 5180 qui
1991 5111 2138 5166 serviebant
2158 5127 2205 5178 pro
2226 5111 2329 5180 publica
2350 5113 2458 5166 lectione
2477 5113 2503 5166 in

1548 5199 1674 5266 Ecclesia3
1691 5213 1760 5266 quae
1779 5201 1886 5252 omissio
1907 5201 1980 5252 leoile
1996 5201 2120 5266 explicari
2138 5207 2231 5266 potest.
2249 5201 2311 5256 lnde
2330 5201 2408 5254 etiam
2432 5207 2505 5266 patet

1547 5285 1627 5350 ratio,
1643 5301 1728 5354 quare
1746 5285 1947 5354 chrysostomus
1967 5289 2101 5342 historiam
2119 5289 2190 5342 illam
2207 5303 2259 5344 non
2281 5291 2436 5354 exposuerit.
2448 5289 2502 5344 Ch.

1547 5373 1665 5438 Hieron,
1677 5377 1711 5428 ll.
1731 5375 1830 5442 Dialog.
1850 5377 1979 5432 adversus
1997 5379 2125 5444 Pelagiaa.
2144 5395 2170 5434 n.
2189 5379 2238 5434 la:
2255 5381 2292 5432 ln¹
2303 5379 2443 5444 Evangelio
2463 5393 2502 5432 se·

1547 5463 1663 5516 cundum
1683 5465 1804 5518 loannem
1823 5465 1849 5518 iu
1868 5465 1955 5522 multis
1975 5473 1999 5522 et
2016 5469 2121 5522 Graecis
2139 5473 2166 5522 et
2188 5467 2287 5522 Latinis
2309 5467 2445 5522 codicibus
2468 5467 2504 5520 in·

1546 5549 1649 5606 venitur
1669 5553 1701 5606 de
1720 5553 1836 5612 adultera
1856 5555 1977 5622 milliare,
1995 5569 2064 5624 quae
2083 5563 2202 5612 aecrrsata
2216 5561 2254 5612 est
2267 5557 2339 5624 apud
2353 5555 2501 5610 Dominum.

1545 5639 1671 5708 August,
1689 5643 1717 5696 ll.
1737 5645 1770 5698 de
1789 5645 1923 5710 Coniugiis
1939 5645 2049 5702 adulter.
2066 5661 2091 5700 c.
2108 5647 2133 5700 7.
2153 5663 2178 5700 n.
2197 5647 2229 5700 62
2247 5645 2301 5700 Sed
2318 5647 2368 5700 hoc
2380 5645 2502 5700 videlicet

1546 5729 1689 5786 inlidelium
1698 5795 1700 5798 ¹
1709 5747 1803 5786 sensus
1819 5737 1951 5802 exhorret,
1970 5735 2004 5788 ita
2018 5741 2047 5790 222
2058 5735 2173 5788 nonnulli
2186 5735 2304 5790 modicae
2316 5735 2391 5798 fidei,
2405 5735 2446 5786 rel
2460 5747 2503 5800 po·

1545 5819 1596 5874 lius
1613 5819 1711 5876 inimici
1724 5837 1803 5876 verae
1813 5825 1887 5890 22222,
1907 5825 1995 5888 eredo,
2008 5831 2162 5890 mausolea,
2180 5825 2306 5890 peccandi
2319 5823 2502 5890 impunitatem

1545 5909 1603 5962 2222
1621 5909 1774 5964 mulieribus
1793 5909 1860 5978 suis,
1877 5911 1940 5966 illud
1961 5913 2035 5980 quod
2052 5913 2087 5966 de
2111 5913 2243 5966 adulterae
2266 5911 2427 5978 indulgentia
2452 5913 2503 5964 Do·

1545 5997 1632 6050 2222222
1652 5999 1873 6064 22222,.2222222222
1891 6001 1926 6054 de
1943 5999 2079 6056 codicibus
2099 6003 2153 6056 suis
2172 6007 2221 6056 etc.
2239 6029 2275 6042 -
2298 5999 2425 6066 Superius
2450 6013 2501 6052 nou

1544 6087 1622 6152 pauci
1640 6087 1719 6140 codd.
1738 6089 1860 6142 omittunt
1878 6089 1998 6144 Graecis.
2047 6125 2053 6134 „

1616 6171 1752 6232 1²¹Psalm.
1772 6177 1819 6242 22,
1839 6179 1865 6230 5.

1615 6259 1637 6294 ¹⁸
1657 6265 1704 6318 Ed.
1723 6267 1826 6332 supplet
1844 6269 2045 6332 arpameututu.
2058 6267 2179 6320 Subinde
2198 6281 2248 6332 pro
2267 6263 2394 6320 utralibet
2417 6265 2501 6318 maior

1544 6367 1607 6420 pars
1624 6353 1704 6406 codd.
1723 6355 1839 6422 2222222
1848 6373 1859 6422 ,·
1876 6353 1974 6408 222222
1991 6353 2174 6410 substituimus
2195 6369 2244 6420 pro
2270 6351 2439 6408 abiectionem
2459 6367 2502 6406 22-

1544 6441 1662 6494 ctoritate
1674 6441 1694 6494 A
1705 6441 1803 6492 FHlL
1821 6439 1990 6510 oratioueua;
2008 6455 2076 6508 quae
2095 6443 2170 6494 lectio
2183 6441 2370 6506 correspondet
2382 6439 2511 6508 22222222,

1544 6513 1572 6584 ll.
1589 6531 1693 6584 Elench.
1712 6543 1736 6582 c.
1753 6529 1779 6582 3.
1800 6527 1833 6596 (e.
1852 6529 1921 6604 bal:
1938 6529 1970 6582 Hi
1989 6543 2082 6582 omnes
2100 6543 2152 6584 oon
2169 6529 2205 6582 ad
2223 6529 2367 6584 orationem
2383 6523 2424 6600 [da
2437 6523 2502 6600 πρὸς

1544 6613 1588 6670 τὸν
1607 6617 1704 6688 λόγον’,
1734 6617 1788 6670 ed.
1802 6617 2007 6670 Firmus-Didot:
2037 6617 2070 6670 ad
2098 6615 2376 6686 argumentationeml,
2402 6617 2449 6672 sed
2468 6619 2501 6674 ad

1544 6707 1677 6760 hominem
1695 6707 1808 6758 solvunt.
1826 6703 1878 6758 Cir.
1901 6711 1963 6758 2222.
1982 6707 2000 6758 l.
2018 6719 2081 6770 pag.
2101 6707 2166 6774 232,
2183 6711 2242 6760 note
2262 6707 2287 6758 6.
