5916 8276
462 557 464 562 ’
506 583 569 646 aaa

504 761 647 824 sanetum
662 763 725 834 est,
743 753 828 838 quod
849 751 924 820 estis
949 771 1003 820 vos
1018 775 1048 832 »3
1075 757 1104 820 at
1121 751 1258 818 ibidem:
1279 773 1294 806 a
1313 747 1458 828 Nesc'itiS,

504 861 579 946 quia
601 859 755 944 templum
776 859 833 924 Dei
854 857 930 922 estis
954 875 1024 936 voS,
1048 863 1080 922 et
1101 855 1238 940 Spiritus
1262 853 1318 918 Dei
1340 851 1460 918 habitat

293 949 295 954 ’
354 983 483 1030 secunaum.
504 967 534 1030 in
550 965 641 1032 vobis
655 971 692 1030 a?
709 1001 750 1014 —
767 963 866 1030 locus
892 969 939 1028 est
954 961 1146 1028 emunitatis
1160 979 1179 1026 a
1196 961 1260 1026 Deo
1281 959 1458 1036 emunitus;

502 1069 586 1138 unde
607 1069 728 1156 primae
744 1067 783 1134 ad
797 1067 974 1134 Corinthios
999 1069 1110 1134 tertio:
1137 1067 1286 1152 «Siquis
1310 1065 1460 1150 templum

502 1175 556 1242 Dei
580 1173 762 1252 violaverit,
783 1171 944 1256 disperdet
966 1171 1056 1238 illum
1080 1173 1163 1240 Deus
1180 1197 1210 1252 »3
1235 1177 1266 1240 et
1295 1171 1380 1238 tertii
1403 1169 1459 1234 lte

503 1299 577 1366 garn
591 1287 717 1346 ootavo:
736 1279 791 1344 «Si
803 1277 918 1362 fugerit
931 1279 1070 1364 populus
1082 1285 1155 1344 tuus
1168 1277 1275 1344 hostes
1287 1293 1386 1342 suos»
1400 1281 1458 1340 eto.

376 1403 481 1450 ratarum.
503 1423 543 1436 -
561 1387 660 1472 Locus
683 1391 729 1452 est
753 1383 921 1470 retipionis
950 1385 1007 1450 soli
1028 1381 1136 1450 divino
1157 1383 1258 1450 cultui
1280 1381 1458 1460 dedicatus

503 1491 740 1578 propterquod
766 1489 919 1558 idolorum
945 1489 1044 1556 omnis
1070 1489 1192 1570 cultae,
1214 1489 1248 1556 id
1277 1495 1326 1556 est
1352 1505 1461 1574 pacca-

502 1603 605 1666 torum
633 1595 781 1676 servitus,
806 1595 1006 1662 interdicitur
1021 1595 1053 1660 in
1071 1597 1131 1662 hoo
1147 1597 1281 1680 templo;
1307 1593 1460 1660 secundae

502 1703 539 1768 ad
575 1703 752 1770 Corinthios
785 1705 897 1768 sexto:
924 1701 1050 1784 «Quae
1081 1701 1246 1768 conventio
1275 1699 1390 1772 Christi
1422 1697 1461 1764 ad

502 1807 621 1874 belial?
644 1809 705 1874 lut
725 1825 808 1892 quae
831 1823 904 1890 pars
928 1805 1028 1872 fidelis
1053 1825 1126 1872 cum
1149 1805 1293 1872 infideli?
1319 1805 1378 1888 Qui
1403 1821 1460 1870 au·

503 1923 567 1982 tem
590 1931 762 1980 consensus
788 1913 904 1996 templo
937 1911 991 1978 lici
1022 1931 1093 1978 cum
1127 1911 1215 1980 idolis
1231 1917 1266 1976 »a
1297 1911 1386 1996 quasi
1413 1909 1459 1974 di-

502 2025 568 2088 cat:
588 2018 711 2098 nullus;
737 2017 769 2086 et
790 2015 991 2102 adiungitur:
1021 2045 1036 2076 <t
1054 2019 1116 2086 Vos
1137 2019 1212 2086 estis
1237 2017 1387 2102 templum
1403 2015 1457 2082 Dei

500 2125 592 2192 vivi»
615 2130 672 2190 etc.
692 2121 798 2190 -Sic
823 2141 897 2208 ergo
920 2123 1023 2188 anima
1046 2125 1146 2190 fidelis
1170 2131 1215 2190 est
1234 2126 1320 2190 locus
1334 2121 1458 2188 suncti-

501 2231 593 2310 totia,
619 2229 810 2296 ernunitutis
825 2235 855 2296 et
880 2229 1065 2316 relipionia,
1088 2229 1321 2324 propterquod
1343 2227 1458 2296 dicitur

501 2335 652 2422 templum
677 2335 746 2404 bet.
872 2407 884 2430 ν

542 2489 551 2500 .
590 2445 641 2508 to.
664 2443 722 2508 Sed
748 2459 833 2522 ecce,
857 2447 1035 2528 peccatores
1061 2441 1167 2526 templi
1186 2443 1280 2508 huius
1302 2441 1457 2526 polluunt

335 2565 481 2630 apianae-
500 2547 712 2626 sanctitatem,
728 2545 854 2612 oiolnnt
879 2549 1101 2626 emunitatem,
1127 2547 1308 2614 immittunt
1332 2545 1457 2630 religio-

348 2619 392 2716 i'ii.
406 2621 481 2674 ΡΜ
500 2671 582 2718 nem.
609 2689 649 2702 —
678 2653 834 2718 Palleant
857 2645 1083 2728 summitatem
1109 2651 1291 2716 Psatnus1:
1320 2675 1335 2706 r
1352 2651 1453 2728 Deus,

500 2765 653 2826 venerunt
668 2763 776 2842 gentas
792 2757 824 2822 in
840 2757 1045 2824 hereditatem
1061 2763 1165 2834 tuam,
1184 2757 1365 2840 polluerunt
1380 2761 1458 2820 tem-

375 2881 479 2928 vnnnr.
500 2863 586 2950 plum
604 2871 747 2928 sanctum
764 2867 855 2926 tuum
869 2887 897 2926 ».
917 2899 958 2908 -
983 2859 1113 2926 Violunt
1128 2861 1337 2926 emunitatem
1347 2881 1359 2934 ;
1376 2857 1458 2924 unde

500 2969 621 3034 Nahum
649 2967 804 3034 secundo:
832 2967 974 3034 «Portae
1006 2965 1176 3032 fluviorum
1207 2971 1333 3050 apertae
1367 2969 1456 3042 sunt,

473 3081 529 3140 et
554 3071 704 3158 templum
737 3071 774 3138 ad
808 3070 908 3138 solum
940 3071 1100 3150 dirutum,
1133 3075 1164 3136 et
1194 3073 1284 3136 miles
1316 3069 1457 3156 captivus

346 3199 478 3242 immutant.
499 3181 651 3246 abductus
677 3187 721 3246 est
740 3205 755 3238 a
772 3183 839 3264 etc.
867 3213 906 3226 --
933 3179 1117 3244 immutant
1146 3177 1356 3262 relipionem,
1383 3175 1458 3260 quia

1052 573 1308 662 contituentes
1331 573 1368 638 lN
1392 571 1557 640 thNNEll
1580 571 1658 638 CAP.
1685 571 1728 638 Ill.
1756 571 1860 636 COLL.
1885 571 1933 636 XI.

1523 767 1647 832 opero:
1688 751 1817 832 propter
1853 745 1974 832 siquo,
2015 751 2053 812 ut
2084 745 2163 814 hic:
2201 743 2300 812 tllnlti
2334 745 2481 812 eredide-

1523 859 1606 918 runt
1629 859 1687 920 ato.
1712 889 1754 900 -
1777 853 1907 934 Propter
1931 851 2029 916 verbu
2042 875 2055 928 ;
2077 851 2197 940 loannis
2225 855 2337 936 quarto
2352 851 2379 916 2:
2414 875 2429 908 c<
2443 851 2481 916 m

1523 957 1625 1024 multo
1650 957 1759 1042 plures
1781 953 1983 1022 crediderunt
2007 961 2135 1040 propter
2160 973 2335 1022 sermonem
2365 955 2433 1022 aius
2447 981 2478 1020 ι.

1523 1061 1719 1146 -Propter
1749 1079 1871 1144 operm·
1901 1059 2021 1126 loannis
2046 1061 2183 1126 decimo:
2212 1087 2229 1120 «
2246 1059 2274 1126 Si
2291 1077 2353 1126 non
2384 1059 2481 1126 vultis

1522 1167 1599 1234 mihi
1625 1169 1770 1246 credere,
1796 1165 1944 1252 operibus
1966 1165 2082 1232 credite
2099 1193 2129 1232 a.

1904 1397 2051 1450 honorario
2069 1397 2094 1450 5.

1614 1593 1713 1678 (Vens.
1742 1591 1818 1676 ih).
1843 1591 1917 1676 Ipse
1934 1599 2044 1658 nutem
2060 1593 2151 1658 leona
2176 1613 2241 1660 non
2257 1591 2409 1658 credebat
2430 1611 2479 1658 se-

1523 1699 1699 1784 metipsum
1723 1697 1778 1764 eto.

1613 1805 1704 1884 Nota,
1728 1803 1812 1890 quod
1835 1801 1980 1870 Christus
2003 1803 2083 1872 cavit
2107 1789 2209 1870 ¹sibia
2235 1805 2358 1886 turbio,
2380 1825 2399 1872 a
2423 1807 2480 1872 lu·
2492 1813 2589 1908 0315th
2599 1811 2643 1908 {gii
2719 1865 2720 1868 ,

1523 1909 1632 1990 eaeo,
1647 1911 1689 1978 aa
1703 1909 1830 1976 aaron
1847 1917 1911 1976 aa
1928 1909 2109 1996 aesopum.
2123 1913 2197 1978 -a
2216 1909 2339 1990 aaron,
2357 1919 2391 1978 n
2409 1913 2478 1978 nra:
2502 1879 2545 1960 vl-
2633 1889 2643 1900 '

1522 2019 1596 2104 lpse
1615 2019 1703 2084 leam
1719 2037 1785 2086 rien
1802 2015 1950 2084 credebat
1964 2017 2174 2102 semetipsum
2189 2021 2244 2084 eia.
2261 2017 2343 2084 -h
2362 2019 2479 2086 tridua·
2496 2021 2620 2068 aranea.

1522 2125 1564 2204 ia,
1581 2123 1702 2190 loannis
1718 2123 1839 2190 decimo
1851 2123 1881 2188 ³:
1899 2121 2126 2206 «Quaerebant
2141 2139 2214 2190 eum
2232 2125 2479 2206 apprehendere,

1521 2239 1554 2296 et
1575 2229 1676 2296 exivit
1697 2229 1737 2298 de
1759 2229 1903 2304 manibus
1928 2247 2038 2296 eorum
2055 2255 2084 2294 a.
2105 2229 2247 2296 ——Cavit
2269 2229 2308 2296 ab
2332 2231 2526 2314 Heraea-tv
2540 2233 2630 2278 aaron.

1521 2339 1623 2404 Lucae
1652 2339 1803 2422 vigesimo
1826 2337 1936 2404 tertio:
1965 2363 1982 2396 (ε
1997 2337 2211 2422 Interrogabat
2240 2355 2312 2404 eum
2345 2339 2480 2410 Herodes

1520 2443 1629 2510 multis
1651 2443 1860 2510 sermonibus.
1883 2445 1921 2510 at
1942 2443 2007 2528 ipsa
2032 2443 2111 2510 nihil
2138 2445 2168 2510 ei
2197 2445 2358 2530 respondit
2372 2473 2404 2512 a,
2435 2485 2479 2494 -

1521 2545 1610 2614 Cavit
1624 2547 1681 2612 sibi
1704 2565 1724 2610 a
1747 2545 1922 2628 discipulis
1929 2571 1939 2622 ;
1963 2539 2062 2614 Lucae
2082 2549 2209 2628 ultimo,
2228 2551 2352 2636 quando
2372 2577 2388 2610 ι(
2405 2549 2640 2620 cumili⁵⁰l¹³¹³l⁸·

1521 2651 1581 2716 illis
1607 2651 1717 2728 ibat»,
1743 2653 1772 2716 et
1797 2655 1898 2716 tamen
1925 2667 1955 2716 se
1979 2653 2041 2716 illis
2063 2671 2123 2718 non
2147 2657 2370 2722 manifestabat.
2397 2695 2439 2706 -
2458 2659 2478 2724 h

1522 2755 1624 2820 turbis
1639 2755 1721 2820 cavit
1734 2758 1863 2838 propter
1875 2755 1999 2820 illorum
2018 2755 2242 2840 infirmitatem
2251 2781 2262 2836 ;
2276 2761 2478 2830 aPharisaois

1521 2865 1650 2944 propter
1679 2859 1805 2926 illorum
1829 2861 2105 2942 peruersitatem·
2126 2863 2168 2928 ab
2197 2863 2315 2930 Herode
2348 2871 2478 2950 propter

1521 2965 1589 3030 eius
1614 2965 1905 3040 euriositotma;a
1934 2965 2094 3052 discipulis
2120 2975 2249 3052 propter
2282 2987 2392 3036 eorum
2417 2971 2478 3038 im-
2585 3027 2586 3032 ,

1517 3069 1749 3156 perfectionem
1757 3093 1770 3148 ;
1795 3069 1909 3136 docens
1928 3091 1986 3138 uos
2000 3091 2112 3142 cavere
2126 3075 2166 3142 ab
2181 3075 2326 3162 iniretis
2351 3085 2379 3142 et
2401 3097 2477 3164 per-

1520 3175 1626 3242 oeraia
1649 3183 1681 3244 et
1701 3169 1845 3244 oortoata
1868 3181 1899 3242 et
1923 3177 2013 3244 etiam
2039 3177 2266 3268 ahquandoab
2291 3181 2419 3250 amieis.

500 3283 648 3370 templum
674 3293 703 3352 et
719 3301 793 3350 vasa
817 3283 885 3350 eius
907 3283 1015 3348 alienis
1037 3283 1146 3350 usibus
1164 3287 1342 3366 exponunt;
1365 3281 1457 3366 primi
1528 3367 1529 3370 Ἴ

500 3391 758 3456 ltlaobabaeorum
789 3389 946 3456 secundo:
977 3415 994 3448 «
1009 3391 1121 3456 Sancta
1150 3389 1183 3454 in
1213 3407 1326 3454 manus
1350 3393 1455 3454 extra-

499 3513 630 3562 neorum
653 3495 734 3562 lacta
758 3499 848 3574 sunt3
875 3494 1024 3580 templum
1050 3495 1104 3560 Dei
1136 3493 1218 3562 sicut
1249 3495 1344 3560 homo
1372 3493 1457 3580 igno·
1490 3543 1491 3550 .

498 3601 585 3682 bilis3
611 3619 684 3670 vasa
705 3601 774 3668 eius
799 3601 921 3684 captiva
942 3601 1076 3666 abducta
1097 3607 1173 3668 suot
1188 3629 1217 3666 a.
1237 3637 1277 3650 --
1295 3601 1456 3684 Templum

499 3709 576 3774 illud
599 3715 681 3776 esset
707 3707 944 3774 mundandum
974 3725 1030 3794 per
1061 3708 1200 3774 dolorem
1232 3707 1455 3794 poenitentiae,

499 3821 579 3882 esset
608 3813 890 3900 reaedificandum
915 3831 971 3898 per
999 3813 1176 3898 protectum
1198 3813 1353 3892 iustitiae,
1376 3819 1457 3880 esset

491 3903 690 3988 'ornandam
712 3939 768 4006 per
793 3919 937 3986 decorem
962 3919 1119 3988 scientiae.

882 4147 1026 4198 dnnorano
1049 4147 1070 4200 i.

593 4344 694 4426 (Vere.
719 4341 798 4424 ιι).
822 4341 949 4428 Sipno,
984 4361 1067 4428 quoe
1098 4339 1260 4426 foetebat,
1293 4341 1454 4420 uidentes,

499 4447 597 4514 mvelti
621 4447 831 4512 erediderunt
855 4447 889 4510 in
912 4445 1045 4512 nomine
1067 4447 1148 4510 eius.

533 4553 535 4558 ’
587 4555 688 4648 Nota„
702 4553 787 4638 quod
804 4551 899 4636 aliqui
923 4551 1124 4620 crediderunt
1148 4551 1179 4618 in
1199 4551 1359 4618 Christum
1383 4571 1455 4636 pro-

332 4643 485 4744 Ἢξῆῗξξξξξ
499 4663 568 4744 pter
603 4661 716 4744 siquo,
752 4657 848 4744 aliqui
873 4663 1002 4742 propter
1037 4657 1158 4736 uerbo,
1193 4657 1292 4744 aliqui
1325 4665 1454 4742 propter

1906 3407 2049 3460 honorario
2069 3409 2095 3460 6.

1542 3625 1543 3628 “
1611 3601 1710 3682 (Vers.
1737 3601 1812 3682 ab).
1847 3601 1920 3686 lpse
1945 3601 2033 3666 enim
2061 3601 2202 3682 sciebat,
2228 3603 2307 3692 qnid
2332 3613 2412 3670 esset
2441 3605 2478 3670 in

1520 3703 1659 3772 homine.

1610 3813 1699 3892 Nota,
1725 3811 1808 3898 quod
1823 3811 1919 3880 horno
1932 3813 2086 3898 accipitur
2106 3815 2280 3902 tripliciter.
2304 3817 2476 3902 Aliquando
2493 3817 2641 3926 “iiiiii

1520 3919 1674 4004 accipitur
1696 3937 1754 4002 pro
1777 3915 1963 4006 (cupititate
1992 3927 2155 4000 nutverue,
2178 3927 2216 3988 ut
2237 3923 2270 3988 in
2303 3923 2424 3988 Psalmo
2440 3925 2475 3988 4:
2517 3925 2608 3982 paratur.

1526 4027 1662 4092 «Sciant
1690 4031 1815 4110 gentas,
1849 4027 1994 4110 quoniam
2028 4027 2168 4096 homines
2198 4033 2317 4096 sunt».
2352 4067 2394 4078 -
2417 4031 2476 4096 hli-

1520 4133 1645 4216 quando
1663 4151 1720 4216 pro
1737 4131 1981 4198 inordinatione
1992 4135 2288 4220 concupiscentium
2301 4135 2421 4218 prinae
2438 4137 2476 4202 ad

1520 4235 1695 4302 Corinthios
1721 4237 1828 4304 tertio:
1859 4239 1968 4304 «Cum
1991 4239 2033 4306 sit
2054 4239 2135 4306 inter
2159 4259 2215 4306 vos
2237 4241 2323 4306 zelus
2351 4249 2381 4306 et
2405 4261 2476 4308 con-

1520 4343 1632 4418 tentio,
1659 4361 1759 4408 nonne
1785 4343 1923 4412 carnales
1954 4345 2028 4412 estis
2054 4351 2086 4412 et
2115 4345 2288 4412 secundum
2318 4345 2476 4412 hominem

1520 4447 1687 4514 avnbulatis
1704 4455 1741 4512 at
1768 4485 1806 4492 -
1832 4447 2002 4532 Aliquando
2028 4469 2085 4534 pro
2108 4451 2266 4538 tiipnimte
2290 4471 2452 4536 personne
2465 4477 2475 4530 ‚·
2524 4471 2526 4476 ’

1520 4553 1692 4636 Sapientiae
1718 4571 1815 4618 nono:
1840 4551 2060 4622 «Constituisti
2079 4557 2254 4636 hominem,
2279 4563 2314 4622 ut
2339 4557 2477 4624 domina·

1521 4665 1611 4726 retur
1634 4659 1719 4724 ramni
1742 4665 1923 4738 creaturae,
1948 4679 2030 4744 quae
2051 4679 2070 4726 a
2095 4667 2123 4726 te
2147 4663 2226 4730 lacta
2249 4668 2296 4728 est
2311 4691 2343 4728 a.

1041 4907 1224 4972 Cambonum
1247 4906 1293 4972 lll.
1319 4909 1403 4972 Erat
1426 4915 1538 4972 nutem
1559 4905 1656 4974 bomo
1672 4927 1711 4974 en
1731 4905 1937 4974 Phorisueia.

866 5155 1025 5208 COLLATlO
1046 5157 1087 5208 Xl.

587 5369 687 5446 (Pars
704 5367 759 5450 ln).
780 5367 947 5450 Quomodo
959 5373 1065 5454 potest
1080 5365 1175 5434 homo
1190 5365 1302 5446 nosci,
1319 5385 1397 5432 eum
1408 5365 1456 5432 'ait

499 5471 623 5538 aeneae?l
1292 5553 1293 5556 Ἴ

592 5581 618 5644 l.
642 5577 745 5644 Verba
768 5577 827 5644 ista
852 5585 925 5644 sunt
955 5579 1112 5644 Nicodemi
1136 5579 1175 5644 de
1198 5577 1304 5644 verbis
1334 5575 1456 5644 Domini

350 5699 482 5798 qtrqiqqugq
499 5683 690 5764 dubitantis,
715 5683 767 5770 qui
782 5683 863 5750 ideo
882 5683 1071 5768 quaerebat,
1097 5683 1171 5768 quia
1186 5683 1384 5750 nativitatum
1401 5681 1458 5748 dif-

500 5791 645 5858 ferentias
671 5791 842 5876 ignorabat.
872 5791 916 5856 hd
938 5791 1031 5856 cutm
1057 5791 1247 5874 quaestionis
1271 5789 1458 5856 solutionem

500 5899 671 5962 notandum
694 5905 757 5976 est,
776 5897 979 5980 multiplicem
995 5915 1062 5964 εεεε
1079 5897 1284 5964 nativitatem.
1305 5895 1357 5962 Est
1373 5895 1456 5962 enim

500 6225 569 6278 rium
588 6233 637 6278 ete.
650 6243 657 6278 ε
671 6223 828 6288 Emunitoa,
849 6225 978 6277 Hostlensi
990 6225 1014 6276 tn
1030 6229 1137 6280 Summa
1151 6232 1188 6280 est
1208 6229 1313 6280 libertas
1332 6241 1456 6280 concessa

500 6313 621 6366 Ecclesiis
633 6315 676 6366 vel
688 6313 869 6364 ecclesiasticis
881 6313 999 6376 personis
1012 6319 1039 6366 et
1050 6313 1130 6368 rebus
1144 6315 1199 6368 aliis
1211 6315 1244 6368 ad
1264 6329 1307 6366 eas
1320 6313 1458 6380 spectanti·

500 6401 567 6466 bus;
589 6409 614 6454 et
631 6403 728 6454 dicitnr
746 6399 780 6452 ab
797 6403 878 6454 emtro
897 6407 922 6454 et
939 6401 1050 6468 maenia,
1073 6403 1099 6456 id
1117 6409 1158 6458 ast
1175 6403 1259 6456 officia
1279 6403 1320 6454 vel
1333 6415 1456 6466 onera,a

501 6489 600 6556 quibus
617 6491 746 6542 Ecclesiae
765 6495 824 6542 sont
845 6489 983 6544 immunes.
1001 6489 1052 6544 Clr.
1072 6493 1152 6544 etiarn
1163 6491 1312 6556 teredini,
1331 6493 1457 6558 Leainon„

501 6575 548 6628 ubi
561 6577 666 6646 dicitur,
675 6577 747 6644 quod
756 6577 829 6628 multi
845 6577 933 6640 legunt
945 6577 1018 6642 apud
1032 6579 1138 6630 Tertull.
1152 6577 1286 6634 emunitus
1297 6595 1347 6646 pro
1358 6579 1458 6632 immu-

502 6663 580 6718 nitos.
594 6693 628 6704 -
641 6667 662 6716 B
673 6673 734 6730 post
745 6663 900 6718 emunitatis
913 6665 1028 6718 secunda
1043 6681 1122 6718 manu
1136 6667 1210 6720 addit
1223 6667 1250 6720 id
1262 6671 1301 6722 est
1318 6667 1457 6724 libertatis.

572 6745 582 6776 ²
604 6751 694 6802 Psalm.
713 6751 760 6814 78,
784 6753 806 6802 l.
824 6781 860 6792 —
879 6751 1030 6818 Sequuntur
1055 6755 1159 6806 Nahum
1188 6757 1220 6818 2,
1247 6753 1275 6808 6.
1302 6769 1358 6822 seq.
1386 6759 1412 6806 et
1439 6755 1458 6806 l.

500 6835 619 6888 blachah.
641 6841 671 6904 2,
690 6841 717 6892 8.
737 6853 811 6906 seqq.

1519 5157 1665 5224 nativitas
1679 5165 1824 5224 victurae
1841 5193 1880 5206 -
1898 5157 2042 5226 nativitas
2057 5159 2172 5244 eulpae
2183 5199 2228 5210 —-
2239 5161 2385 5228 nativitas
2395 5181 2476 5248 qro-

1502 5285 1503 5288 “
1520 5263 1593 5330 tioe.
1610 5261 1757 5330 Nativitas
1774 5271 1918 5330 naturae
1933 5271 1980 5332 est
1995 5267 2181 5346 miseranda,
2199 5267 2344 5334 nativitas
2359 5269 2475 5354 eulpae

1518 5369 1713 5450 detestanda,
1736 5369 1880 5436 nativitas
1903 5371 2036 5458 proiice
2057 5375 2242 5442 veneranda.

1608 5479 1638 5542 i.
1664 5477 1708 5542 De
1731 5475 1891 5542 nativitate
1913 5485 2079 5556 nuturoe;
2097 5479 2150 5546 lob
2171 5479 2325 5564 quinto⁵:
2347 5505 2362 5536 <t
2379 5479 2642 5578 Homonafflffiqlggl,

1520 5581 1661 5648 nascitur
1682 5581 1723 5648 ad
1745 5581 1901 5662 lahorem,
1925 5583 2044 5650 atavis
2066 5585 2105 5650 ad
2135 5585 2271 5650 volatum
2287 5609 2319 5664 ›>;
2343 5593 2374 5650 et
2398 5587 2555 5652 haethfe-

1520 5689 1566 5752 εει
1591 5685 1806 5764 miserabilis,
1832 5687 1906 5772 quia
1928 5687 2028 5770 ipsam
2051 5689 2194 5774 sequitur
2218 5689 2404 5774 poenaliter
2426 5689 2640 5788 vilttquffv

1522 5797 1591 5870 toe,
1619 5793 1794 5860 necessitas
1828 5793 1945 5860 anomia
1975 5799 2005 5858 et
2040 5795 2226 5862 adversitas
2257 5815 2401 5884 popone.
2432 5833 2472 5846 -·-

1521 5895 1619 5980 ipsam
1646 5899 1788 5984 sequitur
1800 5897 1986 5982 poenalitas
2010 5899 2115 5978 eitum
2132 5901 2319 5988 lohqdeoimo
2342 5911 2472 5986 quarto:
2493 5901 2586 5946 rumas.

1592 6225 1695 6282 ²itero.
1719 6229 1761 6280 ιι.
1779 6255 1814 6268 -
1835 6227 1953 6280 Subinde
1970 6229 2095 6296 allegatur
2115 6233 2183 6286 toan.
2205 6233 2251 6298 ιιι,
2271 6235 2314 6286 38.
2330 6231 2382 6286 Clr.
2394 6247 2472 6298 supra

1520 6313 1664 6370 Commeat.
1685 6317 1710 6368 in
1728 6331 1752 6370 c.
1772 6317 1794 6368 a.
1814 6331 1842 6370 n.
1862 6315 1906 6368 50.

1591 6403 1695 6460 ‘Vera
1726 6407 1770 6474 39.
1797 6431 1835 6444 -
1863 6405 1920 6458 Duo
1953 6421 2027 6474 seqq.
2057 6407 2105 6460 loci
2138 6415 2199 6462 sunt
2228 6409 2291 6460 Luc.
2320 6409 2367 6476 23,
2395 6409 2420 6462 9.
2449 6417 2472 6464 ει

1520 6491 1568 6554 at,
1591 6493 1631 6546 tt.
1652 6507 1725 6562 seqq.

1591 6577 1713 6634 ‘Psulm
1732 6583 1763 6646 9,
1785 6583 1829 6634 bl.
1846 6611 1880 6622 -
1901 6581 2019 6636 Subinde
2045 6585 2189 6650 allegantur
2216 6587 2233 6638 l.
2261 6583 2375 6648 Cor.=3,
2398 6587 2423 6638 3.
2449 6591 2473 6638 ει

1522 6667 1583 6730 Sap.
1602 6669 1633 6732 9,
1654 6673 1676 6720 ι.

1592 6753 1697 6810 ⁶Vers
1718 6759 1743 6810 7.
1766 6787 1798 6796 -
1819 6761 1968 6826 Sequuntur
1986 6759 2031 6812 lob
2051 6761 2098 6824 ll,
2120 6763 2129 6812 l
2146 6777 2152 6826 ;
2171 6763 2232 6826 Sap.
2257 6763 2283 6824 2,
2304 6763 2328 6814 2.
2343 6763 2409 6828 eth,
2429 6763 2470 6824 133

1523 6845 1604 6896 Eccle.
1627 6845 1657 6910 i,
1676 6847 1729 6898 ι-3.
