5908 8266
531 559 596 628 666

532 741 683 822 guentam
707 735 931 816 contritionis,
957 737 1041 824 quod
1064 733 1275 822 significatum
1298 737 1396 804 estin
1416 737 1487 818 illo,

327 847 329 852 ’
422 919 425 924 ,
531 841 631 910 Lucae
655 841 1146 928 septtm01stoorpntscooptr
1163 841 1281 928 ripere
1299 843 1399 928 pedes
1417 843 1500 908 eins

531 955 558 1014 ot
574 951 738 1032 nnpnento
762 945 914 1032 anpebat.
939 985 980 994 -
1007 947 1212 1028 Deuotionis,
1235 953 1268 1014 et
1289 949 1350 1016 hoo
1370 949 1488 1034 signifi-

531 1057 635 1120 catum
658 1059 706 1120 est
728 1053 780 1120 bic
802 1061 834 1120 et
856 1055 1001 1120 Matthaei
1019 1053 1167 1140 vigesimo
1184 1059 1275 1120 sexto
1287 1055 1321 1120 2ε
1341 1053 1424 1120 Cura
1440 1075 1496 1120 66-ι

529 1165 576 1222 set
598 1157 690 1222 Jesns
715 1159 750 1222 in
766 1159 861 1224 domo
878 1159 1024 1228 Simonis
1038 1159 1178 1246 leprosi,
1196 1159 1335 1228 66666666
1349 1159 1398 1228 66
1411 1179 1487 1228 enrn

530 1261 652 1328 mulier
673 1259 796 1330 babens
819 1263 1032 1330 alabastrum
1054 1263 1217 1350 nnpnenti
1226 1263 1367 1348 pretiosi
1390 1273 1419 1330 et
1440 1263 1486 1352 cf-

529 1365 618 1454 66666
641 1387 741 1454 snper
764 1377 865 1456 capnt
888 1369 994 1456 apricos
1018 1369 1243 1438 recumbentis.
1271 1411 1311 1418 -
1332 1369 1486 1458 Compas-

529 1471 652 1552 sionis,
675 1481 708 1540 et
729 1475 790 1542 hoc
812 1477 907 1542 Marci
929 1477 1089 1544 ultimo³:
1112 1477 1227 1544 Maria
1242 1477 1444 1564 Mopdaiena
1459 1487 1487 1546 ct
1553 1541 1554 1544 ,

447 1597 450 1604 ’
528 1569 644 1644 Maria
664 1579 778 1646 iacobi
797 1587 830 1648 ct
851 1581 980 1648 Saturne
1002 1589 1152 1648 emerant
1172 1587 1349 1664 aromata,
1375 1591 1412 1652 nt
1434 1607 1485 1652 oe-

389 1771 392 1776 ,
445 1699 509 1744 aaa.
528 1681 651 1750 aientes
679 1695 841 1772 naporent
870 1687 990 1754 lesam,
1016 1723 1056 1738 -
1082 1687 1184 1754 Primo
1208 1693 1368 1774 unguento
1391 1691 1484 1758 inun-

527 1795 650 1874 guntur
665 1793 787 1876 pedes‚·
819 1795 973 1874 secundo,
998 1801 1123 1880 capnt,·
1147 1795 1239 1862 tortio
1263 1813 1355 1876 raro,
1382 1807 1484 1864 toton

529 1895 663 1964 Domini
684 1901 842 1986 corpns4.

888 2107 1116 2200 Qulasmonns

1229 559 1421 638 COMMENT.
1446 563 1483 630 IN
1506 561 1671 630 IOANNEM
1695 565 1726 632 C.
1751 565 1812 632 xtl.

1550 739 1632 806 alter
1653 741 1728 808 dicit
1750 759 1807 828 per
1832 739 2146 824 recapitulationem.
2169 743 2207 808 Et
2221 759 2278 826 per
2293 743 2355 810 hoc
2371 743 2506 814 solvitur

1550 843 1691 930 primum
1703 871 1712 926 ;
1735 847 1811 932 qula
1834 845 2007 914 Matthaeus
2036 847 2271 934 recapitulando
2300 847 2393 928 dicit,
2425 849 2507 916 sicut

1550 949 1665 1020 ibidem
1691 953 1826 1018 ostendit
1837 951 1858 1016 ⁹.
2375 959 2376 962 ’

1642 1059 1782 1126 Secunda
1813 1057 1921 1142 regula
1952 1063 2018 1138 est,
2048 1059 2133 1144 qnod
2159 1075 2244 1124 unus
2266 1057 2402 1138 omittit,
2427 1058 2506 1126 alter
2524 1075 2632 1120 satanas.

1550 1161 1651 1242 dicit,·
1673 1169 1706 1230 et
1727 1167 1902 1246 utrumque
1925 1159 2041 1228 lactum
2074 1169 2138 1244 est,
2168 1161 2223 1230 sed
2246 1181 2309 1228 non
2331 1167 2506 1248 utrumque

1550 1267 1593 1334 ab
1613 1275 1752 1354 utroque
1774 1267 1912 1346 dictum3
1939 1267 1982 1334 slc
2006 1269 2139 1336 solvitur
2161 1267 2352 1336 secundum:
2378 1269 2452 1354 quia
2474 1273 2507 1336 et

1548 1373 1644 1458 pedes
1665 1373 1761 1440 unxit
1790 1379 1824 1440 et
1844 1371 1956 1438 deinde
1978 1379 2080 1440 totum
2103 1393 2199 1462 super
2228 1381 2322 1460 caput
2344 1375 2504 1440 elludit10.

1639 1479 1743 1546 Tertia
1766 1479 1877 1564 regula
1898 1485 1962 1558 est,
1987 1481 2072 1566 quod
2087 1501 2155 1548 mos
2171 1487 2217 1550 est
2233 1479 2504 1566 Evangelistarum
2522 1497 2606 1542 rana.

1547 1583 1704 1668 pluralem
1725 1601 1896 1650 numerum
1919 1601 1977 1668 pro
2001 1585 2152 1670 singulari
2176 1605 2292 1672 ponere
2316 1603 2373 1672 per
2395 1603 2505 1672 synec-

1547 1689 1691 1768 dochen3
1714 1693 1747 1756 et
1769 1689 1838 1756 ideo
1859 1687 2013 1756 dixerunt
2033 1689 2103 1768 alii,
2136 1693 2220 1774 quod
2250 1693 2394 1778 discipuli
2425 1689 2504 1758 indi-

1547 1793 1660 1882 gnati,
1674 1795 1804 1862 loannes
1826 1793 1977 1880 exprimit
1999 1795 2143 1880 proprie,
2167 1795 2241 1882 quis
2261 1797 2404 1864 tuerit11.

1639 1903 1689 1968 62.
1713 1903 1837 1984 Quaest.
1862 1899 1896 1968 ll.
1920 1899 1998 1966 Item
2017 1901 2183 1984 quaeritur
2204 1901 2245 1968 de
2265 1903 2325 1968 hoc
2348 1903 2435 1988 quod
2456 1901 2503 1968 di-

1546 2007 1589 2074 oit
1612 2007 1824 2092 Evangelista,
1842 2011 1871 2074 l.
1888 2005 1971 2092 quod
1988 2005 2078 2074 ladas
2092 2005 2138 2074 sic
2152 2007 2257 2086 discit,
2279 2025 2347 2074 non
2368 2007 2448 2094 puio
2463 2009 2503 2074 66

1546 2113 1654 2200 epenis
1674 2113 1859 2200 pertinebat
1883 2113 1929 2180 ool
1949 2131 2032 2178 enat.
2058 2147 2102 2160 -
2126 2113 2189 2180 Sed
2209 2117 2349 2178 contra:
2368 2113 2441 2178 Erat
2454 2111 2502 2178 di·
2570 2117 2571 2120 ’

1447 2227 1448 2230 ’
1547 2225 1731 2306 spensator:
1757 2239 1831 2308 ergo
1853 2219 2038 2306 pertinebat.

503 2289 504 2292 Ἴ
616 2325 666 2390 ll.
692 2325 816 2410 Quaest.
840 2329 860 2392 Ι.
887 2329 946 2396 Sed
968 2329 1136 2414 quaeritur
1161 2311 1213 2396 hic
1236 2329 1339 2414 primo
1361 2329 1400 2398 de
1423 2331 1483 2396 hoo

526 2429 609 2514 quot
633 2431 730 2512 aicta·
754 2435 838 2518 quod
869 2443 945 2500 ante
965 2455 1024 2500 sea
1046 2435 1116 2502 dioc
1139 2433 1291 2500 Paschae
1315 2437 1402 2502 uertit
1423 2437 1482 2500 Dc-

527 2533 696 2620 tianiarn,
720 2539 775 2608 urbi
798 2546 914 2608 unctus
938 2547 984 2608 est
1009 2561 1026 2608 a
1049 2541 1162 2626 Maria:

617 2645 645 2708 l.
669 2643 750 2728 Quia
771 2645 1098 2728 blatthaei'uigesimo
1112 2643 1227 2710 sexto⁵
1251 2643 1389 2710 dicitur:
1413 2643 1482 2710 Sci-

359 2743 585 2824 conturbastis,
608 2745 692 2832 qnia
710 2755 784 2830 post
808 2747 948 2814 bidnrtrn
970 2745 1104 2814 Pascha
1127 2747 1200 2832 det,
1223 2755 1256 2812 et
1281 2753 1366 2830 post,
1397 2747 1481 2830 quod

395 2823 470 2866 'm‘
524 2849 561 2914 in
584 2849 678 2916 domo
704 2851 847 2920 Simonis
871 2859 986 2920 unctus
1010 2859 1056 2920 est
1079 2873 1098 2918 a
1121 2851 1233 2920 blasio:
1259 2869 1334 2938 ergo
1356 2851 1481 2920 videtur

524 2971 582 3038 per
604 2953 744 3020 bianum
767 2963 860 3034 anto,
887 2963 916 3024 et
938 2955 988 3024 bic
1005 2957 1138 3036 dicitur,
1154 2955 1239 3040 quod
1256 2973 1314 3040 per
1328 2977 1386 3022 sec
1400 2959 1479 3024 atos.

613 3063 644 3126 2.
672 3061 748 3128 ltem
773 3061 920 3130 obiicitur
943 3063 981 3130 de
1005 3065 1065 3130 hoc
1088 3061 1173 3148 quod
1196 3063 1286 3144 dicit,
1312 3063 1395 3148 quod
1418 3083 1480 3130 nn-

401 3179 507 3226 secunta.
524 3167 576 3232 nit
596 3167 714 3250 pedes,
737 3169 813 3254 quia
842 3169 957 3238 dicitur
988 3169 1134 3238 Matthaei
1163 3169 1315 3254 vigesimo
1344 3169 1480 3250 sexto⁶,

524 3271 608 3356 quod
632 3269 747 3358 effudit
767 3291 869 3358 snper
892 3279 994 3358 capnt
1015 3273 1096 3340 eins.
1121 3271 1149 3338 Si
1174 3273 1283 3340 eliudlt
1307 3291 1403 3358 super
1427 3291 1478 3340 aa·

503 3385 597 3462 put,
623 3379 778 3464 quomodo
802 3379 897 3446 unxit
918 3379 1041 3466 pedes?
1242 3449 1245 3454 .

612 3485 642 3550 3.
666 3485 761 3564 llam,
784 3485 823 3552 de
845 3487 906 3552 alia
938 3487 1176 3564 contrarietate,
1206 3487 1281 3572 quia
1312 3485 1480 3552 6666166-

521 3703 629 3764 autem
650 3695 783 3776 dicitur,
807 3697 893 3784 quod
914 3717 1007 3764 nans
1025 3697 1242 3784 indipnatns,
1265 3697 1383 3766 scillcet
1404 3715 1479 3784 pro-

521 3799 618 3880 ditor.¹
1412 3891 1416 3898 .

608 3909 652 3976 66
677 3911 733 3976 has
756 3915 822 3978 tres
843 3911 1081 3980 contrarietates
1105 3911 1239 3980 soluitur
1262 3929 1319 3996 per
1342 3917 1407 3978 tres
1429 3929 1478 3976 re-

292 4045 294 4052 6
356 4015 611 4136 6666636616
633 4015 815 4102 Augustini,
838 4017 878 4084 de
900 4017 1061 4086 consensu
1083 4017 1398 4102 evangelistarum

469 4111 474 4124 '
527 4185 529 4190 ,
611 4123 730 4202 Prima,
759 4123 843 4208 quod
874 4123 1065 4204 notandum,
1087 4123 1173 4210 quod
1195 4123 1363 4210 aliquando
1393 4141 1479 4192 unus

421 4239 502 4284 Prima·
519 4227 714 4314 Evangelisla
737 4229 855 4314 aliquid
878 4225 952 4298 dicit
975 4231 1149 4296 secundum
1166 4229 1284 4296 seriens
1301 4227 1476 4308 historiae,

575 4655 600 4712 ,²
622 4657 696 4712 Vers.
716 4659 759 4710 38.

589 4741 600 4774 ²
621 4747 694 4800 Vers.
713 4747 739 4798 6.
758 4759 814 4814 seq.
830 4743 939 4799 Plsuimi
966 4745 1046 4798 codd.
1073 4745 1139 4800 tiam
1165 4743 1331 4800 recumberet
1350 4751 1409 4812 eta,
1430 4747 1476 4798 clr.

509 4837 597 4904 llere.
617 4835 662 4900 ll,
683 4837 706 4888 3.
1219 4903 1220 4906 Ἴ
1325 4831 1432 4888 866666.
1451 4837 1476 4908 l,

589 4919 601 4952 ⁴
621 4921 674 4976 Clr.
692 4925 825 4988 bernard,
844 4923 928 4976 Serra.
947 4923 991 4978 87.
1008 4923 1051 4976 'de
1073 4921 1189 4978 Diversis
1208 4921 1282 4998 (alias
1301 4923 1344 4974 62.
1367 4937 1396 4976 ex
1415 4925 1476 4976 Par-

519 5011 570 5078 vis)
589 5027 617 5064 n.
635 5011 666 5074 6;
688 5011 768 5062 Serm.
789 5011 831 5064 90.
852 5011 885 5064 de
912 5011 1028 5064 Diversis
1058 5011 1131 5080 (allas
1155 5011 1198 5064 55.
1217 5017 1244 5062 et
1262 5011 1305 5064 56.
1323 5025 1355 5064 ex
1373 5011 1474 5080 Partis)

519 5113 568 5164 per
585 5103 685 5164 totum;
704 5101 787 5152 Serm.
806 5101 831 5152 in
851 5099 924 5154 Cant.
943 5113 1020 5152 serm.
1044 5101 1086 5152 66.
1106 5115 1131 5152 6.
1151 5099 1176 5152 6.
1195 5113 1269 5166 seqq.
1289 5105 1314 5152 et
1332 5089 1413 5152 66666.
1433 5101 1474 5152 62.

518 5203 545 5242 u.
565 5189 590 5240 l.
609 5203 685 5254 seqq.
1404 5179 1405 5182 ’

589 5273 695 5330 ⁵Vers.
711 5279 742 5330 2.
762 5283 788 5330 66
807 5277 831 5330 6.
851 5305 885 5316 -
905 5279 973 5332 6666.
994 5277 1035 5344 tr,
1057 5277 1086 5330 l:
1105 5281 1177 5330 lesus
1195 5289 1260 5342 ergo
1279 5281 1338 5328 autc
1358 5291 1401 5330 sex
1421 5275 1478 5332 dies

518 5365 633 5416 Paschae
650 5369 698 5416 etc.
916 5421 917 5424 ¹
1321 5359 1333 5392 ⁶
1353 5363 1428 5416 Vere.
1446 5361 1473 5416 7.

589 5449 600 5482 ¹
621 5453 708 5504 llalth.
728 5453 777 5516 26,
796 5455 819 5504 a
839 5479 876 5494 -
892 5453 964 5506 loen.
984 5455 1034 5516 62,
1054 5453 1082 5504 l:
1103 5449 1170 5504 Dixit
1188 5463 1252 5516 ergo
1272 5467 1341 5504 unus
1361 5455 1408 5504 etc.

589 5539 601 5570 ⁸
620 5539 689 5594 Llhr.
707 5543 738 5594 ll.
755 5555 778 5592 c.
797 5539 839 5592 78.
860 5545 884 5594 66
902 5539 945 5594 78.
964 5557 990 5594 n.
1011 5541 1136 5596 tae-lte.
1475 5597 1476 5600 ¹

526 5665 527 5668 ,
588 5627 681 5682 ilos.
698 5629 741 5682 cit.
760 5643 786 5682 n.
807 5629 871 5682 l53:
890 5631 942 5682 Sed
960 5629 1007 5698 qui
1036 5631 1068 5682 lta
1097 5635 1236 5704 moventur
1259 5629 1431 5698 [llallhaeum
1448 5635 1476 5682 et

518 5721 633 5772 Marcum
653 5733 710 5770 esse
729 5719 873 5771 contrarios
891 5719 992 5786 loanni]
1015 5733 1067 5772 non
1097 5719 1253 5782 intelligunt,
1273 5721 1430 5772 lllatthaemn
1448 5725 1476 5770 66

520 5809 636 5862 Marcum
648 5807 710 5860 illud
725 5807 836 5884 quodtin
849 5807 975 5860 Bethania
987 5807 1021 5860 de
1034 5811 1170 5872 unguento
1183 5809 1281 5860 6666666
1295 5811 1359 5872 erat,
1371 5803 1475 5872 recapi-

505 5895 631 5950 6666666
644 5895 771 5962 posuisse,
785 5909 839 5948 non
848 5897 913 5962 post
924 5895 994 5947 illam
1007 5895 1043 5946 de
1055 5893 1135 5948 biduo
1149 5895 1371 5958 praedicationem
1384 5907 1474 5960 suam,

519 5985 567 6040 sed
578 5989 642 6040 anto
652 5985 705 6038 iam
720 5987 831 6046 lactum,
851 5997 912 6036 cunt
925 5983 1011 6034 adhuc
1024 5995 1068 6036 sex
1081 5983 1138 6034 dies
1151 5987 1238 6034 essert
1251 5983 1284 6034 66
1298 5983 1405 6034 Pascha.
1418 5981 1473 6032 Non

518 6075 588 6126 enim
616 6073 756 6142 quisquam
780 6085 886 6136 eorum,
906 6085 967 6124 cum
995 6069 1113 6136 dixisset,
1132 6073 1192 6134 post
1217 6069 1328 6122 biduum
1358 6073 1478 6122 loturum

517 6161 630 6228 Pascha,
650 6161 688 6214 sic
705 6161 823 6214 66666666
839 6153 878 6212 66
891 6157 934 6210 illo
954 6159 1021 6210 lacto
1040 6153 1067 6210 in
1085 6155 1224 6220 Bethania,
1244 6161 1272 6208 ut
1285 6155 1397 6208 diceret:
1411 6155 1476 6208 Post

516 6247 595 6316 baec,
615 6263 677 6302 eum
694 6253 762 6304 esset
775 6247 948 6310 inBethania;
971 6247 1017 6300 sed
1037 6247 1181 6298 Matthaeus
1196 6243 1319 6310 quidem:
1342 6243 1410 6298 Ontn
1427 6257 1474 6296 66-

518 6339 570 6392 tera
583 6339 665 6402 essct,
681 6337 777 6404 lnquit,
791 6335 864 6392 losns
876 6335 907 6390 in
918 6333 1065 6402 Bethania·
1085 6337 1186 6388 Mmcus
1199 6337 1302 6384 autom:
1321 6331 1389 6386 Gom
1409 6333 1476 6386 osset

516 6423 679 6494 6666666666,Ι
696 6427 769 6492 quod
782 6427 873 6492 utique
884 6423 1049 6490 intelligitur,
1061 6427 1087 6476 el
1102 6427 1242 6489 antequam
1256 6421 1473 6484 illadicerentur‚

516 6529 585 6580 quae
604 6519 664 6568 ante
682 6513 795 6568 biduum
811 6515 926 6568 Paschae
938 6513 1007 6566 dicta
1026 6517 1086 6568 sont
1104 6517 1153 6566 666.
1172 6509 1223 6564 Cir·¹
1237 6523 1317 6574 supra
1329 6523 1392 6574 pag.
1413 6507 1475 6570 268,

515 6607 577 6654 nota
597 6607 622 6656 2.

587 6687 611 6720 ²⁰
628 6689 694 6744 lbid.
712 6707 738 6744 n.
757 6691 823 6744 lib:
842 6693 882 6744 llle
902 6697 990 6744 autem
1002 6691 1188 6754 calumniator,
1201 6689 1223 6742 si
1236 6695 1290 6742 tarn
1307 6685 1473 6754 pertinaciter

518 6789 612 6830 666666
630 6785 682 6842 est,
699 6787 730 6832 ut
747 6775 974 6844 evangelistarum
992 6771 1163 6834 concordiam
1190 6779 1227 6832 de
1243 6777 1374 6830 alabastro
1393 6777 1474 6828 lraoto

517 6861 609 6932 [Marc.
627 6863 672 6928 64,
689 6865 725 6934 3.]
745 6871 865 6932 frangere
883 6853 1004 6930 conetur,
1023 6869 1098 6934 prius
1115 6865 1227 6930 accipiat
1244 6867 1365 6930 pertusos
1382 6863 1474 6928 pedae,

1637 2329 1665 2392 2.
1692 2327 1766 2392 ltem
1789 2325 1882 2408 dicit,
1913 2325 1999 2410 quod
2020 2323 2082 2412 far*
2105 2331 2181 2392 erat
2200 2331 2230 2390 et
2256 2323 2378 2390 locatos
2405 2321 2503 2390 6666-

1547 2431 1602 2498 666
1613 2455 1626 2510 ;
1648 2431 1732 2500 6666
1757 2439 1821 2512 est,
1844 2433 1929 2518 quod
1958 2431 2112 2500 Dominus
2139 2431 2262 2500 volebat
2292 2429 2355 2498 luri
2383 2429 2502 2496 loculos

1546 2537 1768 2604 committeret
1790 2575 1835 2586 -
1857 2537 2008 2616 Videtur,
2031 2539 2117 2622 quod
2142 2521 2232 2606 daret
2255 2537 2282 2604 ei
2307 2535 2500 2604 occasionem

1542 2641 1703 2724 peccandi.
1780 2661 1782 2664 ·
2092 2659 2093 2662 ’

1636 2745 1665 2812 3.
1691 2747 1782 2826 Item,
1808 2763 1906 2832 quare
1930 2765 1992 2812 non
2015 2747 2169 2832 corripuit
2183 2767 2257 2814 eum
2271 2749 2442 2828 DominuS,
2457 2767 2501 2816 ex

1545 2869 1609 2936 quo
1633 2849 1767 2930 sciebat,
1790 2869 1864 2930 eum
1884 2867 1952 2918 esse
1974 2851 2007 2916 ln
2030 2857 2185 2936 peccato‘t

1634 2957 1664 3022 lt.
1691 2959 1782 3038 Item,
1808 2977 1882 3024 curn
1903 2957 2058 3024 Dominus
2078 2963 2160 3024 esset
2190 2957 2223 3024 in
2253 2964 2396 3040 extrema
2423 2975 2501 3042 pau-

1544 3067 1665 3148 pertate
1689 3069 1719 3130 et
1742 3063 1951 3150 praecepisset
1973 3063 2133 3148 discipulis
2156 3085 2218 3130 non
2243 3065 2382 3150 recipere
2405 3081 2500 3148 pecu-

1544 3169 1629 3236 niam
1642 3171 1691 3254 ¹23
1714 3171 1800 3238 unde
1823 3177 1887 3250 est,
1911 3171 1996 3256 quod
2017 3169 2138 3238 loculos
2160 3171 2339 3250 babebatt,

1636 3277 1665 3348 l.
1677 3275 1752 3342 Dico
1763 3277 1803 3344 ad
1815 3277 1968 3360 primum,
1982 3277 2239 3362 quodpertinere
2252 3277 2421 3362 dupliciter
2436 3285 2498 3346 est:
2516 3289 2583 3346 uass.
2600 3289 2626 3334 at
2640 3289 2663 3334 ¹·

1513 3445 1515 3452 ,,
1542 3386 1598 3448 aut
1614 3386 1767 3466 quantum
1781 3381 1822 3448 ad
1835 3381 1999 3460 affectum,
2015 3387 2070 3448 aut
2085 3388 2241 3466 quantum
2251 3383 2291 3448 ad
2303 3381 2441 3448 officium
2451 3385 2497 3462 1³3

1513 3513 1514 3550 3
1542 3485 1646 3574 primo
1670 3487 1761 3554 modo
1784 3505 1846 3556 non
1870 3487 2056 3574 pertinebat,
2078 3487 2216 3556 secundo
2240 3489 2331 3556 modo
2355 3489 2409 3556 sio.

422 3595 594 3670 tertiatur,
620 3591 706 3676 quod
735 3591 879 3658 otiantes
908 3591 1070 3680 discipali
1098 3591 1268 3678 indipnati
1298 3601 1396 3670 snnt;
1429 3593 1481 3658 bie
1512 3685 1513 3688 Ἴ

1632 3595 1665 3658 2.
1688 3593 1731 3660 66
1754 3593 1928 3660 secundum
1949 3591 2036 3672 dico,
2060 3593 2144 3678 quod
2174 3593 2586 3680 superimminens.

1542 3697 1659 3766 scilicet
1683 3699 1790 3766 diuini
1811 3697 1931 3766 toatott
1951 3699 2155 3784 dispensatio
2175 3703 2206 3766 et
2233 3707 2350 3766 nostra
2371 3701 2499 3766 instra-

1541 3805 1623 3872 ctio:
1646 3805 1755 3870 diuini
1775 3803 1895 3872 indicii
1917 3803 2117 3890 dispensatio
2139 3805 2174 3872 in
2195 3805 2268 3886 hoc,
2294 3805 2378 3892 quod
2393 3807 2498 3874 Domi-

1540 3927 1602 3976 nus
1625 3911 1705 3976 malo
1729 3911 1797 3976 eius
1812 3909 1973 3978 desiderio
1996 3911 2220 3992 satisfaciebat,
2235 3895 2316 3980 deut
2339 3931 2449 3980 arares
2466 3913 2497 3980 in

1540 4017 1695 4102 praesenti
1718 4017 1813 4098 diiat;
1836 4023 1874 4084 ut
1895 4015 1990 4084 etiam
2012 4015 2103 4084 ludas
2126 4037 2189 4084 nou
2212 4019 2345 4086 haberet
2365 4037 2497 4088 excusa-

1540 4123 1674 4202 tionem,
1697 4123 1782 4208 quod
1799 4123 1945 4208 proderet
1964 4123 2132 4190 Dominum
2156 4130 2285 4210 propter
2308 4123 2496 4210 iuopiam14.

1513 4227 1666 4296 'Nostra
1698 4227 1891 4306 instructio,
1929 4227 2002 4312 quia
2036 4227 2171 4296 ostendit
2203 4231 2374 4310 Dominae,
2410 4231 2494 4318 qued

1540 4663 1681 4726 anmqtrarn
1698 4657 1763 4710 illud
1791 4659 1901 4710 tractum
1928 4661 2009 4718 esset,
2030 4657 2103 4708 utin
2122 4657 2224 4720 integro
2241 4663 2404 4722 remaneret,
2422 4659 2491 4712 unde

1511 4731 1513 4736 ’
1539 4745 1618 4798 etiam
1631 4751 1710 4810 caput
1724 4745 1938 4810 pertunderetur3
1952 4743 1996 4796 ubi
2011 4747 2123 4798 tractura
2136 4745 2178 4798 illa
2191 4749 2274 4798 toturn
2288 4747 2431 4798 effunderet
2443 4753 2491 4800 eto.

1535 4905 1537 4908 Ι
1611 4831 1710 4886 11Loo.
1731 4833 1773 4886 cit.
1792 4849 1817 4884 n.
1838 4831 1897 4886 666.
1918 4831 1968 4886 Ch.
1988 4845 2066 4896 supra
2086 4845 2109 4884 c.
2128 4833 2154 4884 6.
2172 4849 2198 4886 n.
2219 4833 2259 4884 62.
2279 4835 2433 4900 Responsio.
2456 4835 2494 4888 De

1538 4921 1701 4992 synecdoche
1719 4925 1764 4976 alr.
1784 4935 1864 4986 supra
1882 4935 1944 4986 pag.
1965 4919 2025 4984 l05,
2045 4921 2151 4974 66668.

1611 5007 1702 5064 1²Clr.
1722 5013 1785 5064 Luc.
1805 5011 1828 5076 9,
1849 5011 1874 5062 3.
1892 5013 1919 5062 66
1935 5007 1979 5060 68.
2240 5053 2241 5056 ,

1610 5095 1632 5130 ¹⁸
1651 5101 1740 5152 Plures
1753 5099 1839 5166 6666,
1853 5089 1915 5152 utel
1926 5099 1946 5150 B
1956 5099 2008 5150 ΒΗ
2020 5101 2028 5152 l
2039 5099 2061 5150 ll
2071 5101 2101 5162 L,
2112 5101 2163 5152 ont
2171 5101 2304 5166 66666666
2312 5097 2351 5152 66
2358 5097 2490 5170 offanum,

1538 5191 1587 5242 ant
1607 5189 1739 5258 qnantum
1756 5185 1938 5256 adaptatam
1951 5185 2016 5254 [non
2035 5185 2162 5240 convenit
2171 5199 2232 5238 cunt
2244 5199 2301 5254 seq.
2312 5187 2493 5252 propositione

1540 5277 1588 5330 nisi
1608 5263 1728 5330 membra
1755 5279 1972 5342 transponantur:
1990 5281 2037 5326 aut
2061 5281 2188 5342 quantum
2219 5275 2255 5330 66
2272 5275 2400 5344 affectant
2417 5277 2491 5342 etc.);

1529 5345 1626 5420 'nostra
1645 5365 1734 5430 lectio,
1760 5379 1829 5432 quac
1857 5365 1992 5418 exhibetur
2011 5363 2046 5416 ab
2063 5365 2121 5416 allis
2145 5363 2232 5428 codd,
2249 5365 2292 5418 66.
2316 5371 2346 5416 66
2360 5365 2493 5428 Gorranc,

1539 5455 1707 5506 confirmatur
1727 5453 1804 5506 etiarn
1822 5469 1838 5506 6
1857 5455 1884 5506 Β.
1904 5451 2010 5518 tilbert,
2030 5453 2129 5506 Postilla
2149 5453 2176 5504 in
2193 5455 2263 5506 6666.
2284 5453 2331 5518 62,
2351 5455 2382 5516 6,
2402 5451 2447 5506 ubi
2460 5453 2494 5506 ad

1539 5539 1726 5606 abiectionem,
1744 5541 1816 5608 quod
1835 5539 1983 5608 pertinebat
1999 5539 2043 5608 ad
2069 5541 2162 5594 ladam
2178 5539 2214 5592 de
2231 5539 2335 5602 egente,
2354 5539 2415 5606 quia
2432 5539 2496 5592 bur·

1539 5629 1623 5682 sarisas
1640 5629 1743 5682 Domini
1763 5635 1832 5692 erat,
1853 5629 1890 5682 sio
1912 5629 2064 5692 respondet:
2087 5627 2138 5680 Sed
2166 5627 2199 5680 ad
2219 5629 2268 5680 boc
2286 5627 2402 5694 6666666,
2420 5629 2493 5694 quod

1539 5721 1579 5770 est
1592 5717 1755 5784 pertinentia
1784 5731 1821 5770 cor
1847 5715 1991 5786 61666666
2019 5719 2068 5768 hoo
2096 5715 2176 5768 modo
2200 5713 2269 5766 bone
2295 5713 2441 5780 pertinebat
2459 5717 2493 5770 ad

1538 5817 1612 5868 eurn;
1632 5811 1659 5856 et
1673 5803 1836 5872 pertinentia
1855 5817 1890 5858 ea
1909 5815 1977 5858 caro
1993 5803 2157 5872 affectuosa,
2175 5809 2202 5856 et
2219 5803 2256 5866 sio
2274 5817 2328 5856 non
2346 5803 2495 5872 pertinebat

1539 5891 1571 5944 ad
1592 5905 1668 5956 curn,
1686 5893 1749 5958 qula
1767 5905 1821 5944 non
1839 5889 1948 5944 curabat
1967 5891 2004 5944 de*
2018 5891 2122 5944 miserta
2142 5905 2287 5956 egenorum
2305 5899 2355 5946 etc.
2372 5919 2409 5932 -
2426 5893 2492 5946 6666-

1538 5979 1597 6032 rius
1607 5985 1666 6046 post
1682 5993 1738 6034 non
1753 5977 1909 6048 pertinebat
1922 5977 1968 6030 66.
1985 5977 2058 6032 addit
2074 5977 2112 6034 66
2126 5977 2241 6046 indam,
2263 5981 2397 6034 Gorrauus
2412 5981 2494 6046 legit:

1538 6063 1574 6120 66
1592 6067 1687 6122 ladon
1706 6067 1739 6122 do
1756 6067 1846 6138 opertis
1862 6063 2062 6134 sntoenttndis,
2083 6067 2129 6122 sed
2146 6067 2262 6124 6666666
2281 6067 2369 6124 modo.

1608 6151 1630 6184 ²⁴
1649 6155 1795 6222 chrysost,
1811 6157 1839 6208 in
1858 6145 1929 6208 toan.
1949 6157 2039 6208 homil.
2057 6157 2101 6210 65.
2126 6157 2200 6224 (allas
2225 6157 2283 6226 66.)
2296 6171 2327 6210 6.
2342 6157 2372 6208 t:
2393 6155 2492 6224 Quodsi

1538 6243 1600 6310 quis
1615 6251 1736 6312 quaeant,
1755 6259 1803 6298 cur
1820 6243 1870 6298 luri
1890 6245 1988 6298 loculos
2005 6259 2154 6310 pauperum
2166 6245 2328 6298 commiserit
2339 6249 2364 6298 66
2379 6257 2490 6298 avarum

1512 6357 1514 6360 ·
1538 6331 1744 6398 dispensatorem
1772 6335 1872 6400 6666666,
1901 6333 2136 6398 respondebimus,
2166 6347 2224 6386 rem
2255 6349 2376 6388 arcanam
2408 6347 2490 6388 unum

1538 6433 1614 6474 nosse
1632 6423 1731 6490 Deum;
1757 6425 1854 6492 quodsi
1880 6421 2019 6490 quidpiam
2038 6423 2070 6476 sit
2097 6423 2269 6476 coniectando
2287 6423 2443 6476 dicendum:
2463 6428 2492 6476 ut

1538 6517 1642 6562 ornnem
1661 6515 1774 6566 auterrel
1792 6511 1963 6566 excusationis
1981 6525 2096 6566 causam.
2114 6511 2169 6564 Non
2186 6511 2255 6562 enirn
2275 6511 2361 6564 dicere
2381 6517 2492 6578 poterat,

1538 6607 1568 6646 se
1583 6611 1614 6648 ex
1631 6601 1803 6662 pecuniarum
1822 6611 1917 6652 amore
1931 6597 1960 6652 id
1979 6599 2084 6662 iecisse,
2103 6611 2164 6652 eum
2177 6603 2267 6664 posset
2279 6597 2413 6664 cupiditati
2426 6612 2490 6652 suae

1538 6695 1567 6734 ex
1586 6685 1679 6738 loeuhs
1695 6691 1781 6740 lacere
1797 6689 1872 6752 satis,
1892 6685 1939 6740 sed
1958 6701 1988 6740 ex
2013 6687 2109 6752 ingenti
2138 6685 2267 6754 nequitia,
2285 6701 2366 6754 quam
2386 6687 2490 6740 volebat

1538 6769 1656 6826 Christus
1672 6777 1808 6844 cohibere,
1829 6775 1989 6842 indulgentia
2008 6789 2071 6842 erga
2090 6777 2163 6830 illuns
2181 6777 2262 6828 multa
2286 6761 2357 6830 risus.
2376 6775 2428 6830 Clr.
2451 6791 2494 6828 su-

1538 6875 1586 6928 pra
1604 6877 1626 6916 c.
1649 6865 1674 6916 6.
1692 6879 1719 6918 n.
1739 6867 1798 6918 662.
