5926 8276
1313 1223 1315 1226 Ι
1352 1017 1774 1172 Ρθθθεῖῖεθῖθ
1851 1081 1852 1084 Ν

699 1287 819 1360 ⁹
913 1495 915 1502 ,
964 1357 1535 1492 eorruuumnur

1536 1357 1587 1490 u
1628 1353 2181 1490 uouuuurusruu
2247 1405 2250 1408 ·
2330 1245 2518 1412 J

1275 1711 1828 1744 njffwssm-

800 2497 803 2504 .
833 2437 1039 2502 lurnonuurm
1061 2453 1244 2500 auuuuurus,

653 2657 679 2718 l.
706 2653 828 2718 Beatus
851 2651 923 2728 uir,
948 2649 1044 2716 errius
1069 2653 1114 2714 est
1146 2667 1263 2714 ituraea
1288 2649 1422 2716 Dorrtini
1445 2667 1518 2734 spes

562 2763 647 2842 eius,
671 2767 701 2824 et
721 2775 789 2824 non
810 2757 955 2842 respeait
977 2755 1013 2824 in
1037 2755 1201 2822 vanitates
1222 2763 1251 2822 et
1274 2755 1428 2822 insanias
1451 2753 1473 2842 f
1492 2755 1518 2820 t-

365 2935 369 2944 ,
561 2887 618 2936 sas
630 2867 653 2932 1.
675 2863 773 2942 Cum,
795 2863 877 2928 sicut
901 2861 969 2930 vult
990 2863 1101 2930 beatus
1123 2861 1307 2946 Dionysius,
1336 2863 1455 2928 bonum
1477 2861 1518 2926 sit

416 3001 495 3054 auara
509 2995 544 3036 u·
561 2971 698 3058 primum
722 2965 905 3052 appetibile;
929 2965 1047 3034 bonum
1071 2971 1176 3034 autem
1209 2967 1248 3034 sit
1277 2965 1413 3052 duplex,
1439 2971 1518 3034 tem-

450 3061 505 3094 Μ’
559 3077 666 3164 porale
688 3073 806 3142 scilieet
828 3079 858 3140 et
881 3079 1062 3152 aeternum,
1088 3073 1178 3140 iuxta
1202 3073 1278 3140 illud
1301 3071 1455 3142 secundae
1478 3073 1518 3140 ad

560 3181 735 3250 Corinthios
758 3185 872 3266 quarto
885 3181 912 3244 ²:
931 3181 1024 3262 Qneae
1037 3181 1193 3246 uidentur·
1210 3177 1404 3266 temporalia
1419 3187 1516 3260 trant,

560 3307 645 3376 quae
666 3293 778 3352 autem
791 3303 858 3350 non
872 3283 1041 3364 uidentur,
1052 3351 1053 3354 ,
1065 3289 1219 3350 aeterua:
1241 3283 1399 3368 duplicem
1415 3283 1452 3348 in
1463 3301 1518 3348 uo-

428 3415 507 3512 uffix
521 3423 543 3454 a·
560 3393 609 3460 bis
631 3397 759 3478 generat
782 3409 920 3458 amorem
944 3391 1009 3460 sire
1025 3389 1216 3476 appetitum,
1232 3391 1348 3458 seilicet
1364 3391 1518 3456 caritatis

558 3607 654 3674 libido
674 3605 715 3672 ad
737 3613 871 3672 terrena.
899 3605 933 3670 ut
958 3607 1032 3690 qula
1054 3603 1302 3670 convenientiam
1326 3613 1356 3670 θῖ
1372 3601 1518 3670 differen-

560 3713 634 3778 tiam
658 3709 862 3796 appetituum
898 3709 1041 3796 sequitur
1065 3709 1281 3778 conuenientia
1303 3715 1335 3776 θῖ
1357 3707 1518 3774 disconve-

558 3817 674 3886 nientia
696 3835 850 3896 meram·
873 3823 905 3884 θῖ
927 3817 1101 3884 seeundum
1124 3815 1371 3896 convenientiam
1388 3815 1419 3880 in
1443 3815 1518 3898 legi-

558 3925 618 3994 bus
641 3931 672 3992 et
703 3925 846 3992 moribus
880 3923 1020 3990 consistit
1052 3921 1168 3988 unitas
1204 3921 1368 3988 ciuitatis:
1393 3937 1434 3986 err
1458 3921 1517 3986 lroc

406 4045 543 4142 vruggon
558 4031 673 4118 duplici
697 4047 804 4096 amore
827 4029 948 4114 duplex
981 4029 1086 4096 oritur
1107 4027 1243 4106 ciuitas,
1269 4027 1377 4096 civitas
1400 4027 1517 4094 scilieet

490 4129 504 4168 '·
560 4155 715 4224 supernae
749 4135 917 4204 ierusalem
948 4141 979 4204 θῖ
1010 4135 1118 4202 civitas
1150 4133 1314 4218 Rabylonis
1334 4135 1356 4198 ³ss
1397 4133 1517 4198 Primae

558 4243 796 4310 tundamentum
820 4247 867 4308 θεῖ
899 4241 1012 4308 caritas
1034 4235 1194 4318 ordinata,
1225 4239 1398 4318 secundae,
1422 4237 1517 4306 libido

560 4365 717 4432 perversa.
743 4349 885 4432 Superba
909 4345 1005 4432 igitur
1028 4345 1155 4424 civitas,
1178 4345 1254 4428 quia
1277 4343 1404 4414 irrndata
1420 4349 1468 4408 est
1483 4343 1516 4408 in

404 4465 543 4564 quggdtgn·
560 4453 705 4536 caritate,
728 4471 810 4540 quae
833 4453 924 4540 erigit
947 4453 985 4520 ad
1009 4459 1154 4530 aeterna,
1177 4451 1369 4520 incaeternis
1385 4449 1517 4534 quiescit

509 4549 516 4564 '
560 4565 591 4624 et
612 4561 645 4626 in
666 4561 712 4628 eis
734 4557 960 4628 beatitudinem
982 4559 1080 4644 ponit.
1104 4555 1269 4642 Babylonis
1292 4573 1367 4624 uero
1391 4555 1515 4636 ciritaS,

560 4683 640 4750 quae
669 4685 726 4750 per
759 4665 917 4732 libidinem
950 4663 1139 4750 deprimitur
1169 4663 1209 4728 ad
1235 4663 1435 4740 terrenam
1466 4663 1515 4730 bis

559 4771 692 4840 terrenis
714 4771 938 4840 beatitudinem
962 4771 1057 4856 ponit.
1078 4767 1170 4834 -Et
1191 4769 1234 4834 sio
1260 4767 1450 4854 relinquitur
1472 4783 1515 4834 ex

558 4877 740 4960 praedictis,
765 4875 849 4964 quod
871 4879 954 4944 sient
982 4877 1101 4962 duplex
1133 4881 1179 4942 est
1214 4875 1349 4954 bonam,
1382 4873 1425 4942 sia
1457 4873 1515 4940 du-

557 4983 632 5068 plex
655 4989 702 5064 θεῖ
724 5001 837 5062 amor,
860 4983 905 5050 sic
926 4981 1046 5068 duplex
1071 4981 1207 5062 ciuitas,
1235 4983 1279 5048 sie
1299 4983 1393 5048 etiam
1414 4979 1515 5050 beati-

559 5089 636 5154 tndo
658 5089 777 5177 duplex
785 5115 795 5170 ·,
819 5107 895 5158 vera
917 5089 1033 5158 scilicet
1056 5087 1356 5168 inieceruntque
1381 5087 1412 5152 in
1437 5093 1514 5154 tem-

557 5197 718 5280 poralibus
740 5203 772 5264 et
800 5195 944 5276 caducis3
972 5197 1157 5266 Psalmus4:
1187 5197 1327 5260 Beatam
1355 5193 1513 5260 elicerent

553 5299 734 5386 populum,
767 5301 824 5368 eni
852 5297 932 5368 baec
962 5311 1041 5368 suut
1070 5305 1128 5366 etc.
1165 5335 1207 5348 -·-
1242 5299 1278 5366 Εῖ
1310 5299 1391 5366 sicut
1421 5317 1512 5368 amor

414 5409 501 5458 rut-rum
518 5429 539 5464 u
557 5405 695 5474 caritatis
717 5417 748 5476 et
773 5407 907 5474 libidinis
930 5407 974 5474 sio
998 5405 1124 5474 obviant
1148 5405 1223 5484 sibi,
1252 5413 1287 5470 ut
1319 5405 1418 5472 simul,
1445 5423 1512 5474 θεεθ

419 5465 537 5516 excludant.
1178 5509 1185 5522 ,
1248 5509 1254 5520 ,
1503 5509 1509 5520 ,

557 5525 618 5576 nou
650 5513 792 5596 possint;
830 5513 873 5580 sic
905 5513 963 5578 bae
990 5509 1074 5578 ‘duae
1104 5509 1334 5588 beatitudines3
1356 5509 1511 5578 ,Matthaei

627 5891 637 5922 ¹
656 5895 750 5950 Psalm.
764 5899 810 5962 39,
824 5901 848 5950 5
860 5899 1035 5950 -Sententia
1048 5897 1156 5962 Diouis.
1169 5897 1314 5950 insinuatur
1325 5897 1358 5950 de
1371 5895 1430 5948 Diu.
1441 5897 1514 5948 Nom.

556 5991 580 6032 e.
600 5979 702 6048 igi.
721 5987 808 6038 10.θῖ
827 5987 870 6040 31.
932 6053 933 6056 Ἴ
1175 6031 1176 6034 ,

626 6067 637 6098 ²
656 6073 729 6126 Vers.
750 6073 793 6126 l8.
811 6103 846 6114 -
865 6075 903 6128 De
920 6073 1020 6140 duplici
1032 6087 1122 6126 errrore
1136 6073 1197 6126 uide
1209 6075 1333 6140 August,
1346 6073 1391 6126 Χῖ.
1403 6073 1437 6126 de
1450 6073 1513 6124 Gen.

556 6157 590 6208 ad
607 6157 643 6212 lu.
662 6175 685 6214 c.
705 6163 747 6216 ts.
766 6177 792 6214 n.
812 6163 855 6216 19.
873 6179 942 6232 seq.;
962 6163 995 6214 83
1016 6165 1065 6232 Qq.
1083 6179 1109 6228 q.
1130 6163 1171 6214 36.
1192 6177 1217 6214 n.
1238 6163 1262 6214 1.
1279 6169 1305 6214 et
1325 6163 1393 6216 XIV.
1410 6163 1445 6214 de
1457 6161 1515 6216 Cir.

555 6243 616 6310 Dei,
635 6261 657 6302 c.
677 6253 722 6304 28.
739 6249 848 6316 Libido,
866 6265 936 6320 quae
954 6253 1035 6322 etiarn
1052 6251 1182 6316 cupiditas
1205 6249 1238 6304 ab
1264 6253 1375 6318 burgast.
1397 6253 1514 6304 uomina·

556 6337 606 6396 tur,
623 6335 658 6388 au
675 6337 738 6404 ipsu
749 6327 780 6393 'u
796 6337 843 6394 rto.
862 6341 897 6394 ee
915 6341 1063 6406 treudacio,
1083 6355 1105 6394 c.
1124 6341 1149 6394 r.
1169 6355 1195 6394 n.
1214 6341 1257 6392 ro.
1275 6341 1412 6392 senatur:
1430 6341 1514 6406 uppe-

557 6419 618 6474 titus
635 6425 729 6490 animi,
749 6441 802 6496 quo
821 6427 933 6482 aetemis
952 6427 1028 6482 bonis
1039 6427 1171 6496 quaelibet
1184 6427 1337 6492 temporalia
1349 6441 1514 6494 praeponun-

556 6511 605 6562 tur.
617 6539 653 6552 -·
662 6515 772 6568 tutanos
783 6529 833 6580 pro
845 6515 951 6572 rediens
962 6517 981 6570 F
993 6517 1133 6572 reducens.
1145 6517 1198 6570 Sed
1210 6517 1253 6570 luc
1265 6517 1324 6570 cod.
1336 6523 1513 6582 repraesentat

557 6599 680 6652 tantuma
693 6603 733 6658 Fr.
746 6605 800 6658 Nic·
810 6605 927 6658 Gaurano
938 6605 968 6658 b.
981 6605 1008 6660 Ρ.
1023 6607 1206 6670 interpolatum
1218 6611 1245 6658 et
1257 6607 1353 6670 possim
1368 6611 1512 6674 mutatum;

556 6685 629 6748 quod
641 6689 728 6758 aliquo
747 6691 926 6746 modoetiam
944 6695 978 6748 do
995 6697 1017 6746 Α
1035 6693 1178 6748 dicendum
1196 6699 1245 6748 est.
1261 6693 1326 6748 ilinc
1337 6695 1436 6760 passim
1450 6697 1512 6748 omi·

556 6771 639 6828 simus
656 6777 684 6830 iu
702 6781 871 6848 sequentibus
896 6787 985 6836 namra
1006 6783 1061 6836 illas
1079 6783 1174 6834 burrum
1194 6783 1308 6836 durorum
1327 6783 1449 6838 codicum
1469 6799 1512 6838 va·

555 6859 651 6916 uiantes
668 6865 805 6936 lectiones,
825 6883 894 6936 quae
911 6871 1037 6924 recedunt
1057 6883 1072 6922 a
1091 6871 1200 6922 lectione
1218 6871 1338 6924 alionum.
1442 6903 1445 6910 ,

560 3509 592 3568 et
613 3499 778 3578 libidinis,
802 3505 839 3564 ut
860 3499 975 3566 caritas
998 3499 1038 3564 sit
1059 3515 1149 3582 arnor
1171 3495 1295 3562 rediens
1319 3499 1356 3562 ad
1380 3503 1518 3576 aeterna,
1581 3565 1582 3568 ,

1582 2441 1690 2500 sento:
1715 2431 1817 2500 Νθῖῖῖο
1836 2443 1942 2518 potest
1970 2431 2099 2498 duobus
2123 2431 2267 2500 deretinis
2288 2433 2423 2500 seruire.
2454 2431 2541 2512 idea,

1582 2541 1606 2608 si
1631 2539 1702 2626 quis
1724 2539 1792 2606 uult
1816 2557 1884 2608 esse
1906 2539 2034 2618 beatus,
2059 2555 2186 2606 necesse
2209 2545 2269 2616 est,
2286 2545 2323 2604 ut
2337 2539 2447 2606 futura
2461 2539 2543 2608 bona

1581 2647 1689 2734 diligat
1710 2653 1741 2712 θῖ
1764 2653 1944 2714 contemnat
1964 2645 2149 2730 praesentia.
2175 2647 2244 2712 ldeo
2261 2645 2395 2728 Spiritus
2414 2653 2541 2716 sanctus

1564 2769 1638 2852 xper
1661 2749 1854 2818 Psalmlstam
1880 2751 1984 2818 uirum
2018 2751 2144 2818 beatum
2174 2753 2213 2818 ab
2246 2755 2305 2818 boa
2327 2751 2444 2836 duplici
2467 2759 2540 2820 actu
2573 2757 2651 2800 naara
2670 2759 2706 2802 ‹1⁰-

2562 2811 2661 2854 scribitur
2694 2823 2706 2854 a

1580 2855 1746 2926 describit:
1771 2875 1788 2922 a
1812 2875 2025 2942 supernorum
2040 2857 2219 2938 dilectione,
2237 2875 2319 2944 quae
2333 2857 2452 2926 iaciunt
2467 2857 2540 2926 bea·
2562 2863 2705 2920 titubaren-

1582 2971 1670 3042 tarn,
1697 2979 1769 3028 cunr
1790 2963 1884 3030 dicit:
1908 2965 2031 3030 Beatus
2049 2965 2124 3042 ‘oir,
2148 2965 2247 3030 eruitis
2269 2973 2317 3030 est
2337 2983 2454 3032 rconrea
2478 2967 2541 3032 Do-

1581 3069 1666 3136 mini
1688 3073 1761 3154 spes
1783 3071 1877 3148 eiam
1898 3075 1929 3136 et
1952 3087 1969 3136 a
1994 3075 2193 3136 terrenorum
2208 3071 2445 3156 aspernatione,
2460 3091 2541 3158 quae

1581 3177 1699 3244 faciunt
1721 3195 1866 3254 paruam,
1891 3195 1964 3244 oum
1986 3175 2078 3244 dicit:
2102 3179 2144 3244 Et
2163 3197 2231 3244 non
2258 3179 2402 3262 respenit
2424 3177 2460 3244 in
2483 3199 2540 3244 oa-

1582 3283 1701 3350 nitates
1723 3293 1753 3348 et
1774 3285 1929 3352 insanias
1952 3281 2070 3372 fabas,
2096 3283 2175 3352 Vere
2200 3283 2313 3350 beatius
2346 3283 2418 3364 cir,
2445 3285 2541 3352 cerices

1582 3399 1628 3456 est
1649 3409 1767 3454 naneen
1792 3391 1926 3456 [lonniaci
1949 3409 2021 3474 spes
2043 3391 2124 3456 einr.

1671 3499 1702 3562 11.
1727 3495 1818 3562 Solus
1840 3503 1948 3562 autem
1963 3493 2117 3562 Duudnus
2132 3497 2303 3574 beatificat,
2321 3515 2377 3564 nee
2393 3505 2441 3564 θεῖ
2455 3497 2540 3566 aliud
2561 3501 2590 3544 1²0
2607 3503 2627 3546 1·
2641 3507 2698 3546 auu

1582 3619 1694 3668 numen
1718 3601 1778 3666 sub
1801 3601 1902 3680 caelo,
1928 3601 2013 3688 quod
2034 3601 2199 3668 beatificet.
2223 3601 2412 3670 Solusenim
2437 3605 2541 3670 Domi-

1581 3727 1642 3774 nus
1664 3715 1710 3772 est
1733 3707 1845 3772 beatus
1857 3727 1919 3792 per
1935 3709 2129 3786 essenn'an;
2144 3709 2264 3792 primae
2279 3709 2319 3774 ad
2339 3709 2539 3778 Timotheum
2561 3715 2655 3760 11111·

1581 3821 1671 3880 sento
1685 3811 1716 3876 5:
1741 3811 1854 3878 Sernes
1886 3811 2085 3880 maundatum
2115 3813 2187 3880 sine
2212 3815 2327 3880 inauret
2357 3867 2367 3892 ,
2396 3817 2540 3902 irrepre-

1582 3915 1882 4006 inmunitamque
1910 3919 1949 3986 in
1970 3919 2149 3986 aduentum
2174 3919 2309 3988 Domini
2333 3923 2444 3988 riustri
2465 3923 2540 3988 Ιθεῖῖ

1583 4021 1721 4102 Christi,
1747 4043 1841 4112 quem
1872 4025 1945 4090 sutis
1976 4025 2177 4108 temporibus
2210 4027 2351 4092 ostendet
2376 4027 2490 4094 beatas
2512 4039 2541 4096 et

1580 4129 1670 4198 sotem
1691 4139 1805 4216 potens
1829 4133 1896 4198 Rea
1919 4149 2037 4216 repam
2060 4139 2088 4198 et
2104 4131 2267 4198 Doctrinae
2282 4133 2537 4202 dominantium.

1581 4237 1625 4302 llli
1649 4255 1723 4322 ergo
1748 4237 1805 4302 sali
1828 4237 1906 4304 inest
1942 4237 2100 4304 beatitudo
2136 4243 2166 4304 et
2195 4239 2332 4324 potentia
2355 4259 2412 4324 per
2437 4259 2540 4310 essen*

1582 4343 1669 4420 tiam,
1687 4341 1846 4410 beatitudo
1858 4351 1964 4410 autem
1980 4349 2088 4408 nostra
2103 4351 2150 4410 θεῖ
2158 4363 2220 4430 per
2229 4345 2540 4432 participationum

1580 4447 1754 4516 secundum
1777 4447 1863 4534 quod
1886 4455 1934 4516 θεῖ
1949 4465 2005 4534 per
2020 4449 2307 4534 participationem,
2323 4459 2430 4518 ortum
2446 4453 2541 4520 babet

1580 4555 1696 4622 abillo
1730 4555 1815 4640 quod
1850 4563 1898 4622 θεῖ
1921 4573 1977 4642 per
2002 4555 2185 4624 essentiam:
2209 4575 2283 4644 ergo
2316 4557 2394 4624 beati
2429 4577 2539 4626 sumus

1579 4661 1801 4746 participantes
1825 4661 1943 4728 iontem
1965 4659 2183 4742 beatitudiuis,
2207 4663 2261 4750 qui
2284 4669 2332 4730 est
2352 4663 2445 4730 Deus.
2471 4663 2541 4732 ldeo

1579 4767 1776 4852 apocalypsis
1804 4765 1924 4834 decimo
1955 4767 2079 4834 nonai:
2106 4769 2217 4846 Beati,
2243 4769 2304 4858 quei
2331 4769 2379 4834 ad
2404 4789 2540 4834 coenant

1578 4873 1778 4958 nuptiarum
1802 4875 1894 4960 Aput
1914 4873 2025 4942 ooeati
2045 4883 2132 4940 suunt.
2156 4875 2259 4942 Primo
2281 4875 2366 4940 euim
2381 4875 2465 4942 Deus
2482 4891 2538 4960 per

1577 4977 1846 5064 desponsationem
1876 4977 2099 5046 beatitudinem
2125 4979 2334 5048 communicat
2358 4981 2457 5064 lgna,
2483 4999 2539 5066 per

1578 5101 1773 5170 consequens
1794 5085 1845 5152 bis
1868 5087 1922 5172 qui
1946 5085 1986 5152 ab
2010 5089 2093 5170 tgna
2117 5095 2193 5158 suut
2214 5087 2324 5154 rotati.
2389 5077 2391 5090 '

1667 5191 1697 5258 3.
1721 5191 1813 5260 Solus
1835 5193 1930 5258 etiarn
1953 5191 2048 5260 babet
2072 5191 2301 5278 affluentianm
2324 5195 2399 5278 quia
2424 5193 2466 5264 de.
2487 5197 2540 5260 Sa·
2559 5199 2622 5242 auru
2636 5199 2656 5242 ‘'2-

1577 5297 1707 5382 pientia,
1724 5315 1806 5382 quae
1822 5299 1905 5364 Deus
1921 5303 1986 5376 est,
2003 5297 2118 5364 cicitur
2134 5297 2334 5384 singulariter
2357 5299 2539 5368 Proverbia-

1577 5421 1649 5470 rum
1665 5403 1782 5470 tertiol
1798 5427 1806 5468 ε
1823 5403 2007 5470 Pretiosior
2021 5411 2069 5470 est
2082 5405 2211 5470 eunetis
2222 5403 2351 5490 opibus,
2361 5413 2396 5472 et
2411 5407 2536 5486 onrrria,

1575 5527 1659 5594 qnae
1693 5509 1944 5588 derideremur,
1979 5505 2058 5574 neue
2090 5529 2157 5576 reon
2186 5511 2296 5578 eufran
2329 5515 2535 5598 eornparari.

1649 5893 1659 5924 ³
1679 5893 1730 5948 Cb.
1749 5895 1872 5962 August,
1892 5897 2007 5948 Enarrat.
2028 5895 2053 5948 in
2072 5895 2112 5950 Ρε.
2132 5895 2175 5952 ot.
2194 5911 2220 5950 n.
2246 5899 2266 5950 1.
2279 5911 2349 5964 saq.;
2364 5899 2421 5952 XV.
2435 5899 2468 5952 de
2482 5899 2538 5954 Cir.

1579 5985 1641 6050 Del,
1658 5999 1681 6038 θ.
1704 5987 1726 6038 t.
1747 5999 1803 6052 seq.
2201 5983 2204 5988 ‘

1649 6071 1661 6102 ⁴
1679 6073 1772 6124 Psalm.
1792 6071 1858 6136 tub,
1879 6073 1926 6140 ⁴55
1945 6073 2040 6124 deinde
2060 6073 2145 6128 llattb.
2166 6075 2196 6140 d,
2216 6077 2259 6130 bt.

1621 6209 1623 6214 ,
1648 6159 1659 6192 ⁵
1679 6163 1754 6214 Vens.
1773 6163 1817 6216 11.
1835 6175 1892 6228 seq.
1913 6189 1949 6202 -
1966 6161 2046 6214 Paulo
2066 6163 2187 6228 superius
2205 6153 2341 6232 respicitur
2361 6169 2417 6220 tet.
2436 6167 2465 6232 i,
2487 6169 2535 6220 ln:

1579 6253 1630 6304 blec
1646 6251 1718 6304 anim
1736 6251 1806 6302 allud
1826 6263 1922 6302 nomeu
1940 6253 1978 6304 est
1998 6249 2048 6304 sub
2066 6253 2138 6304 caelo
2156 6251 2432 6320 dntrnnbomiuibus,
2444 6253 2471 6304 in
2483 6267 2537 6322 quo

1578 6345 1698 6406 oporteat
1714 6353 1764 6392 nos
1781 6339 1869 6392 salvos
1887 6339 1951 6392 lteri.

1648 6425 1659 6456 ⁵
1679 6427 1755 6482 vers.
1766 6427 1798 6478 o.
1812 6453 1846 6466 --
1859 6429 1966 6480 lnlerius
1985 6441 2033 6492 pro
2053 6427 2283 6496 desperacionem
2303 6429 2357 6482 sola
2376 6429 2434 6484 Vult.
2452 6429 2537 6502 dispo·

1577 6515 1708 6570 sitientem.
1718 6511 1782 6592 lllud
1800 6513 1914 6568 verbum
1934 6515 2076 6580 respondet
2093 6517 2195 6586 nuptiis
2212 6515 2293 6586 ugni.

1647 6601 1656 6634 ⁷
1679 6603 1753 6656 Vors.
1772 6601 1816 6656 15.
1834 6603 1883 6668 ·16;
1901 6603 1999 6670 deiude
2017 6619 2045 6658 v.
2064 6605 2112 6672 2183
2131 6605 2246 6674 denique
2264 6605 2326 6672 Sap.
2347 6607 2378 6670 7,
2397 6607 2440 6662 11.
2459 6637 2494 6648 -··-
2509 6607 2535 6660 lu

1577 6709 1652 6760 seqq.
1670 6691 1810 6754 respicitur
1828 6691 1944 6744 definitio
1956 6689 2126 6748 beatitudiuis
2137 6695 2198 6748 data
2210 6709 2226 6746 a
2240 6693 2360 6758 Baebio,
2374 6695 2411 6748 lll.
2425 6695 2457 6748 de
2469 6695 2537 6752 Cou-

1576 6783 1625 6836 sot.
1643 6793 1722 6848 prosa
1741 6781 1771 6832 2:
1790 6781 1928 6834 Beadtudo
1946 6787 1986 6834 ast
2004 6787 2084 6836 status
2104 6781 2235 6836 bonorum
2247 6775 2373 6836 'omnium
2392 6799 2536 6850 conpago-

1576 6873 1647 6924 tlone
1664 6871 1806 6934 perlectus.
2316 6893 2318 6898 ·
