5908 8266
1059 551 1251 618 COMMENT.
1274 551 1314 620 ΙΝ
1334 551 1502 622 thNNEM
1523 551 1557 620 C.
1579 555 1641 622 Vll.

368 727 459 796 misit
479 747 548 808 mc,
585 729 616 798 id
647 735 696 798 est
723 749 744 794 2
776 729 886 806 Patre,
915 725 970 812 qui
1005 725 1101 808 misit
1120 743 1180 794 me.
1211 725 1323 794 Omnia

368 833 466 914 enim,
498 853 580 920 quac
609 835 706 902 habet
737 833 850 912 Filius,
886 849 904 896 a
938 833 1027 896 Patre
1062 831 1191 916 accipit;
1225 849 1324 916 supra

368 937 478 1026 quinto
491 941 519 1006 ¹:
548 965 565 1000 «
579 941 646 1008 Non
658 955 788 1024 possum
803 955 823 1004 2
838 931 971 1022 meipso
987 935 1089 1004 iacere
1105 935 1277 1022 quidquam
1290 961 1323 1016 s,

278 1097 285 1112 .
367 1043 411 1112 itn
444 1065 502 1114 nec
534 1045 648 1112 docere
682 1043 863 1130 quidquam.
889 1041 925 1108 ut
952 1041 1026 1128 quia
1056 1043 1134 1108 haec
1160 1039 1323 1126 responsio

367 1151 531 1220 manifesta
551 1169 615 1218 non
639 1157 707 1216 erat
728 1147 789 1214 nisi
813 1147 861 1214 his
885 1147 941 1234 qui
962 1153 1048 1216 recte
1071 1147 1217 1226 audinum
1243 1153 1273 1214 et
1289 1145 1334 1226 hi

368 1261 460 1336 sunt,
482 1255 537 1342 qui
560 1253 711 1334 audiunt,
732 1259 771 1320 ut
792 1251 922 1318 iaciant:
947 1255 1114 1336 propterea
1136 1249 1227 1318 dicit:

457 1363 510 1428 22.
537 1361 640 1444 (Vens.
677 1357 753 1440 27.).
785 1355 824 1424 Si
854 1355 930 1446 quir
957 1355 1096 1422 ooioert't
1124 1355 1323 1422 uoluntatem

367 1465 596 1544 eins,scilicet
629 1465 686 1530 Dei
715 1463 832 1544 Patris,
854 1461 982 1550 forero,
1008 1469 1174 1550 cognoscet
1205 1461 1243 1528 dc
1266 1463 1323 1528 do

368 1569 499 1650 cirine,
524 1577 640 1636 utrum
661 1589 702 1634 erc
734 1571 800 1636 Deo
831 1569 891 1648 stt,
913 1587 962 1634 an
983 1589 1040 1656 epo
1065 1589 1087 1634 n
1109 1589 1160 1634 2222
1183 1569 1255 1654 ipro
1277 1567 1324 1634 io-

366 1695 475 1766 qoem·
498 1675 573 1762 quia
594 1675 684 1744 aliter
708 1693 766 1742 nec
786 1693 838 1742 me
860 1693 917 1742 nec
941 1673 1113 1744 doctrinam
1130 1693 1230 1742 meam
1255 1682 1324 1760 pot·

367 1787 414 1850 est
437 1799 624 1868 cognoscere
648 1799 730 1850 rere.
756 1781 826 1848 ldeo
848 1781 964 1848 dicitur
986 1781 1107 1866 primae
1131 1781 1253 1848 loannis
1274 1799 1324 1846 se-

265 1959 267 1962 ,
365 1885 470 1952 cundo
481 1887 513 1952 2:
541 1913 557 1946 a
574 1887 633 1972 Qui
655 1887 744 1968 dicit,
761 1905 793 1954 se
809 1887 908 1952 Deum
926 1903 1032 1964 nosse,
1048 1893 1080 1954 et
1094 1885 1240 1952 mandata
1255 1883 1324 1952 eius

367 2011 430 2060 non
455 1991 603 2072 custodit,
627 1995 764 2062 mendax
791 1997 839 2060 est
853 2017 885 2056 2.
909 1991 947 2058 Et
979 1991 1024 2058 sic
1055 1991 1323 2058 comntendnbilt's

367 2099 706 2186 clarignanum
734 2099 829 2166 etiarn
857 2097 1127 2164 commendabilis
1157 2115 1179 2162 o
1202 2097 1267 2184 fine
1289 2099 1322 2164 in

365 2205 441 2284 hoc,
466 2205 549 2290 quod
572 2205 604 2270 in
619 2203 759 2270 docendo
773 2219 837 2268 non
851 2201 975 2286 quaerit
990 2199 1121 2288 gloriam
1145 2203 1321 2288 propriam;

365 2317 399 2378 et
420 2310 480 2378 hoo
503 2309 680 2378 manifestat
704 2309 766 2402 sic:

456 2415 508 2480 23.
533 2415 635 2498 (Vere.
662 2417 737 2498 28.).
765 2413 833 2496 Qui
851 2411 999 2500 loquitur
1023 2413 1228 2500 eremetipso
1240 2435 1322 2502 pro-

362 2519 479 2608 prioru
499 2519 646 2606 glorium
668 2519 820 2610 penard,-
842 2519 897 2586 sed
930 2519 984 2604 qui
1014 2519 1139 2606 quaerit
1160 2521 1321 2606 propriam

365 2625 516 2712 gloriam,
545 2627 682 2694 mendax
718 2633 779 2706 est,
810 2625 886 2712 quia
914 2625 1051 2692 alienum
1086 2625 1145 2692 sibi
1167 2633 1320 2710 usurpat;

366 2731 462 2800 isaiae
483 2733 722 2818 quadragesimo
743 2739 852 2798 octavo
864 2733 897 2798 ³:
925 2731 1093 2798 «Gloriam
1108 2749 1211 2798 meam
1229 2731 1321 2798 alteri

365 2857 428 2906 non
451 2837 531 2906 dabo
545 2863 579 2918 »3
602 2841 657 2906 sed
678 2857 735 2926 ego
760 2837 791 2906 in
826 2839 964 2906 docendo
997 2837 1158 2924 propriam
1187 2837 1320 2924 gloriam

364 2963 427 3010 non
452 2963 588 3030 quaero,
611 2945 666 3012 sed
688 2961 806 3030 quaero
830 2943 961 3028 gloriam
983 2943 1052 3010 eius
1076 2943 1130 3028 qui
1153 2943 1236 3010 misit
1253 2961 1319 3010 me:

364 3047 434 3116 ideo
457 3049 598 3118 doctrina
627 3069 699 3116 mea
727 3067 828 3116 verax
857 3055 913 3116 est.
951 3051 1117 3134 Propterea
1142 3047 1227 3116 dicit:
1256 3047 1323 3134 Qui

434 3547 444 3580 ²
465 3551 538 3604 Vens.
557 3551 600 3608 30.
613 3579 650 3592 -··
661 3551 771 3604 inferius
782 3563 831 3616 pro
844 3547 936 3604 dooere
950 3547 1097 3620 quodquam
1111 3549 1142 3618 [Β
1152 3549 1170 3604 C
1180 3551 1232 3602 GN
1245 3551 1319 3602 omit-

363 3641 421 3692 tunt
438 3637 597 3708 quidquam]
615 3641 659 3692 ed.
675 3637 771 3694 deone
788 3651 960 3708 quemquem.

433 3721 540 3782 'Vers
559 3725 584 3780 2.
605 3755 641 3768 -
665 3727 773 3780 interius
795 3732 855 3792 post
878 3725 914 3780 El
935 3725 975 3782 sio
998 3725 1040 3778 ed.
1067 3725 1171 3792 supplet
1195 3725 1320 3782 doctrino

363 3813 477 3882 Christi,
495 3815 543 3868 sed
561 3821 670 3882 propter
687 3819 837 3890 contextum
856 3813 951 3866 melius
968 3813 1145 3878 supplendum
1167 3827 1224 3866 esse
1247 3813 1320 3866 vide·

315 3911 318 3922 ¹
363 3907 406 3956 tur
425 3903 564 3972 Christos,
584 3905 628 3958 eir.
648 3919 673 3958 v.
692 3917 747 3972 seq.

432 3987 538 4046 ³Vers.
557 3991 600 4044 22.

2280 555 2344 622 323

1386 731 1498 798 nutare
1519 731 1650 818 quaerit
1671 731 1818 818 glorium
1847 731 1920 800 2222
1940 731 2001 818 222·
2029 731 2135 798 misit·
2151 731 2265 810 2222222,
2291 731 2345 800 hic

1385 855 1491 902 222222
1513 843 1577 916 est,
1601 843 1631 904 et
1663 835 1830 904 interstitio
1865 837 1899 902 in
1934 837 1997 902 eo4
2018 857 2085 904 non
2120 843 2175 902 ort.
2198 833 2343 903 Christus

1385 939 1517 1026 gloriam
1539 941 1716 1008 Dirinitatis
1740 941 1908 1026 quaesivit,
1934 961 1997 1010 non
2019 959 2095 1010 suae
2120 939 2340 1020 humanitatis,

1385 1047 1459 1130 quia
1483 1047 1511 1114 ei
1533 1047 1636 1114 omnis
1656 1047 1757 1130 gloria
1778 1047 1929 1128 debetur;
1952 1049 2073 1134 primae
2087 1049 2128 1116 ad
2142 1047 2341 1116 Timotheum

1385 1151 1506 1236 primo:
1534 1177 1551 1210 (ε
1568 1149 1640 1236 llegi
1664 1151 1863 1218 saeculorum
1886 1153 2071 1238 immortali,
2095 1153 2260 1232 invisibili,
2285 1151 2341 1220 soli

1309 1281 1311 1284 ·
1385 1255 1449 1322 Deo
1472 1255 1575 1322 honor
1609 1260 1640 1323 et
1670 1255 1769 1340 gloria
1782 1283 1800 1316 n
1829 1263 1887 1324 etc.
1926 1261 1983 1324 uer
2014 1259 2126 1328 iustus
2158 1269 2187 1328 et
2216 1277 2340 1336 vernn,

1385 1359 1460 1444 quia
1482 1379 1502 1426 e
1523 1359 1682 1426 contrario
1703 1377 1861 1446 usurpare
1884 1361 1943 1430 sibi
1964 1365 2104 1432 alienum
2127 1367 2278 1436 honorem
2295 1371 2341 1432 est

1385 1463 1504 1532 falsitas
1525 1471 1557 1532 et
1585 1463 1749 1532 iniustitia.
1784 1465 1833 1532 Sic
1868 1469 2034 1552 usurpabit
2058 1469 2279 1550 antichristus,
2304 1469 2341 1538 de

1386 1587 1451 1656 quo
1471 1567 1587 1636 dicitur
1610 1571 1764 1638 secundae
1786 1571 1826 1638 ad
1849 1571 2139 1640 Thessalonicenses
2162 1573 2340 1644 secundo⁵z

1392 1673 1622 1742 «Enattabitur
1643 1683 1676 1742 et
1698 1674 1869 1742 extolletur
1901 1693 1999 1762 super
2029 1695 2136 1758 omne,
2159 1681 2245 1766 quod
2266 1679 2341 1746 dici·
2384 1747 2385 1750 ,

1385 1787 1440 1846 ttir
1462 1781 1572 1848 Deus⁶
1587 1805 1619 1846 n,

1751 1993 1975 2078 Qunusrronus.

1473 2203 1527 2270 22.
1541 2205 1665 2288 Quaest.
1680 2205 1701 2270 l.
1718 2203 1775 2272 Sed
1788 2205 1954 2290 quaeritur
1965 2205 2031 2272 hic:
2045 2205 2277 2272 cumbominus
2290 2223 2340 2272 oc·
2449 2265 2450 2268 ,

1386 2308 1469 2378 culte
1493 2309 1659 2378 Ierusalem
1676 2309 1850 2378 ascenderit
1866 2317 1995 2396 propter
2017 2311 2179 2378 vitandum
2201 2311 2340 2378 furorem

1386 2413 1543 2480 ludoicum
1555 2437 1564 2494 ;
1586 2413 1671 2480 unde
1694 2419 1759 2494 esi,
1780 2415 1867 2500 quod
1890 2417 1992 2498 palam
2014 2416 2103 2482 docet
2126 2415 2157 2480 in
2182 2415 2319 2502 templo?

1472 2517 1648 2604 Respondet
1685 2519 1916 2606 Augustinus',
1953 2519 2073 2606 «quod
2106 2519 2239 2600 latebat,
2272 2525 2341 2588 erat
2360 2535 2425 2592 naso·
2440 2535 2459 2580 ¹·

1385 2643 1478 2694 causa
1502 2627 1656 2710 exemplu
1682 2627 1767 2710 qnod
1787 2627 1891 2710 palam
1906 2625 2051 2710 loquitur
2067 2631 2096 2694 ot
2120 2645 2183 2694 non
2198 2631 2338 2706 tenetur,

1384 2737 1431 2798 est
1454 2731 1603 2798 indicium
1630 2731 1788 2816 potestatis
1805 2759 1835 2798 n.

1431 2867 1432 2870 ¹
1471 2837 1568 2904 hliter
1591 2843 1693 2922 potest
1714 2837 1793 2918 dici,
1818 2837 1902 2924 quod
1925 2837 1992 2924 ipsa
2015 2825 2074 2904 sua
2094 2837 2238 2906 doctrina
2252 2839 2339 2906 iuro·
2358 2853 2424 2908 neso-
2438 2853 2458 2896 2·

1385 2959 1452 3010 rem
1474 2941 1650 3010 declinabat
1671 2941 1845 3024 Iudaicum,
1870 2943 1946 3010 dum
1976 2961 2029 3012 eos
2064 2945 2163 3012 222222
2187 2945 2218 3012 in
2243 2945 2339 3013 admi-

1384 3047 1536 3122 rationem
1548 3047 1572 3116 ⁸.

1453 3547 1464 3578 ⁴
1482 3551 1595 3614 Vulgata
1614 3549 1661 3620 qni
1678 3549 1754 3604 misit
1775 3563 1850 3616 cum,
1871 3549 1912 3604 hio
1937 3563 2023 3606 ocruc
2047 3553 2097 3618 est,
2118 3553 2144 3606 et
2159 3549 2292 3606 iniustitia
2312 3551 2339 3604 in

1382 3637 1428 3692 ttto
1440 3645 1488 3692 etc.
1497 3667 1534 3680 -
1544 3639 1666 3706 seqnitur
1685 3641 1704 3692 l.
1722 3639 1791 3692 Tim.
1806 3639 1830 3704 2,
1844 3635 1887 3690 tt.
1899 3665 1935 3678 —
1948 3639 2056 3692 interius
2069 3638 2179 3692 vocibus
2192 3641 2240 3694 Est
2253 3637 2338 3708 [multi

1383 3727 1463 3782 codd.
1479 3725 1532 3794 Et]
1550 3725 1635 3780 indere
1653 3727 1695 3778 ed.
1713 3725 1836 3792 praefigit
1852 3727 1936 3794 Ergo.

1454 3811 1464 3842 ⁶
1484 3815 1558 3866 Vens.
1580 3815 1603 3866 2.
1623 3815 1673 3868 Ch.
1694 3817 1818 3882 August,
1837 3813 1862 3866 in
1882 3815 1981 3880 Evang.
2000 3815 2070 3872 ioan.
2087 3819 2118 3868 ir.
2138 3815 2181 3868 29.
2199 3829 2223 3868 n.
2244 3815 2269 3868 8.

1454 3899 1465 3932 ⁰
1483 3905 1556 3970 Quae
1576 3907 1721 3970 sequuntur
1739 3903 1766 3954 in
1784 3903 1827 3956 ed.
1844 3903 1941 3956 (2222222
1964 3901 1990 3954 in
2010 3903 2104 3956 codd:
2131 3905 2167 3956 De
2187 3903 2337 3960 huiusmodi

1382 3995 1471 4044 autern
1489 3989 1606 4044 doctrina
1625 3995 1702 4054 nota,
1719 3989 1791 4058 quod
1811 3995 1862 4042 est:
1947 3995 1948 3998 ’

654 4169 802 4224 communis
819 4165 999 4234 audientibus,
1019 4169 1087 4220 loen.
1106 4169 1153 4234 28,
1172 4169 1221 4220 202
1242 4187 1256 4214 «
1269 4171 1324 4234 Ego
1342 4169 1428 4234 palam
1448 4169 1548 4222 locutus
1568 4183 1626 4222 sum
1640 4169 1754 4236 mundo;
1772 4181 1824 4234 ego
1836 4169 1979 4236 comperio
1994 4169 2142 4236 Synagogis
2154 4169 2258 4224 docnt»
2273 4175 2336 4234 etc.;

708 4263 733 4312 et
751 4259 839 4310 Matth.
858 4257 907 4324 28,
926 4256 973 4308 292
994 4275 1009 4304 α
1022 4259 1116 4310 Euntes
1135 4257 1226 4310 docete
1244 4271 1338 4310 omnes
1355 4261 1448 4322 gentes
1466 4257 1628 4322 baptizantes
1646 4271 1692 4310 eos
1704 4277 1717 4304 n
1738 4261 1787 4310 etc.
1982 4267 1983 4272 ’

656 4347 738 4400 tidelis
757 4343 939 4412 credentibus,
959 4349 996 4398 est
1015 4343 1086 4396 enirn
1103 4359 1199 4412 verax,
1217 4347 1302 4398 Matth.
1324 4347 1371 4410 22,
1393 4347 1439 4398 262
1462 4345 1603 4410 «Scimus,
1616 4345 1678 4412 quia
1697 4359 1776 4400 verax
1793 4361 1824 4400 es
1841 4351 1867 4400 et
1895 4345 1966 4400 viam
1984 4347 2032 4400 Dei
2049 4347 2205 4400 inveritate
2222 4349 2337 4402 doces».

707 4437 778 4488 Haec
795 4433 892 4486 veritas
908 4445 964 4486 non
981 4431 1104 4486 omnibus
1123 4439 1209 4500 patet,
1226 4433 1275 4486 sed
1292 4433 1472 4498 credentibus,
1492 4447 1575 4498 supra
1593 4435 1623 4500 3,
1644 4435 1695 4486 33:
1718 4433 1794 4502 «Qui
1814 4435 1914 4500 accepit
1938 4435 2113 4488 testimonium
2138 4437 2195 4490 eius
2212 4437 2338 4502 signavit,

622 4523 1107 4592 'mmfflmff
1424 4579 1425 4582 ¹
2310 4535 2311 4538 ¹

442 4631 479 4684 ad
495 4627 608 4694 discipu.
656 4611 724 4664 utilis
740 4607 996 4676 obtemperantibus,
1018 4609 1072 4664 lsai.
1093 4609 1140 4676 28,
1161 4609 1212 4664 272
1232 4611 1314 4676 «Ego
1333 4609 1461 4664 Dominis
1478 4609 1548 4662 Deus
1566 4615 1627 4664 tuus
1647 4611 1743 4664 docens
1771 4615 1795 4664 te
1823 4611 1907 4676 utilia,
1937 4609 2088 4676 gubernans
2111 4615 2139 4664 te
2159 4611 2185 4664 in
2210 4613 2267 4678 via,
2285 4627 2338 4680 qua

491 4701 546 4754 lum
708 4697 828 4754 ambulas
842 4715 870 4766 »;
890 4703 916 4752 et
932 4699 993 4766 Sap.
1014 4699 1043 4764 8,
1061 4697 1080 4750 7
1088 4715 1094 4750 :
1115 4717 1128 4744 α
1143 4697 1314 4752 sobrietatem
1334 4697 1404 4750 enirn
1421 4697 1500 4750 docet
1519 4703 1543 4752 et
1561 4697 1715 4764 sapientiam
1734 4703 1761 4752 et
1778 4697 1902 4752 iustitiam
1920 4703 1947 4752 et
1967 4699 2105 4762 virtutem,
2131 4699 2226 4766 quibus
2252 4701 2338 4756 ulidus

707 4787 770 4840 nihil
789 4791 827 4840 est
846 4787 872 4838 in
891 4787 945 4838 vita
965 4785 1158 4850 homiuibusn3
1185 4787 1213 4838 ll.
1241 4787 1309 4838 Tim.
1340 4787 1368 4852 3,
1399 4787 1446 4838 262
1469 4805 1481 4834 n
1501 4787 1593 4840 Omnis
1621 4787 1755 4850 Scriptura
1781 4787 1908 4838 divinitus
1931 4787 2055 4852 inspirata
2081 4787 2149 4840 utilis
2172 4795 2213 4842 est
2235 4787 2271 4842 ad
2294 4789 2338 4844 do·

707 4875 821 4930 cendum
836 4895 849 4922 2
869 4879 918 4928 etc.

655 4963 776 5018 sublimis
793 4967 921 5030 periectos
938 4977 996 5016 esse
1015 4961 1177 5026 volentibus,
1196 4963 1223 5016 in
1241 4963 1317 5016 cuius
1335 4961 1372 5016 rei
1393 4963 1498 5028 signum
1520 4961 1649 5014 Dominus
1665 4975 1727 5014 cum
1746 4961 1893 5014 doctrinam
1910 4961 2033 5026 perlectis
2051 4961 2169 5030 tradidit,
2183 4963 2337 5018 tumentem

707 5051 838 5118 ascendit,
857 5053 942 5104 Matth.
963 5053 992 5116 5,
1013 5051 1038 5104 2.
1055 5065 1149 5120 seqq:
1169 5071 1182 5098 a
1196 5051 1319 5104 Ascendit
1337 5053 1409 5104 lesus
1425 5051 1452 5102 in
1471 5055 1600 5116 montem,
1613 5055 1641 5102 et
1658 5063 1719 5102 cnm
1739 5049 1860 5114 sedisset,
1881 5047 1992 5102 docebat
2006 5047 2147 5116 discipulos
2158 5065 2221 5106 suos
2232 5051 2337 5108 dicens:

708 5139 780 5192 Beati
797 5153 928 5204 pauperes
947 5137 1065 5204 spiritu»
1089 5143 1137 5192 etc.

655 5241 816 5298 admirabilis
836 5243 1027 5310 singularitate,
1045 5243 1107 5308 quia
1124 5243 1196 5296 solos
1214 5243 1270 5294 sine
1288 5241 1409 5308 doctore,
1428 5243 1497 5294 loan.
1517 5243 1547 5306 7,
1568 5241 1608 5294 22.
1629 5255 1701 5308 seq:
1723 5241 1872 5296 «Ascendit
1892 5243 1962 5296 lesus
1979 5243 2007 5294 in
2025 5245 2151 5312 templum
2169 5251 2196 5300 et
2212 5243 2337 5312 docebat,

709 5339 735 5386 et
752 5329 916 5384 mirabantur
933 5331 1035 5396 ludaei,
1053 5329 1181 5384 dicentes:
1201 5329 1340 5396 Quomodo
1352 5329 1395 5382 hic
1408 5329 1504 5384 litteras
1518 5329 1581 5396 scit,
1594 5345 1654 5384 cum
1673 5345 1728 5384 non
1739 5331 1860 5384 didicerit
1871 5333 1906 5384 »t
1925 5333 2002 5386 Solus
2015 5333 2070 5386 sine
2081 5333 2193 5402 22222222,
2205 5337 2292 5388 2222222.
2305 5333 2334 5400 7,

710 5423 751 5474 28.
772 5433 843 5486 seq:
863 5415 1095 5472 «admirabantur
1112 5415 1206 5471 turbae
1224 5432 1302 5484 snper
1322 5417 1438 5472 docmina
1458 5419 1529 5484 eins;
1556 5417 1700 5472 eratenim
1718 5419 1815 5474 docens
1839 5433 1885 5474 eos
1908 5419 1976 5474 sicut
2000 5425 2155 5486 potestatem
2181 5421 2292 5486 habens,
2312 5429 2338 5476 et

707 5525 762 5564 non
782 5507 849 5562 sicut
866 5507 973 5560 scribae
990 5521 1083 5560 eorum
1101 5513 1126 5560 et
1145 5507 1275 5560 Pharisaei
1288 5527 1311 5558 n.

656 5597 845 5662 investigabilis
863 5595 1053 5662 profunditate3
1072 5597 1100 5648 in
1118 5609 1150 5648 eo
1169 5595 1237 5650 enim
1256 5598 1317 5648 sunt
1336 5609 1426 5648 omnes
1445 5597 1560 5648 thesauri
1572 5597 1728 5666 sapientiae,
1741 5597 1775 5652 ad
1787 5599 1862 5650 Rom.
1878 5599 1925 5660 ti,
1940 5601 1986 5652 33:
2010 5597 2053 5650 «0
2067 5597 2173 5654 altitudo
2187 5599 2337 5654 divitiarum

708 5685 851 5754 sapientiae
874 5691 901 5738 et
926 5685 1048 5738 scientiae
1075 5685 1140 5738 Deit
1168 5699 1247 5750 quam
1277 5683 1549 5750 incomprehensibilia
1577 5689 1637 5740 sunt
1664 5685 1760 5738 indicia
1786 5685 1856 5754 eius,
1886 5691 1911 5740 et
1936 5687 2130 5752 investigabiles
2154 5687 2213 5742 riae
2236 5687 2336 5742 eiusnt

707 5773 784 5828 Eccli.
803 5773 852 5840 22,
871 5773 921 5828 262
941 5793 955 5820 ιι
968 5773 1059 5826 Adhuc
1078 5773 1223 5834 doctrinam
1240 5771 1316 5840 quasi
1334 5773 1499 5838 prophetiam
1520 5775 1677 5828 effundam»
1701 5779 1765 5840 etc.;
1783 5775 1860 5828 22222.
1878 5775 1909 5840 2,
1928 5777 1960 5828 22
1981 5795 1994 5822 ιε
2008 5777 2123 5828 Docebat
2141 5773 2230 5830 turbas
2249 5777 2276 5828 in
2292 5789 2337 5840 pa·

707 5861 905 5916 rabolis‘mnlta
918 5879 948 5924 1³3
968 5867 993 5914 22
1010 5861 1098 5914 Μ22222.
1117 5861 1166 5924 23,
1184 5861 1215 5912 32
1237 5861 1376 5912 «Locutus
1395 5867 1434 5914 est
1451 5861 1488 5914 eis
1508 5863 1590 5914 multa
1607 5861 1634 5914 in
1653 5861 1821 5930 parabolis».

655 5951 815 6004 invariabilis
833 5949 1023 6018 uniformitate,
1042 5949 1128 6002 2222222.
1148 5947 1195 6014 22,
1217 5949 1264 6002 352
1286 5947 1419 6002 «Caelum
1444 5955 1471 6002 et
1497 5955 1566 6004 terra
1586 5949 1746 6018 transibunt,
1765 5943 1953 6004 verberantem
1972 5965 2031 6006 mea
2048 5967 2103 6006 non
2121 5951 2336 6018 praeteribunt».

707 6041 815 6094 Econtra
835 6039 951 6092 doctrina
971 6037 1161 6092 haereticorum
1179 6035 1308 6100 variatur,
1328 6039 1399 6092 unde
1416 6039 1482 6104 Eph.
1502 6039 1534 6104 2,
1553 6039 1601 6092 li:
1622 6059 1636 6086 2
1650 6041 1704 6092 lam
1721 6053 1775 6092 non
1792 6041 1875 6092 simus
1893 6039 1996 6106 parvuli
2015 6041 2167 6094 fluctuantes
2185 6047 2211 6094 et
2227 6041 2337 6092 circum·

709 6131 825 6182 feramur
843 6127 917 6180 omni
934 6131 1012 6180 vento
1032 6125 1190 6180 doctrinae»
1214 6129 1276 6192 etc.;
1294 6125 1372 6178 Hebr.
1394 6127 1440 6190 23,
1463 6127 1491 6180 92
1515 6111 1671 6182 &bortrinis
1688 6127 1770 6182 variis
1787 6131 1812 6180 et
1830 6127 1975 6194 peregrinis
1992 6127 2073 6182 nolite
2090 6125 2186 6182 abduci
2199 6149 2223 6180 2.

654 6215 887 6284 irreprehensibilis
907 6215 1053 6282 sanctitate,
1065 6213 1127 6280 quia
1140 6213 1169 6266 id
1181 6211 1283 6278 ipsum,
1301 6215 1373 6278 quod
1394 6215 1494 6284 docuit,
1507 6215 1581 6284 seoii;
1600 6215 1669 6270 unde
1687 6217 1742 6270 Act.
1765 6217 1792 6282 2,
1807 6217 1816 6266 2
1830 6233 1837 6268 2
1859 6215 1974 6282 «Coepit
1986 6219 2057 6270 lesus
2071 6219 2156 6270 iacere
2168 6221 2194 6268 et
2206 6215 2300 6270 docere
2309 6233 2335 6278 ³³3

711 6317 759 6358 nec
778 6309 877 6358 tantum
897 6303 969 6370 lecit,
988 6303 1070 6356 immo
1089 6299 1224 6368 sustinuit,
1241 6305 1268 6352 et
1286 6299 1323 6354 sic
1341 6303 1486 6356 doctrinam
1505 6317 1581 6358 suurn
1601 6301 1838 6358 commendabilem
1857 6305 1930 6368 222222
1950 6305 2028 6358 Prov.
2046 6305 2094 6372 29,
2114 6305 2164 6356 ll:
2187 6323 2202 6350 o
2214 6301 2336 6356 Doctrina
2369 6335 2371 6340 ·

704 6395 754 6446 viri
774 6407 821 6458 per
839 6391 989 6458 patientiam
1008 6389 1122 6444 noscitur
1134 6407 1162 6440 n.

362 5207 389 5636 commendabilis
365 4873 396 5174 comparate

456 5779 491 5830 ad
508 5777 589 5842 blagi-

476 5853 557 5900 strum

431 6585 441 6618 l
461 6589 489 6640 ln
506 6591 574 6642 loen.
594 6593 693 6656 Evang.
712 6595 744 6644 tr.
762 6589 806 6642 29.
824 6603 852 6642 n.
870 6591 902 6640 22
922 6587 985 6640 hlud
1007 6587 1092 6650 enim,
1111 6589 1138 6638 ut
1151 6585 1247 6648 lateret,
1259 6591 1315 6638 erat

359 6693 440 6734 cause
457 6677 582 6744 exempli,
602 6681 651 6730 hoc
670 6677 811 6744 potestatis.

431 6761 609 6830 ⁸Chrysost.,
627 6767 654 6820 in
673 6767 741 6820 loon.
758 6765 850 6818 homil.
869 6763 912 6818 28.
930 6763 1002 6832 (elias
1022 6763 1074 6832 28.)
1095 6779 1121 6816 n.
1141 6763 1170 6814 22
1189 6761 1257 6828 Quid
1271 6763 1315 6816 do·

359 6853 528 6922 cuerit,„non
546 6859 633 6908 narrat
650 6853 828 6922 Evangelista3
846 6853 874 6906 id
892 6853 978 6908 solum
990 6851 1065 6916 dicit,
1079 6849 1152 6918 quod
1163 6849 1314 6904 mirabiliter

1378 6587 1413 6642 sit
1428 6589 1545 6652 locutus,
1562 6587 1637 6654 quod
1655 6587 1727 6650 ipsos
1744 6587 1898 6640 demulserit
1914 6589 1941 6640 et
1964 6587 2084 6654 mutarit;
2108 6591 2178 6640 222222
2204 6585 2334 6638 dictorum

1377 6677 1462 6730 virtus
1479 6683 1544 6730 erat.
1562 6675 1612 6742 Qui
1628 6687 1693 6728 vero
1713 6673 1835 6728 dicebant
1852 6671 1960 6728 Seducit
1977 6671 2088 6728 tertam
2105 6673 2196 6726 mutati
2215 6673 2269 6726 iarn
2287 6673 2335 6728 ad-

1378 6761 1554 6826 mirabantur,
1584 6763 1696 6830 ideoque
1721 6761 1758 6814 sic
1784 6761 1974 6830 loquebantur:
1994 6757 2134 6826 Quomodo
2155 6759 2208 6818 seit
2229 6761 2334 6818 22222222

1377 6849 1427 6922 qni
1443 6863 1498 6906 nort
1517 6849 1626 6906 didicit?
