5916 8276
594 581 612 644 8
1334 573 1553 642 PROOEMIUM
1578 571 1832 638 declamaretur

592 761 703 820 utrum
725 755 786 820 boc
800 753 883 820 dieat
905 755 938 820 in
954 769 1088 836 persona
1109 751 1256 836 propria,
1277 749 1326 818 rel
1341 749 1458 816 aliena:
1475 767 1550 834 ergo

558 915 560 920 .
590 857 748 938 nescitur,
773 859 849 952 quid
870 859 903 926 in
926 859 986 924 hoe
1010 857 1090 922 libro
1121 857 1309 936 tenendum,
1342 855 1417 940 quid
1442 873 1550 940 repra-

504 1043 505 1046 ,
591 963 747 1030 bandum:
773 983 848 1050 ergo
863 949 940 1030 baec
956 961 1107 1028 εῖίθθῖῖθ1
1133 963 1182 1028 ria
1203 967 1249 1028 cst
1266 961 1303 1028 ad
1320 977 1472 1028 errorem.
1490 959 1549 1028 Sed

591 1069 662 1136 libri
677 1071 818 1136 canonici
840 1069 954 1136 debent
968 1087 1105 1154 purgare
1129 1071 1287 1136 errorem:
1304 1085 1380 1152 ergo
1396 1067 1474 1134 liber
1490 1067 1548 1132 iste

593 1175 747 1242 tollendus
771 1181 819 1242 θεῖ
841 1175 879 1242 de
902 1191 1029 1244 canone.

680 1279 882 1364 Respondee:
916 1277 1098 1358 dicendum,
1134 1279 1219 1364 quod
1252 1277 1337 1364 loqui
1368 1277 1486 1362 aliquid
1518 1277 1548 1342 in

425 1403 568 1500 ᾶὲῧεῃρὲϋθοιὲιὲ
591 1403 725 1470 persona
746 1385 826 1452 latui
848 1387 898 1454 rel
920 1384 1054 1452 earnalis
1078 1389 1125 1452 est
1148 1385 1332 1470 dupliciter:
1355 1383 1405 1448 vel
1436 1389 1472 1450 ut
1494 1399 1548 1480 ap·

544 1687 545 1690 ¹
590 1599 693 1664 Primo
713 1599 803 1666 modo
822 1617 885 1664 non
908 1597 1050 1666 etinvenit
1070 1595 1217 1664 scientiae
1236 1595 1392 1674 veritatis;
1412 1593 1548 1660 seeundo

483 1707 484 1710 ’
590 1703 681 1772 modo
705 1691 865 1784 convenit,
883 1705 963 1772 sicut
980 1703 1005 1770 si
1028 1703 1143 1786 aliquis
1164 1703 1258 1768 uellet
1274 1717 1415 1768 errorem
1440 1715 1547 1782 repre-

590 1811 664 1878 bare
684 1817 719 1894 et
740 1811 831 1896 prius
852 1811 941 1878 illum
965 1807 1152 1894 explicaret,
1184 1805 1382 1896 postmodum
1405 1803 1547 1872 destrue-

590 1925 648 1984 ret.
671 1917 708 1984 Et
730 1919 790 1984 boc
814 1919 905 1984 modo
927 1915 1079 2002 lentatur,
1103 1931 1164 1980 uon
1188 1913 1307 2000 prime;
1340 1919 1371 1978 et
1394 1911 1463 1978 ideo
1481 1929 1547 1978 ‘non

590 2031 637 2090 est
659 2025 894 2110 reprehendite,
917 2023 1012 2094 immo
1034 2021 1313 2100 commendandae,
1337 2019 1412 2104 quia
1439 2037 1547 2104 repre-

590 2131 643 2198 bat
665 2131 870 2216 reprobanda.

600 2295 622 2328 Ἴ,
677 2243 708 2306 b.
733 2237 823 2324 Quod
845 2237 1002 2314 obiicitur,
1027 2235 1101 2320 auia
1123 2235 1278 2314 nescitur,
1301 2233 1427 2320 quando
1447 2233 1546 2318 leuari-

437 2357 569 2420 Sdrteae·
589 2353 642 2414 tur
664 2345 698 2410 in
728 2351 861 2430 persona
885 2361 958 2420 sua;
989 2341 1173 2420 dicendum,
1210 2341 1293 2426 qued
1328 2339 1546 2424 disputationis

436 2415 537 2466 'pm'
588 2453 687 2542 altere
710 2467 783 2536 pars
806 2467 867 2516 noa
898 2453 1000 2534 potest
1021 2447 1109 2528 seiri,
1135 2425 1301 2534 quouse'pae
1331 2447 1476 2512 veniatur
1503 2445 1545 2514 ,ad

589 2557 773 2624 seutentiam
795 2555 888 2622 etad
910 2553 1216 2632 determinationem,
1239 2553 1314 2638 quia
1337 2551 1369 2616 in
1393 2549 1545 2628 solatione

588 2663 702 2742 scitur,
725 2663 799 2748 quid
832 2663 966 2748 eligatur
995 2657 1125 2744 etquid
1149 2659 1347 2744 reprobetur.
1381 2657 1428 2724 Sic
1459 2655 1544 2736 dice,

588 2769 672 2854 qraed
703 2767 900 2840 Ecclesiastes
933 2765 1074 2852 procedit
1108 2763 1199 2852 quasi
1225 2763 1412 2850 disputando
1443 2781 1545 2848 usque
1583 2829 1584 2832 ,

504 2909 558 2958 χῚ
587 2875 625 2954 ed
650 2875 744 2954 linem
767 2873 839 2940 libri
862 2879 895 2954 et
921 2871 1065 2938 intine²
1088 2871 1141 2938 dat
1171 2871 1374 2948 sententiam,
1403 2887 1476 2940 cum
1499 2869 1544 2936 di-

587 2979 650 3048 cit:
685 2981 801 3046 Finem
841 2977 991 3068 leqaeude'
1025 2997 1136 3044 amaea
1170 2977 1301 3062 paritet·
1337 2975 1542 3044 eadtomee:

589 3087 692 3152 Deuca
716 3087 810 3164 time,
836 3093 863 3152 θῖ
886 3085 981 3164 acite,
1006 3083 1095 3174 qued
1108 3101 1172 3170 pac
1196 3083 1287 3170 maai
1309 3089 1420 3150 errato
1437 3083 1543 3148 adda-

554 3275 561 3280 ·
587 3203 633 3260 eet
649 3203 675 3260 te
701 3197 787 3260 Deae
802 3195 840 3260 t'te
858 3191 1032 3260 iodicium.
1049 3191 1083 3256 ln
1097 3209 1161 3276 que
1177 3191 1275 3256 verbo
1292 3189 1420 3254 damnat
1436 3205 1543 3254 omues

586 3299 753 3368 sententias
770 3299 943 3378 fatuorum,
963 3295 1136 3364 carnalium
1151 3301 1182 3362 et
1200 3295 1441 3362 mundanorum.
1459 3295 1543 3362 Unde

470 3405 475 3410 “
587 3407 670 3494 qaod
692 3407 735 3490 illi
760 3405 930 3490 sententiae
953 3401 1120 3488 concerdat
1142 3401 1177 3486 in
1198 3401 1327 3488 propria
1341 3417 1482 3486 persona
1497 3401 1543 3470 di-

587 3513 645 3592 cit,
669 3511 752 3596 qued
787 3527 862 3578 rere
885 3509 1054 3588 discordat,
1091 3507 1122 3574 ia
1157 3525 1290 3592 persone
1326 3503 1476 3572 aliorum:
1514 3513 1544 3572 θῖ

587 3617 655 3686 ideo
677 3635 739 3684 uon
764 3621 864 3702 potest
888 3615 959 3684 sciri
984 3615 1062 3680 liber
1087 3615 1161 3692 istc,
1185 3613 1245 3680 uisi
1268 3611 1415 3680 audiatur
1450 3617 1540 3680 totus

561 3917 562 3920 Ἴ
674 3819 832 3914 eransrro
855 3829 902 3896 lV.
926 3827 972 3894 De
995 3845 1101 3894 caasa
1125 3825 1276 3914 efficiente
1298 3823 1452 3890 circadam.

587 4011 589 4016 Ι
606 4013 608 4016 ¹
673 4043 776 4110 Potest
791 4041 884 4108 etiam
896 4039 1005 4126 quaeri
1022 4039 1133 4106 ultimo
1148 4039 1187 4106 de
1202 4037 1368 4126 efficiente
1382 4043 1412 4104 et
1422 4037 1541 4102 dictum

585 4157 649 4230 est,
665 4151 749 4236 qued
766 4149 903 4216 alliciens
917 4147 977 4214 luit
995 4147 1149 4214 Salomon.
1166 4145 1255 4230 Quod
1271 4149 1376 4210 autem
1393 4161 1453 4210 non
1469 4161 1542 4210 con-

585 4255 703 4334 ueniat,
727 4256 821 4322 talem
843 4271 910 4322 esse
933 4257 1110 4328 auctorem,
1134 4251 1274 4318 videtur:

677 4365 705 4426 l.
725 4361 804 4446 Quia
824 4361 890 4446 ipse
906 4359 966 4426 luit
980 4363 1125 4442 peccator
1142 4363 1172 4424 et
1188 4355 1335 4436 carnalis;
1352 4355 1406 4424 sed
1417 4357 1542 4442 quande

585 4469 718 4536 earnalis
740 4467 898 4552 praedicet
924 4463 1191 4550 spiritualitatem,
1221 4463 1326 4556 petias
1357 4463 1542 4530 scandalizat

520 4561 526 4576 '
585 4595 679 4660 qaam
704 4573 857 4640 aediticet:
874 4591 950 4658 ergo
968 4571 1047 4638 liber
1064 4567 1122 4638 iste
1145 4571 1251 4656 potius
1274 4577 1320 4638 est
1336 4570 1375 4636 ad
1391 4587 1543 4656 generan-

584 4683 658 4748 dam
682 4679 861 4748 scandalum
886 4695 980 4764 qaam
1004 4667 1259 4742 aedificationem.
1288 4665 1299 4742 J

673 4789 705 4854 D.
727 4787 822 4866 ltem,
845 4787 877 4852 in
900 4783 1044 4850 Pselme³
1069 4783 1202 4850 dieitur:
1226 4783 1401 4850 Peccatori
1433 4791 1542 4850 aetem

586 4895 670 4962 dimit
693 4895 799 4960 Deae:
827 4895 938 4976 (letare
954 4899 989 4956 ta
1013 4907 1158 4956 enarras
1172 4889 1320 4956 testatas
1336 4889 1448 4956 meet?
1464 4889 1543 4974 Ergo

585 5003 610 5070 si
635 5003 778 5068 Salomon
800 5003 945 5084 peccator
967 5003 1053 5074 erat,
1078 5013 1152 5082 ergo
1172 4997 1320 5080 peccabat
1343 4995 1478 5062 divinam
1496 4995 1543 5060 iu-

585 5109 700 5176 stitiam
724 5105 908 5174 enarrando.

674 5213 704 5280 3.
728 5215 906 5288 Praeterea,
941 5211 1042 5276 laeuas
1077 5217 1188 5276 auctor
1211 5207 1284 5276 feeit
1319 5205 1428 5286 tidem,
1460 5207 1542 5272 unde

586 5321 678 5388 babet
694 5321 792 5388 robur
810 5319 900 5384 locas
914 5315 957 5382 ab
969 5315 1166 5382 auctoritate
1178 5315 1208 5394 4,
1224 5333 1299 5402 ergo
1317 5313 1417 5378 malus
1433 5321 1543 5378 auctor

585 5429 704 5496 nullam
726 5427 834 5506 tidem;
851 5425 906 5492 sed
928 5423 999 5490 libri
1017 5439 1124 5490 sacrae
1135 5411 1136 5414 '
1147 5423 1327 5508 Scripturac
1348 5425 1422 5486 sunt
1437 5419 1475 5486 ad
1491 5437 1543 5504 ge·

585 5533 756 5602 necandam
779 5531 890 5600 fidem:
913 5549 988 5616 ergo
1012 5523 1070 5596 etc.
1390 5539 1391 5544 ¹

673 5639 717 5706 td
736 5639 795 5706 boc
812 5637 1078 5722 respondendum,
1094 5635 1193 5720 qued,
1211 5633 1290 5702 sicat
1306 5633 1381 5702 dicit
1396 5633 1544 5716 Hieronp-

498 5767 530 5796 ε·
560 5783 565 5794 ·
587 5763 657 5812 mus
672 5745 696 5824 5,
721 5751 757 5810 ut
777 5743 905 5810 tradunt
928 5741 1076 5820 Hebraei,
1100 5741 1179 5806 liber
1193 5741 1260 5828 iste
1280 5737 1455 5826 Salomonis
1485 5737 1544 5826 fait

431 4479 467 4520 ald
482 4477 566 4532 opposi-

474 4537 517 4574 tam

658 6179 667 6212 ¹
687 6181 752 6236 Cod.
770 6179 789 6234 C
807 6179 945 6236 acceleratio.
964 6179 1092 6244 intellige:
1115 6181 1193 6232 liuius
1211 6179 1268 6234 libri
1287 6177 1414 6232 doctriua.

658 6269 667 6300 e
686 6271 750 6336 Cap.
772 6271 818 6332 lt,
839 6269 880 6322 l3.
900 6283 956 6336 seq.
973 6269 1033 6320 Post
1050 6269 1137 6322 Dotem
1157 6269 1218 6322 lianc
1237 6273 1264 6322 S.
1282 6271 1383 6320 Dorceu.
1395 6279 1449 6318 noa
1461 6265 1542 6318 rerba

588 6359 674 6414 olitaria
695 6359 843 6424 Scripturas
861 6355 977 6410 adducit.

659 6445 669 6476 ³
689 6449 783 6502 Psalrn.
802 6447 850 6512 te,
871 6448 912 6500 ld.

658 6533 792 6598 4Βοθῖῖῖ,
813 6537 841 6588 ll.
857 6535 891 6590 de
910 6533 1065 6586 Disserentiis
1092 6533 1185 6600 topic,
1204 6533 1344 6586 anaxirnam
1374 6533 1452 6585 lautas
1478 6533 1542 6596 loci,

588 6623 633 6690 aad
653 6623 729 6676 etiem
749 6639 785 6678 eea
803 6623 844 6678 rei
860 6623 959 6680 iudicio
972 6621 1075 6686 elicitur,
1088 6623 1125 6674 sic
1137 6623 1275 6688 proponit:
1296 6621 1401 6686 «Quod
1420 6621 1542 6674 ortanibus

588 6713 628 6764 rel
636 6711 762 6776 ptmtbas
774 6713 816 6764 rel
829 6711 989 6776 repitentibus
1002 6709 1154 6764 bominibus
1165 6711 1284 6776 ridetur,
1296 6711 1321 6762 ei
1334 6707 1477 6762 contradict
1489 6723 1542 6760 nen

589 6805 709 6864 opertere
722 6819 747 6852 a.
767 6801 834 6852 Patr.
851 6801 972 6864 Hispan,
990 6801 1119 6852 Sarrnmal.
1139 6803 1170 6852 tr.
1190 6799 1222 6852 de
1241 6797 1410 6860 tabescente:
1429 6797 1542 6850 Auctori-

589 6893 626 6940 tas
634 6925 641 6950 ,
661 6891 688 6938 ut
708 6887 747 6938 bie
768 6887 891 6950 statuitur,
905 6893 944 6940 est
956 6887 1081 6940 iudicium
1100 6887 1223 6952 sortientia
1237 6887 1262 6938 in
1276 6901 1322 6938 sera
1336 6885 1451 6938 seientia.
1467 6885 1542 6938 Unde

556 1513 558 1516 ·
591 1493 720 1578 probet,
755 1492 804 1558 rel
839 1493 875 1558 ut
908 1491 1056 1574 reprobet
1091 1495 1122 1558 θῖ
1144 1507 1260 1556 vanum
1293 1505 1362 1556 esse
1396 1487 1568 1564 Ostendat,

1613 749 1835 834 poenitentiam
1858 749 2003 834 egentis,
2019 755 2059 824 etw
2074 749 2148 834 quie
2171 767 2231 824 nen
2264 751 2372 822 abiicit·
2387 755 2475 822 'Deus
2496 765 2571 842 poe,-

1613 853 1764 932 nitentes,
1780 851 1840 920 sed¹
1856 851 1961 938 petius
1976 861 2131 940 acceptat,
2153 857 2326 924 seeundum
2349 859 2409 926 bec
2424 877 2487 926 non
2504 867 2571 928 erat

1613 959 1758 1025 Salomon
1773 959 1805 1024 in
1829 965 1913 1026 stata
1930 959 2187 1046 reprehensibili,
2203 963 2328 1046 quande
2351 965 2437 1034 bunc
2452 965 2569 1034 librum

1613 1063 1748 1148 scripsit.
2311 1123 2318 1130 .
2449 1117 2451 1122 .

1675 1175 1677 1178 ’
1701 1169 1795 1236 blitea
1821 1171 2001 1256 responderi
2024 1177 2142 1256 petest,
2174 1173 2259 1260 qaod
2281 1175 2416 1260 Spiritus
2444 1185 2571 1244 sanetus
2588 1187 2653 1240 Besa·
2669 1187 2690 1230 a

1612 1293 1674 1340 nen
1700 1279 1821 1340 tautum
1844 1275 1986 1360 loquitur
2009 1295 2083 1344 rere
2106 1283 2139 1344 et
2160 1277 2243 1346 boae
2258 1297 2315 1364 per
2337 1281 2451 1362 bonos,
2474 1283 2571 1350 imme

1612 1381 1706 1446 etiam
1728 1397 1785 1464 per
1808 1381 1921 1460 males;
1948 1383 2029 1450 unde
2054 1381 2120 1468 ipse
2142 1385 2293 1452 Dominus
2317 1385 2348 1452 in
2381 1385 2569 1472 evangelice

1611 1485 1703 1552 dicit:
1728 1487 1821 1566 Quae
1842 1487 1959 1554 dicant
1978 1487 2094 1576 facite,
2120 1511 2203 1580 qaae
2225 1499 2335 1560 etatem
2357 1493 2492 1580 fecittot
2513 1515 2570 1562 eo-

1612 1587 1927 1676 titefacerc511ude
1951 1601 1980 1658 et
2004 1613 2061 1678 per
2090 1595 2212 1664 Balaam
2237 1601 2473 1684 expressissime
2498 1619 2570 1684 pro-

1610 1695 1764 1868 phetavit,
1788 1697 1833 1762 sie
1847 1703 1880 1762 et
1895 1693 1952 1780 per
1967 1699 2160 1766 Salomonem
2186 1703 2276 1768 etiem
2294 1707 2450 1772 carnalem
2470 1707 2569 1772 multe

1633 1821 1693 1868 aaa
1715 1801 1804 1868 dixit.

1702 1905 1845 1990 D'Qued
1880 1927 1955 1994 ergo
1988 1911 2145 1992 obiicitur,
2182 1909 2265 2000 qnod
2299 1917 2365 2000 ipse
2399 1919 2567 2002 peccabat3
2586 1927 2669 1990 sonae
2684 1941 2721 1984 ορ.

1611 2013 1877 2100 respondendum,
1895 2017 1977 2102 qued
1994 2017 2052 2084 sibi
2070 2025 2137 2084 erat
2151 2019 2269 2086 dentem
2292 2023 2460 2106 sapientiae
2485 2043 2568 2092 cem·
2588 1985 2712 2036 mm

1610 2121 1743 2188 missum
1766 2121 1985 2204 specialissime
2016 2123 2097 2192 inter
2121 2125 2210 2204 alios;
2243 2133 2273 2194 θῖ
2297 2129 2372 2214 quia
2401 2131 2567 2198 tenebatur

1610 2227 1763 2294 talentum
1793 2227 1914 2293 Domini
1948 2247 2009 2296 nen
2031 2231 2221 2300 abscondere
2240 2235 2262 2314 ⁷,
2293 2235 2425 2304 debebat
2455 2237 2567 2320 dooere

1609 2333 1763 2418 populum
1785 2331 1906 2402 Domini
1931 2345 1962 2404 et
1994 2339 2089 2406 verbe
2113 2347 2143 2406 et
2174 2339 2308 2426 scripto,
2329 2345 2465 2410 maxime
2495 2363 2565 2412 eum

1609 2447 1692 2510 esset
1713 2441 1752 2508 ad
1775 2441 1842 2510 eius
1866 2445 2005 2528 regimen
2027 2445 2200 2514 institutus.
2225 2447 2311 2516 Unde
2333 2469 2394 2516 non
2419 2453 2566 2538 peccabat

1608 2547 1641 2614 in
1664 2549 1741 2626 boc,
1766 2549 1850 2630 qued
1874 2549 2020 2632 decebat,
2045 2551 2098 2618 sed
2123 2551 2154 2618 ia
2178 2555 2255 2634 boe,
2278 2555 2363 2642 qaod
2386 2545 2567 2624 condebito

1610 2671 1644 2720 se
1661 2653 1852 2738 disponebat.
2548 2695 2549 2698 =

1700 2759 1728 2824 3.
1754 2759 1842 2844 Qurtd
1865 2761 2022 2840 obiicitur,
2046 2765 2130 2850 qarod
2160 2783 2221 2832 nen
2247 2774 2293 2834 est
2317 2771 2506 2838 eredendum
2530 2771 2567 2836 ti-

1608 2867 1684 2948 bre,
1709 2885 1781 2932 eum
1814 2873 1923 2934 auctor
1954 2889 2016 2936 non
2048 2869 2087 2936 sit
2117 2869 2230 2956 dignas
2261 2875 2337 2954 lide;
2372 2877 2565 2960 respondeo:
2622 2939 2623 2942 ,
2668 2939 2669 2944 ,

1608 2973 1691 3038 sicut
1712 2971 1872 3040 eredimus
1895 2975 2073 3058 Prophetis,
2090 2975 2175 3062 qaod
2198 2997 2260 3044 aon
2283 2999 2340 3064 per
2364 2999 2413 3060 se,
2440 2981 2493 3050 sed
2509 3001 2565 3068 pec

1608 3077 1760 3164 Spiritum
1782 3087 1924 3148 sanctum
1949 3083 2043 3148 locuti
2069 3089 2158 3164 sunt;
2184 3085 2226 3152 sie
2251 3093 2280 3152 θῖ
2305 3089 2334 3152 in
2359 3089 2505 3156 omnibus
2528 3091 2565 3156 li-

1607 3185 1673 3252 bris
1705 3185 1901 3270 Scripturae,
1931 3189 2016 3272 qaod
2042 3189 2159 3274 Spiritu
2190 3185 2298 3260 'saneto
2325 3193 2459 3262 dictante
2492 3205 2565 3262 suat

1606 3293 1695 3374 editi;
1718 3291 1802 3358 unde
1826 3293 1947 3362 benitas
1977 3313 2128 3380 personae
2150 3317 2213 3364 non
2244 3299 2317 3368 lacit
2349 3301 2388 3368 ad
2412 3301 2562 3370 maiorem

1607 3399 1654 3486 rel
1671 3397 1825 3486 minorem
1849 3399 1959 3486 tidem,
1976 3401 2036 3470 hoe
2060 3405 2273 3488 supponendo,
2296 3409 2379 3494 qued
2394 3408 2491 3478 luerit
2507 3427 2564 3494 pca

1607 3503 1758 3588 Spiritum
1781 3505 1914 3572 loeutus.
1941 3507 1975 3572 Εῖ
1999 3509 2073 3594 qaia
2095 3516 2216 3578 coastat
2239 3513 2345 3594 nobis,
2371 3515 2564 3584 Salomonem

1607 3611 1719 3696 spiritu
1748 3611 1918 3696 sapientiae¹
1935 3613 2029 3680 luisse
2046 3614 2215 3698 repletum,
2241 3619 2322 3686 sieut
2336 3627 2421 3706 patet
2444 3639 2482 3688 ex
2502 3629 2564 3688 ter-

1606 3715 1640 3784 tii
1664 3719 1780 3802 Regum
1806 3719 1941 3800 tertio⁸;
1964 3721 2032 3788 ideo
2058 3721 2190 3788 Ecclesia
2213 3719 2428 3794 indubitanter
2453 3729 2562 3812 recipit

1606 3823 1703 3890 libres
1724 3823 1802 3890 eius.

1762 4055 1920 4122 Paetooes
1945 4057 2161 4126 Coaeaauaarm
2186 4061 2214 4128 S.
2240 4063 2413 4130 Hraaeama

1933 4183 1965 4228 au
1989 4165 2230 4232 Eoecesmsaau.¹

1679 4367 1818 4448 tietuini,
1841 4391 1888 4436 mc
1916 4383 1985 4438 ente
2015 4379 2073 4440 boe
2098 4379 2191 4442 terme
2212 4381 2469 4460 qtrirtqaeaniam,
2493 4401 2561 4446 eum

1607 4471 1709 4534 adlaua
1729 4473 1842 4534 Romae
1862 4491 1959 4536 essem
1988 4483 2018 4538 et
2049 4477 2253 4540 Ecclesiasten
2274 4489 2396 4544 scariotae
2424 4481 2562 4546 Blesillae

1607 4569 1755 4646 legerem,
1778 4577 1809 4634 at
1831 4589 1896 4634 earn
1919 4573 1957 4634 ad
1979 4583 2186 4652 contemptam
2210 4577 2295 4638 istius
2318 4579 2431 4640 saccali
2454 4595 2562 4658 praeo-

1607 4685 1725 4742 oarem,
1739 4677 1769 4730 et
1783 4687 1886 4744 amieo,
1907 4673 1989 4752 (praed
2012 4673 2040 4736 ia
2057 4675 2169 4736 atttrtdo
2186 4685 2337 4754 coartaret,
2354 4685 2475 4758 pateret
2496 4695 2562 4742 esse

1606 4783 1662 4844 pro
1685 4765 1794 4844 nibilo;
1818 4777 1956 4846 regarium
1971 4771 2010 4832 ab
2024 4787 2076 4844 ea,
2093 4781 2126 4832 ut
2141 4773 2169 4832 ia
2187 4789 2300 4836 rnorem
2320 4775 2561 4838 commentarioli

1607 4865 1738 4926 obscura
1761 4883 1901 4952 utraeque
1922 4867 2120 4944 dissererem,
2143 4876 2175 4930 at
2196 4869 2312 4950 absque
2334 4889 2382 4934 ete
2403 4879 2507 4952 posset
2521 4873 2563 4936 in·

1609 4961 1743 5038 telligere
1764 4979 1842 5040 perae
1865 4963 1991 5040 legebat.
2020 4967 2140 5044 ltaque,
2169 4969 2313 5048 apronium
2342 4969 2372 5030 in
2402 4969 2560 5048 preelecta

1608 5057 1702 5120 nestri
1730 5059 1833 5138 operis
1861 5061 1961 5124 subita
1991 5071 2087 5126 morte
2114 5063 2349 5144 subterraneae,
2374 5073 2481 5132 etaen
2505 5085 2562 5132 rae

1609 5157 1740 5232 larimuS,
1764 5173 1780 5218 e
1811 5159 1901 5220 Patala
1931 5167 1959 5222 et
1988 5161 2204 5236 Eustochium,
2227 5165 2316 5228 talem
2339 5167 2418 5228 vitae
2441 5173 2561 5230 nestrae

1608 5253 1720 5316 laetere
1754 5263 1942 5330 aerasertem,
1969 5265 2112 5340 laeteque
2144 5261 2267 5324 trilatera
2301 5269 2370 5324 taam
2403 5265 2562 5342 perculsus

1607 5351 1761 5428 obmutal;
1784 5369 1863 5414 attere
1888 5355 1914 5414 ia
1939 5357 2111 5418 Detlrlebem
2135 5359 2261 5438 positae,
2276 5363 2442 5438 attgastiori
2459 5363 2563 5422 videli-

1607 5457 1655 5512 eet
1676 5449 1816 5526 ciuitate,
1838 5459 1866 5512 et
1889 5453 1968 5516 illius
2001 5453 2164 5516 naernerlee
2194 5463 2221 5516 et
2246 5457 2331 5518 vebis
2356 5459 2450 5520 reddo
2479 5459 2561 5538 qrrod

1607 5547 1719 5620 debee;
1743 5547 1800 5608 laec
1824 5549 1956 5612 breviter
1976 5551 2155 5628 aclraeneas,
2171 5555 2254 5634 cited
2276 5555 2387 5616 arellius
2401 5555 2563 5618 arroterita-

1608 5653 1666 5708 tem
1691 5653 1814 5708 secatus
1834 5663 1916 5722 serim
1940 5647 1992 5708 sed
2015 5647 2053 5708 de
2079 5649 2215 5712 Hebraea
2246 5651 2445 5724 transieram,
2465 5653 2562 5728 magis

1608 5759 1656 5804 me
1677 5743 1874 5822 Septuaginta
1896 5745 2094 5824 interpretum
2119 5747 2330 5810 corisuetadinl
2351 5749 2509 5828 coaptavi,
2531 5751 2561 5812 in

1606 6175 1653 6228 iste
1671 6177 1744 6228 loeus
1764 6175 1828 6228 satiet
1852 6175 1979 6226 nominari
2006 6191 2023 6228 u
2051 6173 2092 6228 rei
2120 6175 2242 6230 t'adt'ct‘o...
2268 6179 2390 6234 biasianae
2414 6181 2560 6248 Unicuique

1607 6271 1713 6328 experto
1733 6263 1759 6314 in
1777 6275 1824 6314 sua
1842 6263 1948 6314 seientia
1967 6263 2129 6316 credendam
2148 6271 2195 6318 est.

1677 6351 1689 6380 ⁶
1707 6351 1853 6404 Commeat.
1874 6353 1899 6404 iu
1918 6353 2001 6404 Eccle.
2021 6353 2049 6416 l,
2072 6355 2118 6406 li:
2136 6353 2214 6408 allant
2231 6355 2357 6424 lleltrael,
2377 6361 2445 6410 laurac
2462 6357 2559 6410 librum

1578 6505 1580 6510 Ι
1607 6441 1755 6496 Salomonis
1772 6455 1830 6494 esse
1847 6439 2031 6506 poeaitentiam
2052 6445 2153 6508 agentis
2171 6451 2220 6498 etc.

1676 6529 1689 6560 ⁶
1708 6533 1792 6584 llattli.
1814 6533 1861 6594 23,
1877 6535 1900 6586 3.
1919 6533 2045 6598 Vulgata:
2059 6533 2149 6588 Omnia
2163 6547 2226 6600 erge
2234 6575 2241 6602 ,
2255 6547 2439 6602 quaecumque
2450 6531 2561 6584 dixerint

1605 6619 1697 6684 robis,
1715 6629 1817 6674 serrata
1844 6629 1869 6674 et
1898 6623 1984 6688 lacite;
2006 6625 2149 6676 secuudum
2179 6635 2259 6688 opere
2286 6635 2350 6674 vero
2370 6635 2460 6674 eorum
2480 6621 2560 6674 nolite

1607 6713 1701 6764 lacere.
1723 6711 1813 6762 -De
1832 6711 1934 6764 Dalaem
1955 6713 2001 6764 etr.
2018 6713 2095 6764 Nuen.
2116 6713 2157 6764 ⁶33.
2180 6717 2205 6764 et
2223 6713 2265 6764 24.

1676 6797 1686 6828 ⁷
1706 6799 1851 6864 despicitur
1871 6801 1957 6854 ilattb.
1976 6803 2024 6866 25,
2045 6799 2085 6852 ll.
2105 6815 2174 6866 seq.;
2194 6803 2256 6854 Lac
2280 6799 2323 6866 te,
2347 6801 2385 6850 li.
2405 6813 2478 6866 seqq.

1676 6883 1688 6914 ⁸
1708 6887 1782 6938 Vere.
1802 6881 1827 6940 a.
1847 6901 1921 6956 seqq.
