5908 8266
556 595 620 662 aab

552 789 615 838 non
638 773 759 856 petistis
782 773 954 858 quidquam
979 773 1010 838 in
1035 773 1159 838 nomine
1182 789 1261 838 meo.
1287 769 1382 838 Petite
1405 775 1435 838 91
1459 789 1537 838 99-

553 877 690 964 99919919,
715 885 750 946 99
773 877 922 964 gaudium
947 885 1089 946 vestrum
1113 877 1155 944 sit
1176 879 1303 962 plenum
1320 903 1352 942 ».

643 987 672 1050 9.
696 985 747 1052 1991
773 985 929 1070 accipiunt
953 991 984 1052 et
1007 985 1167 1060 dittannr;
1192 983 1245 1050 sed
1271 989 1345 1050 sunt
1365 985 1432 1064 alii,
1454 985 1586 1070 quit

410 1105 471 1156 tom
485 1113 536 1156 oua
554 1109 612 1156 (999
614 1089 702 1174 99999
725 1109 792 1156 noa
814 1097 939 1156 9999999
940 1111 993 1156 99.
1020 1091 1087 1156 Non
1109 1087 1192 1156 enim
1217 1089 1509 1208 999999199999-

388 1159 436 1200 9999
446 1169 489 1200 non
500 1167 535 1200 ac·

387 1209 479 1288 ciprum.
553 1195 735 1262 terfamilias
770 1196 921 1282 largiatur
953 1195 1097 1282 1999199,
1133 1195 1508 1282 9999919999919919999199

458 1315 534 1370 uuo
552 1303 617 1368 9999
641 1303 867 1388 9999999199-
892 1303 1000 1390 1999999
1031 1311 1105 1368 sunt
1139 1303 1272 1368 Domino
1300 1303 1354 1390 qui
1379 1309 1509 1388 propter
1576 1357 1578 1362 .

551 1409 735 1492 temporalia
758 1407 861 1493 ipsum
887 1407 1127 1486 obliviscuntur,
1151 1413 1187 1474 ut
1211 1409 1375 1488 mundani;
1405 1415 1434 1474 et
1458 1409 1509 1474 9919

553 1531 613 1580 (999
639 1513 813 1598 accipiunt,
839 1513 1013 1580 secundum
1043 1515 1128 1600 quod
1153 1515 1288 1582 habetur
1312 1515 1434 1582 loannis
1457 1515 1509 1582 de-

552 1621 634 1684 cimo
658 1621 813 1704 quarto1:
837 1621 944 1706 «Ego,
968 1621 1012 1688 919
1028 1621 1167 1702 Veritas,
1184 1623 1300 1708 rogabo
1325 1625 1461 1702 Patrem,
1477 1629 1510 1688 99

552 1725 650 1810 :ilium
673 1727 865 1792 Paracletum
899 1727 982 1794 dabit
1018 1729 1104 1796 robis
1128 1735 1206 1810 etc.;
1240 1747 1337 1816 quem
1370 1729 1519 1796 mundus

553 1853 612 1898 uon
638 1837 738 1918 potest
762 1833 921 1918 accipere,
951 1835 1026 1920 quia
1056 1855 1117 1902 non
1143 1835 1227 1902 ridel
1259 1855 1331 1902 eum
1362 1853 1419 1902 nec
1452 1833 1509 1900 scil

552 1957 626 2004 trum
643 1963 671 2016 »;
698 1929 767 2006 ideo
782 1941 885 2032 nescit
899 1941 1015 2020 Deum,
1031 1941 1160 2026 quiade
1183 1941 1258 2008 99119
1275 1939 1442 2008 mundanis
1458 1957 1509 2006 co-

520 2059 532 2102 ’.
551 2035 627 2128 gitat
656 2053 686 2112 et
710 2047 904 2114 obliviscitur
927 2065 1011 2138 eum,
1030 2085 1071 2098 -
1091 2047 1211 2134 199991
1232 2055 1306 2114 9999
1329 2047 1395 2116 9199
1421 2047 1508 2113 999199

551 2151 605 2236 qui
630 2151 898 2238 concupiscentias
920 2155 1153 2240 insequentum
1177 2161 1209 2220 et
1231 2153 1282 2220 isti
1299 2173 1361 2220 non
1386 2169 1509 2218 meren-

551 2267 604 2324 tur
629 2259 783 2344 accipere,
800 2261 876 2346 quia
891 2261 993 2328 statim
1019 2269 1181 2348 acceptum
1199 2261 1230 2326 in
1251 2261 1353 2326 lutum
1380 2257 1509 2344 proiice-

552 2371 633 2432 rent.
650 2367 718 2434 lstis
740 2367 856 2434 dicitur
873 2369 972 2434 iacobi
989 2375 1103 2454 quarto
1117 2371 1143 2434 2:
1175 2395 1191 2426 «
1207 2367 1311 2434 Petitis
1334 2373 1365 2434 et
1381 2385 1442 2432 non
1458 2383 1509 2432 ac-

552 2473 671 2556 cipitis,
697 2493 732 2542 99
761 2473 843 2558 quod
868 2475 950 2542 male
979 2475 1106 2560 petatis,
1133 2479 1167 2540 ut
1191 2473 1221 2538 in
1251 2471 1510 2558 concupiscentiis

482 2591 502 2646 ’9
519 2591 532 2632 i·
554 2581 664 2646 restris
689 2581 898 2662 insumatis».
914 2617 960 2626 --
993 2581 1128 2666 19919999
1147 2585 1221 2644 9999
1235 2581 1300 2664 qui
1328 2577 1510 2644 haesitando

551 2687 727 2769 postulant,
754 2687 888 2770 quiade
923 2687 1067 2770 largitate
1097 2683 1151 2750 Dei
1176 2683 1338 2762 diffidunt,
1372 2681 1425 2748 sed
1452 2697 1509 2748 nec

552 2793 600 2860 isti
622 2777 783 2860 merentur
800 2791 957 2876 accipere;
977 2791 1062 2858 uode
1078 2791 1178 2858 lacobi
1196 2791 1311 2874 primo:
1331 2815 1345 2846 «
1359 2789 1416 2872 Qui
1436 2791 1509 2854 bae-

552 2899 624 2964 sitat
648 2899 757 2964 similis
779 2905 827 2962 est
849 2897 960 2964 ssuctui
988 2897 1100 2974 rearis,
1125 2895 1179 2980 qui
1204 2913 1221 2960 a
1249 2899 1340 2960 99919
1364 2899 1509 2960 movetur

552 3015 583 3070 et
606 3004 847 3082 circumfertum
873 3021 934 3070 nou
952 3021 1026 3088 ergo
1050 3001 1193 3070 aestimet
1215 3001 1310 3066 homo
1332 2999 1401 3078 ille,
1425 2999 1508 3084 quod

470 3133 483 3174 9
519 3121 532 3162 '·
552 3109 684 3196 :accipiat
713 3109 832 3194 aliquid
863 3127 882 3174 a
910 3109 1041 3200 Domino
1066 3135 1095 3172 1,
1127 3143 1167 3154 -
1196 3105 1431 3192 ,1999999999
1463 3105 1508 3170 illi

551 3219 666 3304 quibus
692 3223 905 3302 9999999999
928 3215 1116 3304 sufficiant,
1140 3213 1221 3280 sicut
1245 3211 1308 3290 illi,
1330 3211 1371 3278 de
1393 3211 1510 3296 quibus

438 3411 439 3414 Ἴ
475 3347 476 3350 ’
552 3325 696 3390 Matthaei
720 3323 873 3408 vigesimo
888 3321 911 3400 ³,
934 3319 987 3406 qui
1013 3319 1232 3406 «accipientes
1256 3317 1395 3404 singulos
1415 3317 1509 3384 dena-

521 3483 522 3486 .
553 3431 634 3508 rios,
657 3435 943 3496 murmuraverunt
968 3427 1122 3492 aduersus
1149 3423 1403 3508 patremfamilias
1420 3447 1454 3502 »;
1479 3429 1510 3490 99

552 3537 600 3604 1991
626 3555 688 3602 999
710 3543 876 3604 merentur
898 3535 1034 3618 amplius
1058 3535 1214 3616 accipere,
1233 3531 1291 3598 sed
1303 3531 1400 3616 magis
1420 3529 1509 3598 amit-

554 3653 633 3724 tere3
650 3647 813 3710 999999999
829 3641 928 3720 9999,
945 3647 981 3706 99
998 3639 1039 3706 ibi
1064 3637 1218 3724 tangitur,
1243 3637 1417 3704 9999999199
1431 3655 1507 3704 esse.
1571 3681 1572 3684 =

557 3751 687 3838 ingrati
707 3751 800 3818 etiam
824 3754 899 3816 sunt
923 3749 977 3836 qui
1002 3749 1039 3814 de
1063 3747 1197 3832 acceptis
1211 3745 1345 3812 Domino
1361 3765 1428 3812 (999
1442 3763 1517 3808 ser-¹

548 3859 665 3936 uiuat,
683 3859 799 3926 similes
822 3875 913 3924 servo
937 3857 1041 3942 pigro,
1059 3855 1111 3940 qui
1136 3871 1241 3920 mnam
1265 3859 1425 3938 acceptam
1447 3871 1509 3916 nou

555 3965 789 4048 nultiplicata,
814 3971 843 4030 99
867 3963 937 4030 ideo
959 3969 1119 4048 acceptam
1142 3959 1287 4026 amittere
1304 3957 1437 4038 rneruil,
1461 3975 1509 4024 se-

554 4073 692 4138 cundum
715 4071 801 4158 quod
823 4071 939 4138 dicitur
954 4071 1056 4136 Lucae
1079 4067 1200 4136 decimo
1223 4085 1323 4132 trono:
1354 4093 1369 4124 «
1385 4063 1509 4132 9919999

554 4179 591 4244 ab
617 4197 651 4246 99
677 4195 779 4244 9999
806 4183 835 4244 99
858 4177 930 4242 9999
952 4177 996 4240 9111
1021 4175 1080 4260 qui
1100 4175 1211 4248 decem,
1231 4189 1319 4240 mnas
1343 4171 1482 4238 habet».

644 4283 900 4368 101199191999
936 4281 1143 4348 exhibeamus
1175 4297 1233 4344 hos
1262 4279 1441 4344 1199999999
1472 4277 1510 4342 ad

556 4391 658 4474 ipsum
694 4391 877 4474 frequenter
909 4387 1111 4468 9999999999,
1146 4391 1178 4452 99
1211 4385 1421 4450 exhibeamus
1453 4401 1511 4450 nos

554 4515 681 4582 999999
714 4495 982 4578 concupiscentias
1015 4491 1269 4570 (199199999999
1304 4489 1509 4576 exhibeamus

557 4603 753 4690 9999199999
776 4601 909 4668 fideliter
933 4599 1137 4706 postulando,
1163 4601 1194 4664 et
1222 4597 1431 4664 exhibeamus
1453 4613 1510 4660 nos

555 4717 670 4796 999999
623 4709 792 4774 toseidem
815 4707 855 4774 de
877 4701 986 4792 accept
987 4705 1012 4772 is
974 4705 1138 4772 99
1071 4705 1138 4772 919
1139 4721 1175 4768 99
1205 4705 1387 4780 serviendm
1412 4709 1442 4768 et
1467 4701 1510 4768 sio

557 4813 729 4900 poterimus
752 4811 901 4896 accipere
924 4813 962 4938 dc
985 4807 1187 4896 91991999999999
1206 4807 1287 4874 etas

404 4395 534 4438 Exhortatio.

920 5039 1143 5096 beethmoth.

643 5239 1170 5326 91999991).11999999999999
1199 5235 1553 5322 stelit,qacmoos

554 5367 686 5414 nescis
638 5349 695 5416 199.

646 5459 674 5520 l.
690 5455 723 5520 19
741 5455 901 5520 99919199
861 5461 901 5518 999
903 5453 928 5518 99
944 5453 1008 5518 duo
1026 5457 1209 5536 tanguntur.
1228 5449 1366 5514 Primum
1382 5455 1495 5516 esta
1448 5449 1511 5514 mi-

466 5565 470 5574 '
488 5565 492 5572 '
507 5565 512 5574 '
530 5569 644 5626 serat
633 5559 763 5626 9999
749 5561 927 5646 acceptato
929 5557 982 5638 tis,
998 5575 1080 5644 quae
1097 5555 1185 5622 nobis
1202 5553 1345 5620 exhibita
1360 5559 1421 5632 est,
1438 5571 1512 5620 cum

592 6011 593 6016 ,
626 5963 731 6016 111999.
751 5961 897 6016 1119117.

625 6055 636 6088 ²
658 6055 731 6106 Pers.
749 6055 781 6118 35
800 6053 862 6106 ibid.
884 6055 914 6118 l,
933 6053 959 6104 6.
978 6057 1002 6104 99
1022 6055 1047 6106 7.
1067 6047 1178 6106 habetur
1197 6053 1355 6118 seqlocus.

625 6139 636 6172 ³
656 6145 732 6196 Vere.
756 6145 839 6196 1999
859 6145 905 6208 lt;
925 6139 990 6194 ibid.
1010 6143 1056 6194 l6:
1076 6141 1117 6194 Sic
1130 6145 1207 6192 erunt
1219 6139 1355 6192 novissimi
1374 6137 1467 6202 primi,
1484 6143 1511 6190 et

555 6231 633 6296 primi
653 6231 788 6284 novissimi
809 6229 1042 6296 etc-Sequitur
1067 6231 1129 6280 Luc.
1150 6227 1194 6292 tt,
1215 6225 1257 6280 al.
1279 6253 1313 6266 ·-
1333 6225 1439 6280 19999199
1463 6237 1511 6288 999

554 6333 648 6374 999999
665 6323 802 6388 acceptam
821 6317 1000 6388 Cpecam‘om
1019 6319 1165 6384 occeptum.

624 6407 636 6436 ⁴
656 6411 726 6462 loan.
746 6411 775 6474 l,
796 6411 837 6462 to.
855 6437 891 6448 -
908 6409 935 6460 19
955 6411 1003 6460 hac
1022 6407 1157 6460 collatione
1176 6405 1259 6484 prima
1279 6409 1453 6468 9999999999
1471 6415 1512 6454 ex·

555 6499 670 6564 ponitur.

625 6585 798 6652 ὗ1999139
823 6587 888 6640 ibid.
908 6587 985 6640 eliam
1011 6591 1049 6640 est
1075 6601 1131 6652 seq.
1150 6585 1230 6634 locus.
1252 6611 1287 6620 -
1311 6581 1433 6648 Sequitur
1454 6577 1511 6630 lsai.

557 6677 603 6742 11,
622 6677 664 6730 27.
757 6689 758 6694 ’

626 6763 732 6818 611999.
757 6769 781 6816 9.
806 6771 833 6818 99
857 6765 896 6830 3;·
911 6763 1023 6818 subinde
1046 6765 1172 6826 allegatur
1197 6775 1224 6812 9.
1249 6759 1326 6812 1.-
1345 6755 1510 6822 1119999.,99

555 6853 627 6904 huuc
640 6853 738 6918 locum,
751 6853 798 6904 ait:
818 6853 961 6916 Despectus
978 6857 1035 6904 erat
1046 6857 1072 6904 el
1089 6847 1211 6916 ignobilis
1229 6849 1309 6914 tsine,
1329 6853 1356 6900 99
1373 6847 1452 6912 paulo
1469 6859 1510 6898 su·

556 6937 646 7002 parius
664 6939 740 7004 dixit,
761 6945 786 6992 et
803 6939 915 6994 babetur
932 6941 961 6992 in
972 6941 1107 6994 Hebraeo:
1127 6937 1263 7006 despectas
1276 6939 1302 6990 ol
1319 6931 1509 7002 novissimas],

1116 595 1371 662 COLLthONES
1398 595 1432 662 IN
1458 593 1622 662 thabbath
1647 595 1973 688 9199999919.

1574 771 1718 840 Christus
1732 775 1772 840 ad
1787 791 1845 840 nos
1865 771 2038 850 descendit;
2039 779 2088 944 91
2110 775 2168 840 999
2186 775 2336 860 tangitur,
2360 793 2432 842 cnm
2455 775 2530 844 dici-

1573 883 1643 944 999·
1660 877 1746 944 91999
1732 897 1788 944 aas
1810 885 1878 944 aest
1879 885 2042 944 99·9999999
2085 879 2322 946 *Secundum
2343 889 2425 948 esta
2414 883 2531 968 19999

1574 981 1677 1048 titado
1702 981 1869 1050 hamunde
1892 1001 1980 1048 coeca
1977 983 2061 1048 ’99999
2043 1003 2181 1072 9,(9999
2204 985 2234 1050 19
2253 985 2313 1052 hoc
2336 987 2479 1054 manifest
2468 991 2531 1054 lata

1574 1093 1620 1154 ost
1629 1141 1638 1168 ,
1654 1089 1737 1174 quod
1760 1117 1776 1148 «
1790 1087 1928 1156 muudus
1944 1105 2016 1154 cum
2032 1107 2094 1154 non
2110 1089 2255 1174 cognorit
2266 1091 2280 1128 4
2291 1085 2329 1170 »;'
2340 1095 2372 1156 et
2388 1093 2448 1158 hoc
2463 1099 2530 1158 tau-

1574 1195 1601 1282 gi
1604 1201 1674 1274 t,ur
1700 1215 1773 1262 rum
1796 1195 1930 1262 dicitur:
1958 1195 2060 1276 Quem
2082 1215 2140 1262 999
2161 1195 2303 1264 nescitis

1662 1305 1693 1366 9.
1717 1301 1766 1366 999
1754 1301 1899 1386 ligitur:
1931 1301 2058 1366 Medias
2078 1309 2210 1368 nestora
2191 1323 2222 1368 m
2247 1309 2306 1370 etc
2330 1305 2421 1384 Nota,
2376 1305 2529 1390 tquod
2552 1315 2697 1378 01919999

1574 1409 1764 1492 quandoque
1786 1405 1930 1474 Christus
1955 1409 2027 1492 legit
2028 1429 2069 1474 ur
2087 1381 2697 1498 9999999,9999999999(-91ἐί0999110

1574 1513 1668 1592 dias,
1694 1515 1968 1600 quaudoque)
1906 1533 1968 1580 999
1970 1533 2030 1580 99
2031 1533 2117 1582 mas
2143 1519 2178 1583 Et
2201 1535 2313 1584 revera
2335 1517 2441 1584 Chris
2429 1524 2480 1584 ns
2498 1537 2529 1584 se
2563 1477 2652 1520 memus

1573 1619 1719 1688 exhibuit
1739 1621 1893 1706 primam
1914 1621 1955 1688 ad
1984 1621 2218 1702 deducendum,
2244 1623 2463 1690 nouissimam
2492 1625 2529 1690 ad

1573 1727 1819 1810 protegendum,
1850 1727 1996 1792 crodium
2023 1729 2062 1794 99
2088 1729 2352 1814 congregandum.
2381 1769 2425 1778 -—
2453 1733 2529 1798 Pri·
2549 1741 2676 1798 1191910·

1572 1851 1648 1898 mas
1670 1833 1730 1900 fuit
1751 1835 1788 1900 ad
1805 1833 2048 1910 deducendam·
2078 1833 2158 1900 unde
2182 1835 2336 1902 llichaeae
2357 1839 2527 1906 secundo⁵:

1578 1965 1593 1996 r
1606 1939 1757 2008 hsoeadet
1771 1946 1842 2008 ante
1858 1959 1910 2008 eos
1928 1939 2067 2024 pandens
2081 1939 2142 2008 9999
2157 1965 2193 2020 »3
2210 1949 2242 2008 99
2259 1949 2340 2026 post:
2372 1969 2387 2002 «
2402 1945 2528 2012 Transi-

1574 2047 1618 2113 bit
1643 2065 1701 2114 rex
1724 2065 1835 2116 eorum
1860 2065 1964 2114 coram
1989 2047 2051 2126 999,
2067 2055 2105 2120 99
2132 2047 2280 2114 llominus
2306 2049 2452 2134 incapite
2477 2069 2528 2116 eo-

1574 2173 1645 2220 rum
1657 2179 1694 2234 »;
1717 2155 1812 2220 lsaiae
1835 2151 2074 2240 quadragesimo
2089 2153 2209 2236 primo:
2234 2179 2250 2212 (9
2262 2155 2385 2222 Primus
2399 2157 2439 2222 ad
2456 2155 2526 2222 Sion

1573 2261 1667 2328 dicet:
1688 2263 1776 2340 Ecce,
1793 2261 1923 2340 adsunt,
1940 2269 1970 2326 99
1986 2262 2153 2328 ierusalem
2170 2263 2390 2348 evangelistam
2404 2263 2486 2328 dabo
2498 2291 2526 2328 9.

1574 2405 1614 2418 -
1629 2367 1838 2434 Nouissimas
1853 2367 1914 2434 luit
1930 2367 1968 2434 ad
1989 2367 2247 2454 protegendam
2263 2367 2358 2434 Isaiae
2374 2369 2529 2454 quinqua-

1574 2473 1691 2560 gesimo
1712 2475 1806 2540 tertio
1819 2473 1845 2536 ⁶:
1876 2473 2158 2554 «Desiderarimus
2183 2493 2271 2554 eum,
2297 2477 2478 2560 despectum
2499 2481 2530 2542 et

1573 2579 1776 2644 novissimum
1794 2581 1989 2658 919999999;
2013 2581 2235 2664 Hieronymus:
2256 2609 2271 2640 9
2285 2583 2528 2662 Nouissimam,

1573 2690 1608 2749 nt
1632 2683 1785 2768 reciperet
1803 2685 1884 2752 ictus
1898 2685 2154 2768 persequentium
2169 2713 2199 2750 a.
2225 2689 2311 2754 Unde
2326 2689 2529 2774 subiungitur

1574 2789 1653 2854 infra
1679 2789 1804 2856 eodem:
1833 2815 1849 2848 <r
1868 2789 1947 2854 Vere
1970 2788 2136 2874 languores
2160 2797 2285 2858 nostros
2313 2793 2379 2876 ipse
2402 2795 2476 2860 tulit
2499 2799 2529 2860 et

1573 2893 1697 2962 dolores
1719 2901 1843 2962 nostros
1869 2897 1935 2978 ipsc
1957 2895 2094 2980 portarit
2111 2923 2139 2962 ».
2175 2935 2214 2944 -
2247 2899 2374 2966 llledias
2408 2899 2468 2966 1999
2491 2899 2529 2966 ad

1574 3003 1856 3088 9999999999999,
1880 3007 1916 3066 99
1939 3001 1977 3066 99
2001 3001 2104 3086 ipsum
2128 3013 2394 3090 congregarentur
2413 3007 2528 3086 lideles,

1574 3109 1654 3176 sicut
1679 3109 1853 3194 antiquitus
1878 3107 1932 3172 lilii
1955 3107 2050 3174 lsrael
2072 3109 2112 3176 ad
2135 3109 2391 3190 tabernaculum,
2417 3131 2529 3178 secun-

1573 3215 1648 3282 dum
1673 3217 1758 3300 quod
1772 3215 1888 3280 dicitur
1913 3215 2039 3280 bevitici
2056 3213 2203 3300 vigesimo
2229 3205 2318 3284 scuto
2332 3219 2360 3284 ⁷:
2385 3219 2526 3284 «Ponam

1574 3323 1812 3390 tabernaculum
1835 3339 1942 3388 meum
1965 3321 1998 3388 in
2013 3321 2115 3388 medio
2137 3323 2248 3402 999999,
2273 3331 2381 3390 99999
2405 3325 2529 3392 91911999
2583 3385 2584 3388 ,

1573 3447 1629 3496 999
1650 3430 1736 3496 91999
1759 3429 1864 3496 999999
1883 3445 1953 3496 ntea
1968 3455 1998 3492 9.
2023 3427 2156 3496 1199999
2180 3429 2232 3496 919
2253 3431 2383 3498 dicitur:
2402 3433 2529 3498 91991199

1572 3543 1695 3626 uestrae
1696 3543 1788 3600 aste
1791 3535 1835 3600 991.
1911 3601 1913 3604 .

1663 3641 1692 3706 3.
1718 3643 1797 3706 Η999
1820 3643 1881 3706 9919
1905 3643 2040 3726 figurata
2069 3647 2144 3706 sunl
2178 3643 2208 3706 in
2240 3643 2343 3724 nube,
2368 3661 2448 3730 quae
2473 3643 2529 3710 919
2547 3651 2664 3748 nagge

1573 3731 2529 3834 999991999999991999991119919999119(1999999999919999-999
2573 3719 2586 3760 g

1573 3855 1646 3932 9919·
1671 3855 1880 3922 Numerornm
1905 3855 2030 3922 ssob0⁸t
2059 3857 2173 3922 «Cum
2204 3857 2306 3922 ablata
2329 3857 2439 3924 fuisset
2471 3877 2529 3922 nu-

1573 3961 1645 4040 bes,
1672 3969 1746 4028 tunc
1780 3961 2059 4046 proficiscebantur
2075 3985 2111 4042 »;
2135 3963 2301 4048 aliquando
2332 3963 2529 4052 sequebatur

1573 4067 1605 4132 19
1626 4067 1839 4152 praesidium
1860 4067 2091 4154 protectione,-
2120 4069 2217 4134 Exodi
2241 4069 2361 4136 decimo
2393 4077 2528 4154 quarto:

1578 4201 1595 4234 9
1613 4177 1736 4242 1911999
1757 4193 1791 4242 99
1814 4175 1962 4260 angelus,
1987 4175 2040 4258 qui
2064 4175 2270 4258 praecedebat
2294 4183 2397 4242 castra
2419 4175 2528 4256 lsrael,

1573 4279 1650 4346 abiit
1674 4287 1745 4365 post
1767 4299 1838 4360 eos,
1864 4285 1893 4348 et
1919 4299 1990 4348 cum
2012 4299 2049 4348 eo
2072 4281 2190 4366 pariter
2216 4282 2361 4350 columna
2383 4283 2477 4348 nubis
2492 4307 2528 4362 »3

1573 4385 1742 4468 aliquando
1764 4387 1875 4452 stabat
1897 4385 1929 4450 in
1943 4387 2080 4472 9999999
2096 4387 2300 4464 mansiolam
2315 4387 2527 4454 Numerorum

1574 4509 1674 4558 nono:
1704 4493 1878 4572 «191999,
1904 4491 1957 4558 uhi
1982 4493 2117 4558 stetisset
2148 4495 2264 4574 nubes,
2290 4495 2529 4562 1199999999-

1574 4597 1769 4662 labantur».

1664 4705 1865 4788 intimius,
1889 4705 2008 4790 inquit,
2034 4715 2187 4772 at.esram
2214 4707 2696 4830 1199999,999901999-1999819199·

1574 4817 1643 4876 stus
1673 4811 1734 4876 fuit
1754 4813 1884 4876 medias
1909 4811 1989 4878 19999
2014 4811 2171 4892 hominem
2195 4819 2226 4878 et
2251 4813 2422 4878 Deam—-
2447 4815 2529 4882 19199
2561 4821 2624 4864 919·

1574 4919 1782 4984 hominemet
1771 4917 2017 5006 tAapelam—
2037 4919 2083 4984 199
2085 4939 2118 4986 99
2070 4921 2290 4986 thominem
2303 4927 2339 4990 91
2355 4917 2527 4988 domairac

1575 5059 1617 5072 ·-
1641 5023 1725 5090 19199
1747 5023 1905 5090 hominem
1928 5029 1959 5088 et
1985 5023 2088 5088 boam
2120 5023 2242 5116 medius
2266 5025 2342 5106 fnit,
2369 5027 2446 5112 quia
2472 5029 2529 5094 ho·
2546 5033 2627 5078 Primo

1574 5129 1690 5196 minem
1716 5131 1781 5194 Deo
1804 5129 2043 5206 (999-9999119999
2060 5131 2178 5214 primae
2195 5131 2232 5196 ad
2258 5131 2456 5200 Timotheum
2480 5153 2528 5200 se-

1575 5235 1719 5308 cundo⁹z
1741 5261 1756 5294 (ι
1773 5237 1859 5302 Unus
1881 5242 1928 5302 est
1944 5237 2097 5302 mediator
2118 5237 2173 5304 Dei
2190 5243 2222 5304 et
2236 5239 2415 5318 hominum,
2433 5239 2528 5306 horno

1574 5341 1719 5408 Christus
1740 5341 1825 5410 lesus
1843 5371 1871 5406 1.
1891 5377 1931 5392 ·--
1957 5341 2074 5410 lledius
2106 5343 2165 5410 luit
2201 5345 2282 5410 iuter
2306 5347 2474 5426 ¹homiuem
2498 5351 2654 5412 9989910·

1577 5449 1758 5536 Aoqelam,
1784 5449 1857 5534 qnia
1880 5449 2038 5516 hominem
2062 5449 2184 5536 (199919
2205 5441 2417 5536 pacificabis
2434 5451 2528 5530 unde,

1574 5557 1675 5622 Lucae
1700 5555 1854 5636 secuodd,
1877 5557 2156 5636 annuoliaverunt,
2171 5557 2295 5622 Christo
2312 5561 2395 5636 nalo,
2411 5557 2527 5642 angeli,

1572 5961 1679 6032 quaudo
1693 5961 1826 6028 pendebat
1838 5963 1863 6012 iu
1884 5973 1962 6010 cruce
1973 5965 1998 6010 et
2018 5961 2099 6012 lactus
2117 5973 2165 6024 pro
2177 5959 2256 6014 nohis
2274 5959 2454 6026 maledictum,
2468 5975 2529 6026 pec·

1505 6049 1508 6058 ’
1574 6055 1630 6100 cata
1649 6057 1735 6102 nostra
1756 6047 1886 6114 portabat.
1904 6043 1970 6100 lbid.
1987 6045 2013 6098 io
2033 6061 2059 6098 r.
2078 6047 2134 6100 ta.
2154 6047 2217 6100 dicit
2235 6049 2303 6100 circa
2324 6049 2414 6100 linem:
2442 6047 2529 6100 bomi-

1574 6151 1626 6190 999
1645 6145 1731 6190 autem
1757 6135 1866 6190 991911...
1894 6139 2028 6190 conterere
2046 6151 2107 6190 eam
2133 6135 2160 6190 ia
2178 6135 2334 6208 infirmitate
2358 6151 2390 6188 ac
2407 6139 2527 6198 99919999,

1574 6227 1607 6280 99
1625 6241 1678 6294 quo
1699 6227 1798 6292 etipse
1817 6223 1920 6280 dicebat
1940 6223 1990 6292 [Ps.
2011 6227 2056 6292 98,
2078 6225 2147 6294 all:
2167 6209 2303 6290 (1999999999
2322 6239 2400 6294 qaam
2424 6229 2454 6278 99
2467 6237 2529 6292 999-

1574 6313 1761 6382 99991919,9999”
1777 6313 1911 6382 persecuti
1927 6317 1999 6368 saal.
2013 6315 2040 6366 Et
2054 6311 2396 6382 999Ζ999991999[13,9.]
2413 6313 2529 6380 loquitur
2633 6325 2637 6332 ·

1575 6405 1656 6458 Deus:
1674 6403 1832 6474 Percalium
1845 6407 1999 6472 pastorem,
2019 6405 2042 6456 el
2055 6415 2115 6458 oues
2129 6403 2327 6472 dispergentur.
2344 6403 2412 6466 Ergo
2441 6409 2466 6454 ut
2486 6417 2528 6470 pa·
2579 6409 2580 6412 ’

1483 6533 1485 6538 ,
1574 6499 1686 6556 teretur,
1705 6507 1756 6544 oon
1775 6493 1822 6546 luit
1838 6493 2011 6560 necessitatis,
2030 6493 2077 6546 sed
2094 6493 2235 6544 voluntatis
2253 6493 2337 6544 Patris
2355 6497 2381 6544 et
2398 6505 2461 6544 suae
2479 6497 2529 6544 etc.

1645 6577 1654 6610 ²
1673 6583 1750 6634 Vere.
1771 6583 1811 6634 11.

1645 6667 1655 6698 ⁸
1674 6673 1749 6724 11999.
1770 6671 1859 6724 tr.-

1575 6757 1602 6822 o,
1624 6757 1665 6810 m.
1702 6829 1703 6832 Ἴ

1645 6841 1655 6874 ⁹
1674 6847 1751 6898 Vere.
1769 6847 1794 6898 5.
1806 6847 1919 6916 -tTres
1939 6859 2013 6914 seqq.
2032 6847 2081 6898 loci
2094 6851 2154 6900 suut
2166 6847 2229 6898 Luc.
2251 6847 2279 6908 9,
2303 6842 2424 6908 119091.
2446 6843 2472 6904 1,
2487 6843 2529 6894 ab.

1574 6939 1598 6986 a
1617 6937 1678 6988 Luc.
1700 6937 1746 7000 99,
1767 6937 1809 6988 99.
1859 6921 1861 6926 “

1881 6667 1998 6722 Subinde
2017 6669 2160 6736 allegantur
2179 6669 2259 6722 Erod.
2280 6667 2327 6736 lt,
2350 6669 2391 6720 19.
2408 6673 2435 6720 99
2453 6667 2529 6718 Num.
