<?xml version="1.0" encoding="UTF-8"?>
<!DOCTYPE html PUBLIC "-//W3C//DTD XHTML 1.0 Transitional//EN"
    "http://www.w3.org/TR/xhtml1/DTD/xhtml1-transitional.dtd">
<html xmlns="http://www.w3.org/1999/xhtml" xml:lang="en" lang="en">
 <head>
  <title>
</title>
<meta http-equiv="Content-Type" content="text/html;charset=utf-8" />
  <meta name='ocr-system' content='tesseract 3.04.00' />
  <meta name='ocr-capabilities' content='ocr_page ocr_carea ocr_par ocr_line ocrx_word'/>
</head>
<body>
  <div class='ocr_page' id='page_1' title='image "./doctorisseraphi00bonagoog_0325.png"; bbox 0 0 5908 8266; ppageno 0'>
   <div class='ocr_carea' id='block_1_1' title="bbox 446 531 624 640">
    <p class='ocr_par' dir='ltr' id='par_1_1' title="bbox 446 531 624 640">
     <span class='ocr_line' id='line_1_1' title="bbox 446 531 624 640; baseline 0 0"><span class='ocrx_word' id='word_1_1' title='bbox 446 531 447 534; x_wconf 5' lang='grc' dir='ltr'>Ὺ</span> <span class='ocrx_word' id='word_1_2' title='bbox 559 573 624 640; x_wconf 81' lang='lat' dir='ltr'>eat</span> 
     </span>
    </p>
   </div>
   <div class='ocr_carea' id='block_1_2' title="bbox 1492 737 1494 746">
    <p class='ocr_par' dir='ltr' id='par_1_2' title="bbox 1492 737 1494 746">
     <span class='ocr_line' id='line_1_2' title="bbox 1492 737 1494 746; baseline 0 0"><span class='ocrx_word' id='word_1_3' title='bbox 1492 737 1494 746; x_wconf 66' lang='lat' dir='ltr'>t</span> 
     </span>
    </p>
   </div>
   <div class='ocr_carea' id='block_1_3' title="bbox 434 749 1517 3484">
    <p class='ocr_par' dir='ltr' id='par_1_3' title="bbox 434 749 1517 942">
     <span class='ocr_line' id='line_1_3' title="bbox 558 749 1517 838; baseline 0.007 -24"><span class='ocrx_word' id='word_1_4' title='bbox 558 749 710 828; x_wconf 84' lang='lat' dir='ltr'>habetur3</span> <span class='ocrx_word' id='word_1_5' title='bbox 735 751 815 838; x_wconf 85' lang='lat' dir='ltr'>quio</span> <span class='ocrx_word' id='word_1_6' title='bbox 839 771 906 816; x_wconf 88' lang='grc' dir='ltr'>θοθ</span> <span class='ocrx_word' id='word_1_7' title='bbox 928 751 1032 818; x_wconf 79' lang='lat' dir='ltr'>credit</span> <span class='ocrx_word' id='word_1_8' title='bbox 1052 753 1089 818; x_wconf 84' lang='lat' dir='ltr'>io</span> <span class='ocrx_word' id='word_1_9' title='bbox 1105 751 1235 818; x_wconf 82' lang='lat' dir='ltr'>nomine</span> <span class='ocrx_word' id='word_1_10' title='bbox 1258 753 1422 838; x_wconf 76' lang='lat' dir='ltr'>uotpeuttt</span> <span class='ocrx_word' id='word_1_11' title='bbox 1437 755 1467 820; x_wconf 84' lang='lat' dir='ltr'><em>F</em></span> <span class='ocrx_word' id='word_1_12' title='bbox 1474 753 1490 820; x_wconf 87' lang='lat' dir='ltr'>&#39;i</span> <span class='ocrx_word' id='word_1_13' title='bbox 1497 751 1517 820; x_wconf 81' lang='lat' dir='ltr'>&#39;t&#39;</span> 
     </span>
     <span class='ocr_line' id='line_1_4' title="bbox 434 855 1514 942; baseline 0.002 -18"><span class='ocrx_word' id='word_1_14' title='bbox 434 919 437 924; x_wconf 91' lang='grc'><em>,</em></span> <span class='ocrx_word' id='word_1_15' title='bbox 558 855 636 934; x_wconf 88' lang='lat' dir='ltr'>Dei,·</span> <span class='ocrx_word' id='word_1_16' title='bbox 662 855 751 940; x_wconf 91' lang='lat' dir='ltr'>quia,</span> <span class='ocrx_word' id='word_1_17' title='bbox 776 857 858 922; x_wconf 92' lang='lat' dir='ltr'>sicut</span> <span class='ocrx_word' id='word_1_18' title='bbox 872 857 991 924; x_wconf 91' lang='lat' dir='ltr'>dictum</span> <span class='ocrx_word' id='word_1_19' title='bbox 1015 865 1062 924; x_wconf 89' lang='grc' dir='ltr'>θεῖ</span> <span class='ocrx_word' id='word_1_20' title='bbox 1078 861 1213 924; x_wconf 74' lang='lat' dir='ltr'>ictuum</span> <span class='ocrx_word' id='word_1_21' title='bbox 1236 861 1391 942; x_wconf 86' lang='lat' dir='ltr'>quarto1,</span> <span class='ocrx_word' id='word_1_22' title='bbox 1420 885 1435 918; x_wconf 87' lang='lat'>«</span> <span class='ocrx_word' id='word_1_23' title='bbox 1452 877 1514 928; x_wconf 92' lang='lat' dir='ltr'>non</span> 
     </span>
    </p>

    <p class='ocr_par' dir='ltr' id='par_1_4' title="bbox 460 961 1516 1260">
     <span class='ocr_line' id='line_1_5' title="bbox 460 961 1515 1056; baseline 0.007 -29"><span class='ocrx_word' id='word_1_24' title='bbox 460 1051 461 1056; x_wconf 5' lang='grc' dir='ltr'>ἵ</span> <span class='ocrx_word' id='word_1_25' title='bbox 557 969 604 1028; x_wconf 92' lang='grc' dir='ltr'>θεῖ</span> <span class='ocrx_word' id='word_1_26' title='bbox 636 961 723 1026; x_wconf 90' lang='lat' dir='ltr'>aliud</span> <span class='ocrx_word' id='word_1_27' title='bbox 755 979 870 1030; x_wconf 87' lang='lat' dir='ltr'>nornen</span> <span class='ocrx_word' id='word_1_28' title='bbox 903 961 963 1030; x_wconf 89' lang='lat' dir='ltr'>sub</span> <span class='ocrx_word' id='word_1_29' title='bbox 996 963 1082 1030; x_wconf 90' lang='lat' dir='ltr'>caelo</span> <span class='ocrx_word' id='word_1_30' title='bbox 1112 961 1221 1030; x_wconf 90' lang='lat' dir='ltr'>datum</span> <span class='ocrx_word' id='word_1_31' title='bbox 1256 965 1450 1048; x_wconf 69' lang='lat' dir='ltr'>bominibus</span> <span class='ocrx_word' id='word_1_32' title='bbox 1482 967 1515 1034; x_wconf 91' lang='lat' dir='ltr'>in</span> 
     </span>
     <span class='ocr_line' id='line_1_6' title="bbox 557 1063 1516 1158; baseline 0.009 -26"><span class='ocrx_word' id='word_1_33' title='bbox 557 1085 620 1150; x_wconf 92' lang='lat' dir='ltr'>quo</span> <span class='ocrx_word' id='word_1_34' title='bbox 642 1075 785 1150; x_wconf 76' lang='lat' dir='ltr'>oporteat</span> <span class='ocrx_word' id='word_1_35' title='bbox 806 1087 864 1136; x_wconf 91' lang='lat' dir='ltr'>nos</span> <span class='ocrx_word' id='word_1_36' title='bbox 887 1068 990 1136; x_wconf 89' lang='lat' dir='ltr'>salvos</span> <span class='ocrx_word' id='word_1_37' title='bbox 1012 1069 1082 1136; x_wconf 90' lang='lat' dir='ltr'>fieri</span> <span class='ocrx_word' id='word_1_38' title='bbox 1099 1099 1128 1136; x_wconf 70' lang='lat' dir='ltr'>a.</span> <span class='ocrx_word' id='word_1_39' title='bbox 1154 1069 1190 1136; x_wconf 87' lang='lat' dir='ltr'>Et</span> <span class='ocrx_word' id='word_1_40' title='bbox 1214 1069 1283 1138; x_wconf 90' lang='lat' dir='ltr'>ideo</span> <span class='ocrx_word' id='word_1_41' title='bbox 1304 1073 1358 1158; x_wconf 94' lang='lat' dir='ltr'>qui</span> <span class='ocrx_word' id='word_1_42' title='bbox 1391 1073 1423 1138; x_wconf 94' lang='lat' dir='ltr'>in</span> <span class='ocrx_word' id='word_1_43' title='bbox 1446 1063 1516 1158; x_wconf 86' lang='lat' dir='ltr'>eius</span> 
     </span>
     <span class='ocr_line' id='line_1_7' title="bbox 556 1171 1290 1260; baseline 0.014 -23"><span class='ocrx_word' id='word_1_44' title='bbox 556 1171 680 1240; x_wconf 89' lang='lat' dir='ltr'>nomine</span> <span class='ocrx_word' id='word_1_45' title='bbox 703 1193 764 1240; x_wconf 92' lang='lat' dir='ltr'>non</span> <span class='ocrx_word' id='word_1_46' title='bbox 789 1175 887 1242; x_wconf 89' lang='lat' dir='ltr'>credit</span> <span class='ocrx_word' id='word_1_47' title='bbox 910 1177 1021 1242; x_wconf 90' lang='lat' dir='ltr'>merito</span> <span class='ocrx_word' id='word_1_48' title='bbox 1045 1183 1094 1260; x_wconf 44' lang='lat' dir='ltr'>estw</span> <span class='ocrx_word' id='word_1_49' title='bbox 1114 1177 1290 1246; x_wconf 90' lang='lat' dir='ltr'>damnatus.</span> 
     </span>
    </p>

    <p class='ocr_par' dir='ltr' id='par_1_5' title="bbox 514 1279 1514 2831">
     <span class='ocr_line' id='line_1_8' title="bbox 646 1279 1514 1364; baseline 0.007 -18"><span class='ocrx_word' id='word_1_50' title='bbox 646 1279 696 1346; x_wconf 84' lang='grc'><strong>32.</strong></span> <span class='ocrx_word' id='word_1_51' title='bbox 723 1279 822 1364; x_wconf 69' lang='lat' dir='ltr'>(Vera</span> <span class='ocrx_word' id='word_1_52' title='bbox 848 1281 921 1362; x_wconf 83' lang='lat' dir='ltr'>ra).</span> <span class='ocrx_word' id='word_1_53' title='bbox 939 1283 981 1346; x_wconf 88' lang='grc' dir='ltr'>Εῖ</span> <span class='ocrx_word' id='word_1_54' title='bbox 1001 1279 1060 1348; x_wconf 89' lang='lat' dir='ltr'>boe</span> <span class='ocrx_word' id='word_1_55' title='bbox 1083 1291 1129 1348; x_wconf 83' lang='lat' dir='ltr'>eat</span> <span class='ocrx_word' id='word_1_56' title='bbox 1153 1283 1316 1352; x_wconf 80' lang='lat' dir='ltr'>iudiciuae</span> <span class='ocrx_word' id='word_1_57' title='bbox 1330 1287 1343 1326; x_wconf 76' lang='lat'><strong>²</strong></span> <span class='ocrx_word' id='word_1_58' title='bbox 1358 1293 1416 1354; x_wconf 89' lang='lat' dir='ltr'>etc.</span> <span class='ocrx_word' id='word_1_59' title='bbox 1434 1288 1514 1354; x_wconf 91' lang='lat' dir='ltr'>Tan-</span> 
     </span>
     <span class='ocr_line' id='line_1_9' title="bbox 555 1383 1514 1474; baseline 0.01 -27"><span class='ocrx_word' id='word_1_60' title='bbox 555 1383 641 1468; x_wconf 80' lang='lat' dir='ltr'>gitur</span> <span class='ocrx_word' id='word_1_61' title='bbox 672 1383 726 1450; x_wconf 93' lang='lat' dir='ltr'>bic</span> <span class='ocrx_word' id='word_1_62' title='bbox 753 1385 898 1466; x_wconf 90' lang='lat' dir='ltr'>tertium,</span> <span class='ocrx_word' id='word_1_63' title='bbox 926 1387 1045 1454; x_wconf 90' lang='lat' dir='ltr'>scilicet</span> <span class='ocrx_word' id='word_1_64' title='bbox 1069 1389 1155 1474; x_wconf 91' lang='lat' dir='ltr'>quod</span> <span class='ocrx_word' id='word_1_65' title='bbox 1185 1389 1440 1474; x_wconf 79' lang='lat' dir='ltr'>impedimentum</span> <span class='ocrx_word' id='word_1_66' title='bbox 1466 1411 1514 1458; x_wconf 92' lang='lat' dir='ltr'>sa-</span> 
     </span>
     <span class='ocr_line' id='line_1_10' title="bbox 555 1489 1514 1586; baseline 0.008 -30"><span class='ocrx_word' id='word_1_67' title='bbox 555 1489 630 1558; x_wconf 87' lang='lat' dir='ltr'>lutis</span> <span class='ocrx_word' id='word_1_68' title='bbox 652 1497 682 1558; x_wconf 88' lang='lat' dir='ltr'>et</span> <span class='ocrx_word' id='word_1_69' title='bbox 707 1491 786 1558; x_wconf 85' lang='lat' dir='ltr'>ratio</span> <span class='ocrx_word' id='word_1_70' title='bbox 812 1491 1019 1562; x_wconf 83' lang='lat' dir='ltr'>damnationis</span> <span class='ocrx_word' id='word_1_71' title='bbox 1034 1501 1065 1564; x_wconf 88' lang='lat' dir='ltr'>et</span> <span class='ocrx_word' id='word_1_72' title='bbox 1081 1495 1184 1564; x_wconf 87' lang='lat' dir='ltr'>iudicii</span> <span class='ocrx_word' id='word_1_73' title='bbox 1210 1505 1257 1564; x_wconf 93' lang='grc' dir='ltr'>θεῖ</span> <span class='ocrx_word' id='word_1_74' title='bbox 1277 1519 1316 1564; x_wconf 86' lang='grc' dir='ltr'>θοθ</span> <span class='ocrx_word' id='word_1_75' title='bbox 1336 1507 1434 1586; x_wconf 84' lang='lat' dir='ltr'>purte</span> <span class='ocrx_word' id='word_1_76' title='bbox 1461 1501 1514 1564; x_wconf 86' lang='lat' dir='ltr'>de-</span> 
     </span>
     <span class='ocr_line' id='line_1_11' title="bbox 554 1593 1513 1688; baseline 0.006 -26"><span class='ocrx_word' id='word_1_77' title='bbox 554 1593 662 1684; x_wconf 75' lang='lat' dir='ltr'>sectus</span> <span class='ocrx_word' id='word_1_78' title='bbox 677 1597 785 1682; x_wconf 83' lang='lat' dir='ltr'>operia</span> <span class='ocrx_word' id='word_1_79' title='bbox 808 1597 903 1678; x_wconf 77' lang='lat' dir='ltr'>boot,</span> <span class='ocrx_word' id='word_1_80' title='bbox 926 1601 1047 1670; x_wconf 91' lang='lat' dir='ltr'>ratione</span> <span class='ocrx_word' id='word_1_81' title='bbox 1070 1603 1163 1672; x_wconf 90' lang='lat' dir='ltr'>cuius</span> <span class='ocrx_word' id='word_1_82' title='bbox 1181 1603 1277 1672; x_wconf 92' lang='lat' dir='ltr'>homo</span> <span class='ocrx_word' id='word_1_83' title='bbox 1299 1603 1414 1688; x_wconf 79' lang='lat' dir='ltr'>refugit</span> <span class='ocrx_word' id='word_1_84' title='bbox 1430 1603 1513 1670; x_wconf 93' lang='lat' dir='ltr'>salu-</span> 
     </span>
     <span class='ocr_line' id='line_1_12' title="bbox 556 1699 1512 1786; baseline 0.004 -20"><span class='ocrx_word' id='word_1_85' title='bbox 556 1707 627 1768; x_wconf 92' lang='lat' dir='ltr'>tem.</span> <span class='ocrx_word' id='word_1_86' title='bbox 654 1701 820 1786; x_wconf 79' lang='lat' dir='ltr'>Propterea</span> <span class='ocrx_word' id='word_1_87' title='bbox 844 1703 930 1770; x_wconf 89' lang='lat' dir='ltr'>dicit:</span> <span class='ocrx_word' id='word_1_88' title='bbox 959 1709 998 1774; x_wconf 82' lang='lat' dir='ltr'>dt</span> <span class='ocrx_word' id='word_1_89' title='bbox 1021 1705 1080 1774; x_wconf 85' lang='lat' dir='ltr'>boe</span> <span class='ocrx_word' id='word_1_90' title='bbox 1103 1717 1149 1774; x_wconf 84' lang='lat' dir='ltr'>eat</span> <span class='ocrx_word' id='word_1_91' title='bbox 1172 1699 1353 1786; x_wconf 67' lang='lat' dir='ltr'>titulatum</span> <span class='ocrx_word' id='word_1_92' title='bbox 1368 1707 1512 1774; x_wconf 66' lang='lat' dir='ltr'>Glossass:</span> 
     </span>
     <span class='ocr_line' id='line_1_13' title="bbox 560 1805 1513 1904; baseline 0.005 -32"><span class='ocrx_word' id='word_1_93' title='bbox 560 1833 576 1864; x_wconf 89' lang='lat'>«</span> <span class='ocrx_word' id='word_1_94' title='bbox 589 1807 620 1898; x_wconf 94' lang='lat' dir='ltr'>ld</span> <span class='ocrx_word' id='word_1_95' title='bbox 644 1805 689 1874; x_wconf 90' lang='lat' dir='ltr'>est</span> <span class='ocrx_word' id='word_1_96' title='bbox 707 1827 800 1876; x_wconf 91' lang='lat' dir='ltr'>causa</span> <span class='ocrx_word' id='word_1_97' title='bbox 815 1809 1023 1882; x_wconf 82' lang='lat' dir='ltr'>damnationis</span> <span class='ocrx_word' id='word_1_98' title='bbox 1039 1841 1069 1896; x_wconf 70' lang='lat'>³³3</span> <span class='ocrx_word' id='word_1_99' title='bbox 1087 1815 1168 1904; x_wconf 85' lang='lat' dir='ltr'>quio</span> <span class='ocrx_word' id='word_1_100' title='bbox 1184 1815 1243 1880; x_wconf 83' lang='lat' dir='ltr'>lua</span> <span class='ocrx_word' id='word_1_101' title='bbox 1263 1815 1350 1880; x_wconf 85' lang='lat' dir='ltr'>uenit</span> <span class='ocrx_word' id='word_1_102' title='bbox 1364 1813 1401 1878; x_wconf 85' lang='lat' dir='ltr'>io</span> <span class='ocrx_word' id='word_1_103' title='bbox 1415 1831 1513 1878; x_wconf 83' lang='lat' dir='ltr'>muo-</span> 
     </span>
     <span class='ocr_line' id='line_1_14' title="bbox 554 1915 1511 2004; baseline 0.004 -24"><span class='ocrx_word' id='word_1_104' title='bbox 554 1915 652 1996; x_wconf 84' lang='lat' dir='ltr'>duru,</span> <span class='ocrx_word' id='word_1_105' title='bbox 675 1915 707 1982; x_wconf 92' lang='lat' dir='ltr'>id</span> <span class='ocrx_word' id='word_1_106' title='bbox 730 1923 777 1984; x_wconf 88' lang='lat' dir='ltr'>est</span> <span class='ocrx_word' id='word_1_107' title='bbox 799 1917 947 2004; x_wconf 78' lang='lat' dir='ltr'>Verbum</span> <span class='ocrx_word' id='word_1_108' title='bbox 963 1921 1176 2000; x_wconf 91' lang='lat' dir='ltr'>incarnatum;</span> <span class='ocrx_word' id='word_1_109' title='bbox 1202 1921 1284 1984; x_wconf 86' lang='lat' dir='ltr'>inira</span> <span class='ocrx_word' id='word_1_110' title='bbox 1309 1919 1511 1984; x_wconf 92' lang='lat' dir='ltr'>duodecimo:</span> 
     </span>
     <span class='ocr_line' id='line_1_15' title="bbox 559 2019 1511 2110; baseline 0.006 -24"><span class='ocrx_word' id='word_1_111' title='bbox 559 2047 575 2080; x_wconf 74' lang='lat' dir='ltr'>&lt;t</span> <span class='ocrx_word' id='word_1_112' title='bbox 592 2023 654 2106; x_wconf 81' lang='lat' dir='ltr'>Ego</span> <span class='ocrx_word' id='word_1_113' title='bbox 677 2023 735 2090; x_wconf 83' lang='lat' dir='ltr'>lux</span> <span class='ocrx_word' id='word_1_114' title='bbox 758 2025 790 2092; x_wconf 85' lang='lat' dir='ltr'>in</span> <span class='ocrx_word' id='word_1_115' title='bbox 807 2029 969 2098; x_wconf 54' lang='lat' dir='ltr'>,dcundum</span> <span class='ocrx_word' id='word_1_116' title='bbox 991 2029 1077 2108; x_wconf 84' lang='lat' dir='ltr'>veni,</span> <span class='ocrx_word' id='word_1_117' title='bbox 1102 2031 1138 2092; x_wconf 93' lang='lat' dir='ltr'>ut</span> <span class='ocrx_word' id='word_1_118' title='bbox 1161 2027 1215 2110; x_wconf 93' lang='lat' dir='ltr'>qui</span> <span class='ocrx_word' id='word_1_119' title='bbox 1239 2025 1339 2092; x_wconf 90' lang='lat' dir='ltr'>credit</span> <span class='ocrx_word' id='word_1_120' title='bbox 1354 2025 1386 2090; x_wconf 92' lang='lat' dir='ltr'>in</span> <span class='ocrx_word' id='word_1_121' title='bbox 1407 2043 1458 2092; x_wconf 91' lang='lat' dir='ltr'>me</span> <span class='ocrx_word' id='word_1_122' title='bbox 1479 2019 1511 2092; x_wconf 89' lang='lat' dir='ltr'>in</span> 
     </span>
     <span class='ocr_line' id='line_1_16' title="bbox 554 2131 1512 2222; baseline 0.006 -28"><span class='ocrx_word' id='word_1_123' title='bbox 554 2131 691 2198; x_wconf 88' lang='lat' dir='ltr'>tenebris</span> <span class='ocrx_word' id='word_1_124' title='bbox 715 2151 777 2198; x_wconf 91' lang='lat' dir='ltr'>non</span> <span class='ocrx_word' id='word_1_125' title='bbox 799 2141 922 2222; x_wconf 83' lang='lat' dir='ltr'>maneat</span> <span class='ocrx_word' id='word_1_126' title='bbox 941 2161 973 2200; x_wconf 71' lang='lat' dir='ltr'>a.</span> <span class='ocrx_word' id='word_1_127' title='bbox 999 2133 1248 2200; x_wconf 75' lang='lat' dir='ltr'>necteremur</span> <span class='ocrx_word' id='word_1_128' title='bbox 1271 2131 1416 2200; x_wconf 79' lang='lat' dir='ltr'>bondiner</span> <span class='ocrx_word' id='word_1_129' title='bbox 1439 2153 1512 2200; x_wconf 85' lang='lat' dir='ltr'>mu-</span> 
     </span>
     <span class='ocr_line' id='line_1_17' title="bbox 514 2235 1513 2324; baseline 0.004 -22"><span class='ocrx_word' id='word_1_130' title='bbox 514 2289 515 2292; x_wconf 45' lang='grc'><strong>.</strong></span> <span class='ocrx_word' id='word_1_131' title='bbox 552 2235 795 2320; x_wconf 63' lang='lat' dir='ltr'>metenebrae,</span> <span class='ocrx_word' id='word_1_132' title='bbox 821 2239 936 2306; x_wconf 90' lang='lat' dir='ltr'>scilicet</span> <span class='ocrx_word' id='word_1_133' title='bbox 961 2239 1100 2316; x_wconf 90' lang='lat' dir='ltr'>erroris,</span> <span class='ocrx_word' id='word_1_134' title='bbox 1124 2257 1227 2324; x_wconf 86' lang='lat' dir='ltr'>quern</span> <span class='ocrx_word' id='word_1_135' title='bbox 1250 2237 1368 2316; x_wconf 78' lang='lat' dir='ltr'>lucela,</span> <span class='ocrx_word' id='word_1_136' title='bbox 1399 2239 1513 2306; x_wconf 81' lang='lat' dir='ltr'>verita-</span> 
     </span>
     <span class='ocr_line' id='line_1_18' title="bbox 555 2339 1512 2430; baseline 0.005 -24"><span class='ocrx_word' id='word_1_137' title='bbox 555 2341 610 2422; x_wconf 90' lang='lat' dir='ltr'>tis;</span> <span class='ocrx_word' id='word_1_138' title='bbox 635 2343 687 2410; x_wconf 93' lang='lat' dir='ltr'>lob</span> <span class='ocrx_word' id='word_1_139' title='bbox 712 2345 859 2430; x_wconf 79' lang='lat' dir='ltr'>vigesimo</span> <span class='ocrx_word' id='word_1_140' title='bbox 883 2339 1022 2430; x_wconf 64' lang='lat' dir='ltr'>quartos</span> <span class='ocrx_word' id='word_1_141' title='bbox 1050 2369 1066 2402; x_wconf 67' lang='grc' dir='ltr'>(ι</span> <span class='ocrx_word' id='word_1_142' title='bbox 1084 2341 1142 2428; x_wconf 87' lang='lat' dir='ltr'>lpsi</span> <span class='ocrx_word' id='word_1_143' title='bbox 1166 2341 1296 2410; x_wconf 87' lang='lat' dir='ltr'>fuerunt</span> <span class='ocrx_word' id='word_1_144' title='bbox 1311 2345 1444 2410; x_wconf 81' lang='lat' dir='ltr'>rebelles</span> <span class='ocrx_word' id='word_1_145' title='bbox 1463 2347 1512 2410; x_wconf 92' lang='lat' dir='ltr'>lu-</span> 
     </span>
     <span class='ocr_line' id='line_1_19' title="bbox 553 2447 1512 2534; baseline 0.004 -20"><span class='ocrx_word' id='word_1_146' title='bbox 553 2449 629 2516; x_wconf 92' lang='lat' dir='ltr'>mini</span> <span class='ocrx_word' id='word_1_147' title='bbox 647 2477 675 2514; x_wconf 73' lang='lat' dir='ltr'>a.</span> <span class='ocrx_word' id='word_1_148' title='bbox 701 2453 737 2516; x_wconf 87' lang='lat' dir='ltr'>Et</span> <span class='ocrx_word' id='word_1_149' title='bbox 769 2451 848 2518; x_wconf 90' lang='lat' dir='ltr'>ratio</span> <span class='ocrx_word' id='word_1_150' title='bbox 878 2451 975 2518; x_wconf 92' lang='lat' dir='ltr'>buius</span> <span class='ocrx_word' id='word_1_151' title='bbox 998 2447 1155 2516; x_wconf 89' lang='lat' dir='ltr'>caecitatis</span> <span class='ocrx_word' id='word_1_152' title='bbox 1177 2455 1223 2514; x_wconf 98' lang='grc' dir='ltr'>θεῖ</span> <span class='ocrx_word' id='word_1_153' title='bbox 1246 2447 1386 2516; x_wconf 86' lang='lat' dir='ltr'>defectus</span> <span class='ocrx_word' id='word_1_154' title='bbox 1408 2449 1512 2534; x_wconf 89' lang='lat' dir='ltr'>operis</span> 
     </span>
     <span class='ocr_line' id='line_1_20' title="bbox 553 2553 1512 2642; baseline 0 -22"><span class='ocrx_word' id='word_1_155' title='bbox 553 2554 648 2636; x_wconf 90' lang='lat' dir='ltr'>boni;</span> <span class='ocrx_word' id='word_1_156' title='bbox 672 2563 801 2640; x_wconf 87' lang='lat' dir='ltr'>propter</span> <span class='ocrx_word' id='word_1_157' title='bbox 825 2557 908 2642; x_wconf 92' lang='lat' dir='ltr'>quod</span> <span class='ocrx_word' id='word_1_158' title='bbox 935 2555 1025 2620; x_wconf 87' lang='lat' dir='ltr'>dicit:</span> <span class='ocrx_word' id='word_1_159' title='bbox 1051 2557 1159 2626; x_wconf 82' lang='lat' dir='ltr'>Eruaet</span> <span class='ocrx_word' id='word_1_160' title='bbox 1179 2553 1266 2620; x_wconf 78' lang='lat' dir='ltr'>eatae</span> <span class='ocrx_word' id='word_1_161' title='bbox 1282 2575 1398 2620; x_wconf 82' lang='lat' dir='ltr'>corum</span> <span class='ocrx_word' id='word_1_162' title='bbox 1418 2557 1512 2620; x_wconf 84' lang='lat' dir='ltr'>anolo</span> 
     </span>
     <span class='ocr_line' id='line_1_21' title="bbox 554 2651 1510 2746; baseline 0 -22"><span class='ocrx_word' id='word_1_163' title='bbox 554 2677 664 2746; x_wconf 85' lang='lat' dir='ltr'>opero.</span> <span class='ocrx_word' id='word_1_164' title='bbox 686 2661 723 2726; x_wconf 89' lang='lat' dir='ltr'>Et</span> <span class='ocrx_word' id='word_1_165' title='bbox 737 2661 822 2746; x_wconf 92' lang='lat' dir='ltr'>quod</span> <span class='ocrx_word' id='word_1_166' title='bbox 845 2651 962 2726; x_wconf 85' lang='lat' dir='ltr'>malum</span> <span class='ocrx_word' id='word_1_167' title='bbox 977 2677 1056 2744; x_wconf 91' lang='lat' dir='ltr'>opus</span> <span class='ocrx_word' id='word_1_168' title='bbox 1082 2659 1119 2726; x_wconf 93' lang='lat' dir='ltr'>sit</span> <span class='ocrx_word' id='word_1_169' title='bbox 1137 2657 1216 2724; x_wconf 89' lang='lat' dir='ltr'>ratio</span> <span class='ocrx_word' id='word_1_170' title='bbox 1238 2659 1376 2744; x_wconf 81' lang='lat' dir='ltr'>fugiendi</span> <span class='ocrx_word' id='word_1_171' title='bbox 1394 2661 1510 2738; x_wconf 82' lang='lat' dir='ltr'>lucent,</span> 
     </span>
     <span class='ocr_line' id='line_1_22' title="bbox 553 2753 851 2831; baseline 0 -1"><span class='ocrx_word' id='word_1_172' title='bbox 553 2753 696 2831; x_wconf 81' lang='lat' dir='ltr'>ostendit.</span> <span class='ocrx_word' id='word_1_173' title='bbox 850 2755 851 2758; x_wconf 50' lang='lat'>&#39;</span> 
     </span>
    </p>

    <p class='ocr_par' dir='ltr' id='par_1_6' title="bbox 471 2869 1512 3484">
     <span class='ocr_line' id='line_1_23' title="bbox 644 2869 1510 2958; baseline 0 -20"><span class='ocrx_word' id='word_1_174' title='bbox 644 2869 695 2938; x_wconf 82' lang='grc'><strong>33.</strong></span> <span class='ocrx_word' id='word_1_175' title='bbox 721 2871 821 2946; x_wconf 84' lang='lat' dir='ltr'>lVers.</span> <span class='ocrx_word' id='word_1_176' title='bbox 847 2871 922 2952; x_wconf 70' lang='grc'><strong>22).</strong></span> <span class='ocrx_word' id='word_1_177' title='bbox 952 2871 1065 2938; x_wconf 82' lang='lat' dir='ltr'>Ouinia</span> <span class='ocrx_word' id='word_1_178' title='bbox 1088 2871 1279 2958; x_wconf 67' lang='lat' dir='ltr'>eriemque·</span> <span class='ocrx_word' id='word_1_179' title='bbox 1312 2871 1398 2938; x_wconf 85' lang='lat' dir='ltr'>mole</span> <span class='ocrx_word' id='word_1_180' title='bbox 1420 2873 1510 2958; x_wconf 84' lang='lat' dir='ltr'>opit,</span> 
     </span>
     <span class='ocr_line' id='line_1_24' title="bbox 554 2975 1512 3064; baseline 0.004 -24"><span class='ocrx_word' id='word_1_181' title='bbox 554 2975 623 3040; x_wconf 88' lang='lat' dir='ltr'>odit</span> <span class='ocrx_word' id='word_1_182' title='bbox 647 2977 768 3054; x_wconf 67' lang='lat' dir='ltr'>luceam</span> <span class='ocrx_word' id='word_1_183' title='bbox 785 2977 836 3042; x_wconf 92' lang='lat' dir='ltr'>lob</span> <span class='ocrx_word' id='word_1_184' title='bbox 853 2977 1002 3062; x_wconf 82' lang='lat' dir='ltr'>vigesimo</span> <span class='ocrx_word' id='word_1_185' title='bbox 1020 2983 1133 3064; x_wconf 90' lang='lat' dir='ltr'>quarto</span> <span class='ocrx_word' id='word_1_186' title='bbox 1145 2977 1172 3042; x_wconf 84' lang='lat'>4:</span> <span class='ocrx_word' id='word_1_187' title='bbox 1202 3003 1218 3036; x_wconf 71' lang='lat' dir='ltr'>a</span> <span class='ocrx_word' id='word_1_188' title='bbox 1234 2977 1353 3044; x_wconf 90' lang='lat' dir='ltr'>Oculus</span> <span class='ocrx_word' id='word_1_189' title='bbox 1376 2977 1512 3046; x_wconf 86' lang='lat' dir='ltr'>adulteri</span> 
     </span>
     <span class='ocr_line' id='line_1_25' title="bbox 471 3081 1512 3166; baseline 0.004 -20"><span class='ocrx_word' id='word_1_190' title='bbox 471 3163 473 3166; x_wconf 15' lang='grc' dir='ltr'>Ι</span> <span class='ocrx_word' id='word_1_191' title='bbox 553 3081 700 3148; x_wconf 82' lang='lat' dir='ltr'>observat</span> <span class='ocrx_word' id='word_1_192' title='bbox 723 3081 885 3166; x_wconf 82' lang='lat' dir='ltr'>caliginem</span> <span class='ocrx_word' id='word_1_193' title='bbox 908 3109 938 3148; x_wconf 90' lang='lat'>».</span> <span class='ocrx_word' id='word_1_194' title='bbox 975 3085 1017 3148; x_wconf 86' lang='grc' dir='ltr'>Εῖ</span> <span class='ocrx_word' id='word_1_195' title='bbox 1037 3103 1104 3148; x_wconf 86' lang='grc' dir='ltr'>θοθ</span> <span class='ocrx_word' id='word_1_196' title='bbox 1139 3085 1224 3148; x_wconf 85' lang='lat' dir='ltr'>venit</span> <span class='ocrx_word' id='word_1_197' title='bbox 1248 3085 1293 3148; x_wconf 89' lang='lat' dir='ltr'>ud</span> <span class='ocrx_word' id='word_1_198' title='bbox 1329 3085 1449 3164; x_wconf 83' lang='lat' dir='ltr'>lucent,</span> <span class='ocrx_word' id='word_1_199' title='bbox 1474 3093 1512 3150; x_wconf 88' lang='lat' dir='ltr'>ut</span> 
     </span>
     <span class='ocr_line' id='line_1_26' title="bbox 551 3189 1510 3274; baseline 0.007 -24"><span class='ocrx_word' id='word_1_200' title='bbox 551 3205 618 3252; x_wconf 87' lang='grc' dir='ltr'>θοθ</span> <span class='ocrx_word' id='word_1_201' title='bbox 650 3195 845 3272; x_wconf 78' lang='lat' dir='ltr'>urpuuutur</span> <span class='ocrx_word' id='word_1_202' title='bbox 875 3207 977 3274; x_wconf 87' lang='lat' dir='ltr'>opero</span> <span class='ocrx_word' id='word_1_203' title='bbox 1000 3189 1089 3268; x_wconf 82' lang='lat' dir='ltr'>eiua,</span> <span class='ocrx_word' id='word_1_204' title='bbox 1122 3189 1239 3268; x_wconf 89' lang='lat' dir='ltr'>idest,</span> <span class='ocrx_word' id='word_1_205' title='bbox 1272 3189 1510 3256; x_wconf 82' lang='lat' dir='ltr'>manifestentur</span> 
     </span>
     <span class='ocr_line' id='line_1_27' title="bbox 551 3283 1510 3382; baseline 0.002 -24"><span class='ocrx_word' id='word_1_206' title='bbox 551 3309 621 3358; x_wconf 92' lang='grc' dir='ltr'>θεεθ</span> <span class='ocrx_word' id='word_1_207' title='bbox 644 3283 741 3374; x_wconf 90' lang='lat' dir='ltr'>mala;</span> <span class='ocrx_word' id='word_1_208' title='bbox 767 3295 802 3360; x_wconf 91' lang='lat' dir='ltr'>ad</span> <span class='ocrx_word' id='word_1_209' title='bbox 836 3295 983 3380; x_wconf 82' lang='lat' dir='ltr'>Ephesios</span> <span class='ocrx_word' id='word_1_210' title='bbox 1012 3297 1139 3382; x_wconf 88' lang='lat' dir='ltr'>quinto:</span> <span class='ocrx_word' id='word_1_211' title='bbox 1167 3295 1306 3362; x_wconf 88' lang='lat' dir='ltr'>«Nolite</span> <span class='ocrx_word' id='word_1_212' title='bbox 1337 3295 1510 3362; x_wconf 89' lang='lat' dir='ltr'>communi-</span> 
     </span>
     <span class='ocr_line' id='line_1_28' title="bbox 515 3399 1510 3484; baseline 0.002 -20"><span class='ocrx_word' id='word_1_213' title='bbox 515 3411 516 3414; x_wconf 73' lang='grc'>’</span> <span class='ocrx_word' id='word_1_214' title='bbox 553 3415 624 3484; x_wconf 90' lang='lat' dir='ltr'>care</span> <span class='ocrx_word' id='word_1_215' title='bbox 648 3399 795 3482; x_wconf 90' lang='lat' dir='ltr'>operibus</span> <span class='ocrx_word' id='word_1_216' title='bbox 820 3399 1022 3468; x_wconf 81' lang='lat' dir='ltr'>infructuosis</span> <span class='ocrx_word' id='word_1_217' title='bbox 1045 3403 1266 3480; x_wconf 91' lang='lat' dir='ltr'>tenebrarum,</span> <span class='ocrx_word' id='word_1_218' title='bbox 1290 3401 1390 3484; x_wconf 81' lang='lat' dir='ltr'>magis</span> <span class='ocrx_word' id='word_1_219' title='bbox 1404 3409 1510 3468; x_wconf 92' lang='lat' dir='ltr'>autem</span> 
     </span>
    </p>
   </div>
   <div class='ocr_carea' id='block_1_4' title="bbox 553 3503 1521 3602">
    <p class='ocr_par' dir='ltr' id='par_1_7' title="bbox 553 3503 1521 3602">
     <span class='ocr_line' id='line_1_29' title="bbox 553 3503 1521 3602; baseline 0.007 -34"><span class='ocrx_word' id='word_1_220' title='bbox 553 3503 605 3568; x_wconf 93' lang='lat' dir='ltr'>illa</span> <span class='ocrx_word' id='word_1_221' title='bbox 629 3505 825 3590; x_wconf 79' lang='lat' dir='ltr'>redarguite3</span> <span class='ocrx_word' id='word_1_222' title='bbox 859 3507 963 3574; x_wconf 91' lang='lat' dir='ltr'>omnia</span> <span class='ocrx_word' id='word_1_223' title='bbox 986 3513 1110 3588; x_wconf 91' lang='lat' dir='ltr'>autem,</span> <span class='ocrx_word' id='word_1_224' title='bbox 1145 3525 1225 3592; x_wconf 88' lang='lat' dir='ltr'>quae</span> <span class='ocrx_word' id='word_1_225' title='bbox 1260 3515 1457 3592; x_wconf 83' lang='lat' dir='ltr'>arguuntur,</span> <span class='ocrx_word' id='word_1_226' title='bbox 1491 3527 1521 3602; x_wconf 88' lang='lat' dir='ltr'>a</span> 
     </span>
    </p>
   </div>
   <div class='ocr_carea' id='block_1_5' title="bbox 552 3609 1511 4126">
    <p class='ocr_par' dir='ltr' id='par_1_8' title="bbox 552 3609 1510 3788">
     <span class='ocr_line' id='line_1_30' title="bbox 552 3609 1510 3700; baseline 0.007 -26"><span class='ocrx_word' id='word_1_227' title='bbox 552 3609 669 3676; x_wconf 91' lang='lat' dir='ltr'>lumine</span> <span class='ocrx_word' id='word_1_228' title='bbox 695 3611 930 3678; x_wconf 84' lang='lat' dir='ltr'>manifestantur</span> <span class='ocrx_word' id='word_1_229' title='bbox 944 3641 972 3678; x_wconf 68' lang='lat' dir='ltr'>a.</span> <span class='ocrx_word' id='word_1_230' title='bbox 998 3615 1089 3682; x_wconf 87' lang='lat' dir='ltr'>Sede</span> <span class='ocrx_word' id='word_1_231' title='bbox 1112 3613 1270 3682; x_wconf 90' lang='lat' dir='ltr'>contrario</span> <span class='ocrx_word' id='word_1_232' title='bbox 1292 3613 1409 3680; x_wconf 92' lang='lat' dir='ltr'>bonum</span> <span class='ocrx_word' id='word_1_233' title='bbox 1430 3631 1510 3700; x_wconf 91' lang='lat' dir='ltr'>opus</span> 
     </span>
     <span class='ocr_line' id='line_1_31' title="bbox 552 3715 1045 3788; baseline 0.008 -6"><span class='ocrx_word' id='word_1_234' title='bbox 552 3715 640 3784; x_wconf 91' lang='lat' dir='ltr'>ducit</span> <span class='ocrx_word' id='word_1_235' title='bbox 661 3719 701 3784; x_wconf 90' lang='lat' dir='ltr'>ad</span> <span class='ocrx_word' id='word_1_236' title='bbox 722 3718 834 3784; x_wconf 93' lang='lat' dir='ltr'>lucem.</span> <span class='ocrx_word' id='word_1_237' title='bbox 858 3721 928 3786; x_wconf 93' lang='lat' dir='ltr'>ldeo</span> <span class='ocrx_word' id='word_1_238' title='bbox 953 3721 1045 3788; x_wconf 91' lang='lat' dir='ltr'>dicit:</span> 
     </span>
    </p>

    <p class='ocr_par' dir='ltr' id='par_1_9' title="bbox 552 3823 1511 4126">
     <span class='ocr_line' id='line_1_32' title="bbox 627 3823 1510 3914; baseline 0 -22"><span class='ocrx_word' id='word_1_239' title='bbox 627 3823 695 3892; x_wconf 78' lang='grc' dir='ltr'>-3ἰι,</span> <span class='ocrx_word' id='word_1_240' title='bbox 721 3825 821 3906; x_wconf 77' lang='lat' dir='ltr'>(Vens,</span> <span class='ocrx_word' id='word_1_241' title='bbox 846 3829 921 3910; x_wconf 70' lang='grc'><strong>22).</strong></span> <span class='ocrx_word' id='word_1_242' title='bbox 947 3829 1014 3910; x_wconf 86' lang='lat' dir='ltr'>Qui</span> <span class='ocrx_word' id='word_1_243' title='bbox 1034 3837 1146 3894; x_wconf 78' lang='lat' dir='ltr'>catera</span> <span class='ocrx_word' id='word_1_244' title='bbox 1166 3825 1434 3914; x_wconf 78' lang='lat' dir='ltr'>sueituerttutent</span> <span class='ocrx_word' id='word_1_245' title='bbox 1460 3847 1510 3892; x_wconf 88' lang='lat' dir='ltr'>ee-</span> 
     </span>
     <span class='ocr_line' id='line_1_33' title="bbox 552 3931 1511 4018; baseline 0.004 -22"><span class='ocrx_word' id='word_1_246' title='bbox 552 3931 603 3996; x_wconf 79' lang='lat' dir='ltr'>ar&#39;t</span> <span class='ocrx_word' id='word_1_247' title='bbox 626 3931 670 3998; x_wconf 88' lang='lat' dir='ltr'>ud</span> <span class='ocrx_word' id='word_1_248' title='bbox 695 3931 985 4010; x_wconf 61' lang='lat' dir='ltr'>incalculantium</span> <span class='ocrx_word' id='word_1_249' title='bbox 1010 3933 1162 4018; x_wconf 71' lang='lat' dir='ltr'>quintet:</span> <span class='ocrx_word' id='word_1_250' title='bbox 1193 3935 1320 4000; x_wconf 86' lang='lat' dir='ltr'>«Nemo</span> <span class='ocrx_word' id='word_1_251' title='bbox 1349 3933 1511 4000; x_wconf 80' lang='lat' dir='ltr'>abscondit</span> 
     </span>
     <span class='ocr_line' id='line_1_34' title="bbox 553 4035 1510 4126; baseline 0.003 -25"><span class='ocrx_word' id='word_1_252' title='bbox 553 4035 714 4102; x_wconf 90' lang='lat' dir='ltr'>lucernam</span> <span class='ocrx_word' id='word_1_253' title='bbox 730 4037 789 4102; x_wconf 92' lang='lat' dir='ltr'>sub</span> <span class='ocrx_word' id='word_1_254' title='bbox 815 4039 929 4120; x_wconf 91' lang='lat' dir='ltr'>modio,</span> <span class='ocrx_word' id='word_1_255' title='bbox 955 4041 1008 4108; x_wconf 87' lang='lat' dir='ltr'>sed</span> <span class='ocrx_word' id='word_1_256' title='bbox 1024 4059 1120 4126; x_wconf 89' lang='lat' dir='ltr'>super</span> <span class='ocrx_word' id='word_1_257' title='bbox 1145 4039 1368 4106; x_wconf 90' lang='lat' dir='ltr'>candelabrum</span> <span class='ocrx_word' id='word_1_258' title='bbox 1385 4063 1418 4120; x_wconf 77' lang='lat'>»3</span> <span class='ocrx_word' id='word_1_259' title='bbox 1436 4039 1510 4124; x_wconf 92' lang='lat' dir='ltr'>quia</span> 
     </span>
    </p>
   </div>
   <div class='ocr_carea' id='block_1_6' title="bbox 448 4141 1573 4340">
    <p class='ocr_par' dir='ltr' id='par_1_10' title="bbox 448 4141 1573 4344">
     <span class='ocr_line' id='line_1_35' title="bbox 482 4141 1573 4230; baseline -0.004 -18"><span class='ocrx_word' id='word_1_260' title='bbox 482 4147 485 4154; x_wconf 71' lang='grc'>“</span> <span class='ocrx_word' id='word_1_261' title='bbox 551 4141 634 4210; x_wconf 92' lang='lat' dir='ltr'>bona</span> <span class='ocrx_word' id='word_1_262' title='bbox 656 4161 752 4228; x_wconf 90' lang='lat' dir='ltr'>opera</span> <span class='ocrx_word' id='word_1_263' title='bbox 776 4144 843 4228; x_wconf 70' lang='lat' dir='ltr'>¹lun</span> <span class='ocrx_word' id='word_1_264' title='bbox 879 4153 960 4230; x_wconf 87' lang='lat' dir='ltr'>sunt.</span> <span class='ocrx_word' id='word_1_265' title='bbox 991 4147 1077 4214; x_wconf 89' lang='lat' dir='ltr'>Unde</span> <span class='ocrx_word' id='word_1_266' title='bbox 1110 4153 1141 4214; x_wconf 92' lang='lat' dir='ltr'>et</span> <span class='ocrx_word' id='word_1_267' title='bbox 1175 4147 1298 4212; x_wconf 88' lang='lat' dir='ltr'>subdit:</span> <span class='ocrx_word' id='word_1_268' title='bbox 1329 4147 1368 4212; x_wconf 86' lang='lat' dir='ltr'>Ut</span> <span class='ocrx_word' id='word_1_269' title='bbox 1400 4147 1511 4210; x_wconf 81' lang='lat' dir='ltr'>anuui—</span> <span class='ocrx_word' id='word_1_270' title='bbox 1571 4171 1573 4174; x_wconf 96' lang='lat'>·</span> 
     </span>
     <span class='ocr_line' id='line_1_36' title="bbox 448 4245 1509 4340; baseline -0.001 -26"><span class='ocrx_word' id='word_1_271' title='bbox 448 4285 449 4288; x_wconf 18' lang='grc' dir='ltr'>π</span> <span class='ocrx_word' id='word_1_272' title='bbox 552 4245 712 4332; x_wconf 64' lang='lat' dir='ltr'>beraeae</span> <span class='ocrx_word' id='word_1_273' title='bbox 735 4269 836 4334; x_wconf 80' lang='lat' dir='ltr'>opero</span> <span class='ocrx_word' id='word_1_274' title='bbox 866 4251 953 4332; x_wconf 80' lang='lat' dir='ltr'>eires,</span> <span class='ocrx_word' id='word_1_275' title='bbox 978 4253 1059 4340; x_wconf 83' lang='lat' dir='ltr'>quio</span> <span class='ocrx_word' id='word_1_276' title='bbox 1083 4253 1119 4318; x_wconf 86' lang='lat' dir='ltr'>tu</span> <span class='ocrx_word' id='word_1_277' title='bbox 1153 4253 1216 4316; x_wconf 89' lang='lat' dir='ltr'>Deo</span> <span class='ocrx_word' id='word_1_278' title='bbox 1240 4259 1320 4316; x_wconf 83' lang='lat' dir='ltr'>eunt</span> <span class='ocrx_word' id='word_1_279' title='bbox 1346 4249 1451 4336; x_wconf 70' lang='lat' dir='ltr'>suctu.</span> <span class='ocrx_word' id='word_1_280' title='bbox 1476 4249 1509 4314; x_wconf 92' lang='lat' dir='ltr'>ln</span> 
     </span>
    </p>
   </div>
   <div class='ocr_carea' id='block_1_7' title="bbox 521 4353 1510 5064">
    <p class='ocr_par' dir='ltr' id='par_1_11' title="bbox 553 4353 1510 4542">
     <span class='ocr_line' id='line_1_37' title="bbox 553 4353 1509 4442; baseline 0.002 -24"><span class='ocrx_word' id='word_1_281' title='bbox 553 4353 731 4432; x_wconf 78' lang='lat' dir='ltr'>baudoni,</span> <span class='ocrx_word' id='word_1_282' title='bbox 756 4355 883 4440; x_wconf 88' lang='lat' dir='ltr'>quaein</span> <span class='ocrx_word' id='word_1_283' title='bbox 906 4357 1050 4438; x_wconf 83' lang='lat' dir='ltr'>caritate3</span> <span class='ocrx_word' id='word_1_284' title='bbox 1075 4357 1195 4442; x_wconf 90' lang='lat' dir='ltr'>primae</span> <span class='ocrx_word' id='word_1_285' title='bbox 1210 4357 1332 4422; x_wconf 90' lang='lat' dir='ltr'>loannis</span> <span class='ocrx_word' id='word_1_286' title='bbox 1355 4355 1509 4440; x_wconf 76' lang='lat' dir='ltr'>quarto⁶z</span> 
     </span>
     <span class='ocr_line' id='line_1_38' title="bbox 560 4459 1510 4542; baseline 0 -18"><span class='ocrx_word' id='word_1_287' title='bbox 560 4459 651 4542; x_wconf 84' lang='lat' dir='ltr'>«Qui</span> <span class='ocrx_word' id='word_1_288' title='bbox 673 4465 778 4528; x_wconf 88' lang='lat' dir='ltr'>manet</span> <span class='ocrx_word' id='word_1_289' title='bbox 801 4461 833 4526; x_wconf 92' lang='lat' dir='ltr'>in</span> <span class='ocrx_word' id='word_1_290' title='bbox 864 4461 993 4530; x_wconf 89' lang='lat' dir='ltr'>caritate</span> <span class='ocrx_word' id='word_1_291' title='bbox 1016 4463 1048 4528; x_wconf 93' lang='lat' dir='ltr'>in</span> <span class='ocrx_word' id='word_1_292' title='bbox 1079 4465 1143 4528; x_wconf 89' lang='lat' dir='ltr'>Deo</span> <span class='ocrx_word' id='word_1_293' title='bbox 1166 4467 1287 4540; x_wconf 91' lang='lat' dir='ltr'>manet,</span> <span class='ocrx_word' id='word_1_294' title='bbox 1316 4469 1346 4528; x_wconf 88' lang='lat' dir='ltr'>et</span> <span class='ocrx_word' id='word_1_295' title='bbox 1370 4461 1455 4526; x_wconf 85' lang='lat' dir='ltr'>Deus</span> <span class='ocrx_word' id='word_1_296' title='bbox 1477 4459 1510 4524; x_wconf 89' lang='lat' dir='ltr'>in</span> 
     </span>
    </p>

    <p class='ocr_par' dir='ltr' id='par_1_12' title="bbox 551 4567 1510 4864">
     <span class='ocr_line' id='line_1_39' title="bbox 551 4567 1510 4652; baseline -0.003 -20"><span class='ocrx_word' id='word_1_297' title='bbox 551 4583 588 4632; x_wconf 93' lang='grc' dir='ltr'>θο</span> <span class='ocrx_word' id='word_1_298' title='bbox 603 4591 636 4646; x_wconf 87' lang='lat'>»,</span> <span class='ocrx_word' id='word_1_299' title='bbox 664 4567 718 4652; x_wconf 90' lang='lat' dir='ltr'>qui</span> <span class='ocrx_word' id='word_1_300' title='bbox 742 4573 787 4634; x_wconf 89' lang='lat' dir='ltr'>est</span> <span class='ocrx_word' id='word_1_301' title='bbox 812 4585 935 4634; x_wconf 90' lang='lat' dir='ltr'>summa</span> <span class='ocrx_word' id='word_1_302' title='bbox 958 4569 1033 4648; x_wconf 80' lang='lat' dir='ltr'>lun,</span> <span class='ocrx_word' id='word_1_303' title='bbox 1059 4573 1089 4636; x_wconf 91' lang='lat' dir='ltr'>et</span> <span class='ocrx_word' id='word_1_304' title='bbox 1112 4567 1181 4634; x_wconf 91' lang='lat' dir='ltr'>ideo</span> <span class='ocrx_word' id='word_1_305' title='bbox 1204 4567 1334 4632; x_wconf 90' lang='lat' dir='ltr'>adeius</span> <span class='ocrx_word' id='word_1_306' title='bbox 1357 4567 1510 4632; x_wconf 91' lang='lat' dir='ltr'>bonorem</span> 
     </span>
     <span class='ocr_line' id='line_1_40' title="bbox 553 4672 1509 4762; baseline 0 -24"><span class='ocrx_word' id='word_1_307' title='bbox 553 4677 628 4738; x_wconf 91' lang='lat' dir='ltr'>sunt</span> <span class='ocrx_word' id='word_1_308' title='bbox 657 4673 839 4754; x_wconf 79' lang='lat' dir='ltr'>revelanda;</span> <span class='ocrx_word' id='word_1_309' title='bbox 875 4675 1019 4742; x_wconf 90' lang='lat' dir='ltr'>llattbaei</span> <span class='ocrx_word' id='word_1_310' title='bbox 1044 4675 1171 4762; x_wconf 70' lang='lat' dir='ltr'>quintog</span> <span class='ocrx_word' id='word_1_311' title='bbox 1202 4673 1290 4738; x_wconf 89' lang='lat' dir='ltr'>«Sic</span> <span class='ocrx_word' id='word_1_312' title='bbox 1326 4673 1429 4738; x_wconf 92' lang='lat' dir='ltr'>luceat</span> <span class='ocrx_word' id='word_1_313' title='bbox 1451 4672 1509 4738; x_wconf 87' lang='lat' dir='ltr'>lux</span> 
     </span>
     <span class='ocr_line' id='line_1_41' title="bbox 553 4779 1509 4864; baseline 0 -20"><span class='ocrx_word' id='word_1_314' title='bbox 553 4785 657 4846; x_wconf 82' lang='lat' dir='ltr'>vestra</span> <span class='ocrx_word' id='word_1_315' title='bbox 689 4797 792 4846; x_wconf 87' lang='lat' dir='ltr'>corarn</span> <span class='ocrx_word' id='word_1_316' title='bbox 828 4781 1025 4860; x_wconf 91' lang='lat' dir='ltr'>bominibus,</span> <span class='ocrx_word' id='word_1_317' title='bbox 1059 4789 1094 4846; x_wconf 91' lang='lat' dir='ltr'>ut</span> <span class='ocrx_word' id='word_1_318' title='bbox 1128 4779 1253 4846; x_wconf 85' lang='lat' dir='ltr'>rideant</span> <span class='ocrx_word' id='word_1_319' title='bbox 1274 4797 1371 4864; x_wconf 89' lang='lat' dir='ltr'>opera</span> <span class='ocrx_word' id='word_1_320' title='bbox 1404 4783 1509 4846; x_wconf 85' lang='lat' dir='ltr'>restra</span> 
     </span>
    </p>

    <p class='ocr_par' dir='ltr' id='par_1_13' title="bbox 521 4885 1509 5064">
     <span class='ocr_line' id='line_1_42' title="bbox 521 4885 1509 4972; baseline 0 -20"><span class='ocrx_word' id='word_1_321' title='bbox 521 4895 522 4904; x_wconf 75' lang='grc'>’</span> <span class='ocrx_word' id='word_1_322' title='bbox 552 4885 635 4952; x_wconf 91' lang='lat' dir='ltr'>bona</span> <span class='ocrx_word' id='word_1_323' title='bbox 673 4894 703 4954; x_wconf 93' lang='lat' dir='ltr'>et</span> <span class='ocrx_word' id='word_1_324' title='bbox 737 4887 911 4972; x_wconf 81' lang='lat' dir='ltr'>glorificent</span> <span class='ocrx_word' id='word_1_325' title='bbox 947 4889 1070 4970; x_wconf 86' lang='lat' dir='ltr'>Patrem</span> <span class='ocrx_word' id='word_1_326' title='bbox 1099 4891 1260 4966; x_wconf 83' lang='lat' dir='ltr'>vestrum,</span> <span class='ocrx_word' id='word_1_327' title='bbox 1292 4885 1346 4972; x_wconf 93' lang='lat' dir='ltr'>qui</span> <span class='ocrx_word' id='word_1_328' title='bbox 1379 4885 1411 4950; x_wconf 89' lang='lat' dir='ltr'>in·</span> <span class='ocrx_word' id='word_1_329' title='bbox 1442 4903 1509 4952; x_wconf 90' lang='lat' dir='ltr'>cae-</span> 
     </span>
     <span class='ocr_line' id='line_1_43' title="bbox 551 4991 1025 5064; baseline -0.015 -8"><span class='ocrx_word' id='word_1_330' title='bbox 551 4991 588 5064; x_wconf 88' lang='lat' dir='ltr'>lis</span> <span class='ocrx_word' id='word_1_331' title='bbox 608 4999 654 5058; x_wconf 90' lang='grc' dir='ltr'>θεῖ</span> <span class='ocrx_word' id='word_1_332' title='bbox 670 5017 700 5056; x_wconf 73' lang='grc' dir='ltr'>ο,</span> <span class='ocrx_word' id='word_1_333' title='bbox 1024 5009 1025 5012; x_wconf 49' lang='grc'><em>“</em></span> 
     </span>
    </p>
   </div>
   <div class='ocr_carea' id='block_1_8' title="bbox 516 5457 1508 6144">
    <p class='ocr_par' dir='ltr' id='par_1_14' title="bbox 623 5457 1286 5512">
     <span class='ocr_line' id='line_1_44' title="bbox 623 5457 1286 5512; baseline 0 0"><span class='ocrx_word' id='word_1_334' title='bbox 623 5457 726 5512; x_wconf 84' lang='lat' dir='ltr'>1Vens.</span> <span class='ocrx_word' id='word_1_335' title='bbox 748 5461 798 5512; x_wconf 81' lang='grc' dir='ltr'>ῖ2;</span> <span class='ocrx_word' id='word_1_336' title='bbox 816 5461 869 5512; x_wconf 86' lang='grc' dir='ltr'>Νθθ</span> <span class='ocrx_word' id='word_1_337' title='bbox 887 5461 956 5512; x_wconf 87' lang='lat' dir='ltr'>enirn</span> <span class='ocrx_word' id='word_1_338' title='bbox 976 5461 1047 5512; x_wconf 90' lang='lat' dir='ltr'>alind</span> <span class='ocrx_word' id='word_1_339' title='bbox 1066 5473 1161 5512; x_wconf 89' lang='lat' dir='ltr'>nomen</span> <span class='ocrx_word' id='word_1_340' title='bbox 1182 5465 1220 5512; x_wconf 88' lang='lat' dir='ltr'>est</span> <span class='ocrx_word' id='word_1_341' title='bbox 1239 5467 1286 5512; x_wconf 91' lang='grc' dir='ltr'>θῖθ.</span> 
     </span>
    </p>

    <p class='ocr_par' dir='ltr' id='par_1_15' title="bbox 623 5545 1179 5612">
     <span class='ocr_line' id='line_1_45' title="bbox 623 5545 1179 5612; baseline -0.004 -12"><span class='ocrx_word' id='word_1_342' title='bbox 623 5545 633 5576; x_wconf 75' lang='lat'><strong>²</strong></span> <span class='ocrx_word' id='word_1_343' title='bbox 651 5549 781 5612; x_wconf 79' lang='lat' dir='ltr'>Vulgata:</span> <span class='ocrx_word' id='word_1_344' title='bbox 801 5547 856 5602; x_wconf 87' lang='lat' dir='ltr'>Hoc</span> <span class='ocrx_word' id='word_1_345' title='bbox 875 5551 914 5602; x_wconf 85' lang='lat' dir='ltr'>eat</span> <span class='ocrx_word' id='word_1_346' title='bbox 932 5551 1022 5602; x_wconf 84' lang='lat' dir='ltr'>eutem</span> <span class='ocrx_word' id='word_1_347' title='bbox 1041 5547 1179 5602; x_wconf 83' lang='lat' dir='ltr'>iudiciuae.</span> 
     </span>
    </p>

    <p class='ocr_par' dir='ltr' id='par_1_16' title="bbox 516 5631 1508 6144">
     <span class='ocr_line' id='line_1_46' title="bbox 623 5631 1508 5704; baseline 0.002 -19"><span class='ocrx_word' id='word_1_348' title='bbox 623 5631 633 5664; x_wconf 78' lang='lat'>³</span> <span class='ocrx_word' id='word_1_349' title='bbox 653 5637 755 5688; x_wconf 87' lang='lat' dir='ltr'>Scilicet</span> <span class='ocrx_word' id='word_1_350' title='bbox 767 5635 956 5690; x_wconf 82' lang='lat' dir='ltr'>interlinearis.</span> <span class='ocrx_word' id='word_1_351' title='bbox 972 5637 1169 5704; x_wconf 74' lang='lat' dir='ltr'>Tueopnylaet,</span> <span class='ocrx_word' id='word_1_352' title='bbox 1182 5637 1207 5688; x_wconf 91' lang='lat' dir='ltr'>in</span> <span class='ocrx_word' id='word_1_353' title='bbox 1220 5639 1290 5689; x_wconf 89' lang='lat' dir='ltr'>bunc</span> <span class='ocrx_word' id='word_1_354' title='bbox 1302 5639 1388 5688; x_wconf 89' lang='lat' dir='ltr'>locum</span> <span class='ocrx_word' id='word_1_355' title='bbox 1400 5657 1406 5690; x_wconf 75' lang='grc' dir='ltr'><strong>ι</strong></span> <span class='ocrx_word' id='word_1_356' title='bbox 1420 5637 1508 5690; x_wconf 89' lang='lat' dir='ltr'>Osten-</span> 
     </span>
     <span class='ocr_line' id='line_1_47' title="bbox 546 5725 1507 5780; baseline -0.002 -2"><span class='ocrx_word' id='word_1_357' title='bbox 546 5727 588 5780; x_wconf 88' lang='lat' dir='ltr'>dit</span> <span class='ocrx_word' id='word_1_358' title='bbox 613 5729 662 5778; x_wconf 92' lang='lat' dir='ltr'>boc</span> <span class='ocrx_word' id='word_1_359' title='bbox 687 5729 744 5778; x_wconf 93' lang='lat' dir='ltr'>loco</span> <span class='ocrx_word' id='word_1_360' title='bbox 770 5725 888 5778; x_wconf 81' lang='lat' dir='ltr'>infideles</span> <span class='ocrx_word' id='word_1_361' title='bbox 916 5725 990 5778; x_wconf 90' lang='lat' dir='ltr'>omni</span> <span class='ocrx_word' id='word_1_362' title='bbox 1016 5727 1181 5778; x_wconf 81' lang='lat' dir='ltr'>excusatione</span> <span class='ocrx_word' id='word_1_363' title='bbox 1208 5725 1353 5776; x_wconf 90' lang='lat' dir='ltr'>destitutos.</span> <span class='ocrx_word' id='word_1_364' title='bbox 1371 5727 1418 5778; x_wconf 89' lang='lat' dir='ltr'>lsta</span> <span class='ocrx_word' id='word_1_365' title='bbox 1439 5725 1507 5776; x_wconf 85' lang='lat' dir='ltr'>enirn</span> 
     </span>
     <span class='ocr_line' id='line_1_48' title="bbox 551 5813 1508 5880; baseline -0.002 -14"><span class='ocrx_word' id='word_1_366' title='bbox 551 5815 733 5866; x_wconf 85' lang='lat' dir='ltr'>condemnatio</span> <span class='ocrx_word' id='word_1_367' title='bbox 752 5821 804 5876; x_wconf 88' lang='lat' dir='ltr'>est,</span> <span class='ocrx_word' id='word_1_368' title='bbox 823 5813 921 5880; x_wconf 90' lang='lat' dir='ltr'>inquit,</span> <span class='ocrx_word' id='word_1_369' title='bbox 941 5813 1002 5880; x_wconf 89' lang='lat' dir='ltr'>quia</span> <span class='ocrx_word' id='word_1_370' title='bbox 1021 5815 1093 5864; x_wconf 85' lang='lat' dir='ltr'>venit</span> <span class='ocrx_word' id='word_1_371' title='bbox 1116 5813 1148 5866; x_wconf 89' lang='lat' dir='ltr'>ad</span> <span class='ocrx_word' id='word_1_372' title='bbox 1175 5827 1219 5864; x_wconf 86' lang='lat' dir='ltr'>eos</span> <span class='ocrx_word' id='word_1_373' title='bbox 1243 5815 1300 5876; x_wconf 83' lang='lat' dir='ltr'>lux,</span> <span class='ocrx_word' id='word_1_374' title='bbox 1319 5817 1344 5864; x_wconf 91' lang='lat' dir='ltr'>et</span> <span class='ocrx_word' id='word_1_375' title='bbox 1363 5827 1449 5878; x_wconf 89' lang='lat' dir='ltr'>neque</span> <span class='ocrx_word' id='word_1_376' title='bbox 1471 5813 1508 5864; x_wconf 89' lang='lat' dir='ltr'>sic</span> 
     </span>
     <span class='ocr_line' id='line_1_49' title="bbox 516 5899 1508 5976; baseline -0.006 -20"><span class='ocrx_word' id='word_1_377' title='bbox 516 5933 517 5938; x_wconf 22' lang='grc' dir='ltr'><strong><em>κ</em></strong></span> <span class='ocrx_word' id='word_1_378' title='bbox 548 5905 585 5976; x_wconf 86' lang='lat' dir='ltr'>ad</span> <span class='ocrx_word' id='word_1_379' title='bbox 608 5903 678 5956; x_wconf 89' lang='lat' dir='ltr'>illam</span> <span class='ocrx_word' id='word_1_380' title='bbox 702 5909 876 5956; x_wconf 87' lang='lat' dir='ltr'>accesserunt.</span> <span class='ocrx_word' id='word_1_381' title='bbox 894 5929 929 5938; x_wconf 84' lang='lat'><em>-</em></span> <span class='ocrx_word' id='word_1_382' title='bbox 947 5903 1006 5952; x_wconf 91' lang='lat' dir='ltr'>Duo</span> <span class='ocrx_word' id='word_1_383' title='bbox 1023 5915 1097 5968; x_wconf 88' lang='lat' dir='ltr'>seqq.</span> <span class='ocrx_word' id='word_1_384' title='bbox 1116 5899 1165 5952; x_wconf 89' lang='lat' dir='ltr'>loci</span> <span class='ocrx_word' id='word_1_385' title='bbox 1188 5905 1248 5952; x_wconf 91' lang='lat' dir='ltr'>sunt</span> <span class='ocrx_word' id='word_1_386' title='bbox 1265 5901 1332 5952; x_wconf 87' lang='lat' dir='ltr'>loen.</span> <span class='ocrx_word' id='word_1_387' title='bbox 1354 5901 1400 5966; x_wconf 88' lang='grc' dir='ltr'>ῖ2,</span> <span class='ocrx_word' id='word_1_388' title='bbox 1421 5899 1463 5950; x_wconf 79' lang='lat' dir='ltr'>ld.</span> <span class='ocrx_word' id='word_1_389' title='bbox 1483 5905 1508 5952; x_wconf 89' lang='lat' dir='ltr'>et</span> 
     </span>
     <span class='ocr_line' id='line_1_50' title="bbox 551 5989 1340 6052; baseline -0.009 -6"><span class='ocrx_word' id='word_1_390' title='bbox 551 5991 594 6046; x_wconf 92' lang='lat' dir='ltr'>lob</span> <span class='ocrx_word' id='word_1_391' title='bbox 617 5989 663 6052; x_wconf 72' lang='grc'>22,</span> <span class='ocrx_word' id='word_1_392' title='bbox 685 5991 726 6042; x_wconf 87' lang='grc' dir='ltr'>ῖ3.</span> <span class='ocrx_word' id='word_1_393' title='bbox 897 6031 899 6036; x_wconf 96' lang='grc'><strong>.</strong></span> <span class='ocrx_word' id='word_1_394' title='bbox 1221 5989 1229 6040; x_wconf 68' lang='lat'>⁸,</span> <span class='ocrx_word' id='word_1_395' title='bbox 1337 6001 1340 6006; x_wconf 86' lang='grc'><em>·</em></span> 
     </span>
     <span class='ocr_line' id='line_1_51' title="bbox 622 6073 1508 6144; baseline -0.009 -10"><span class='ocrx_word' id='word_1_396' title='bbox 622 6077 726 6134; x_wconf 78' lang='lat' dir='ltr'>4Vers.</span> <span class='ocrx_word' id='word_1_397' title='bbox 748 6079 790 6130; x_wconf 75' lang='lat' dir='ltr'>la.</span> <span class='ocrx_word' id='word_1_398' title='bbox 808 6107 843 6120; x_wconf 94' lang='lat'><em>-</em></span> <span class='ocrx_word' id='word_1_399' title='bbox 863 6079 987 6144; x_wconf 86' lang='lat' dir='ltr'>Sequitur</span> <span class='ocrx_word' id='word_1_400' title='bbox 1010 6079 1074 6142; x_wconf 88' lang='lat' dir='ltr'>pr.</span> <span class='ocrx_word' id='word_1_401' title='bbox 1095 6077 1127 6140; x_wconf 80' lang='lat'>5,</span> <span class='ocrx_word' id='word_1_402' title='bbox 1146 6075 1189 6136; x_wconf 87' lang='lat' dir='ltr'>ll,</span> <span class='ocrx_word' id='word_1_403' title='bbox 1208 6073 1253 6126; x_wconf 92' lang='lat' dir='ltr'>ubi</span> <span class='ocrx_word' id='word_1_404' title='bbox 1277 6075 1389 6138; x_wconf 79' lang='lat' dir='ltr'>Vulgata</span> <span class='ocrx_word' id='word_1_405' title='bbox 1414 6073 1508 6126; x_wconf 89' lang='lat' dir='ltr'>omittit</span> 
     </span>
    </p>
   </div>
   <div class='ocr_carea' id='block_1_9' title="bbox 446 6159 1506 6234">
    <p class='ocr_par' dir='ltr' id='par_1_17' title="bbox 446 6159 1506 6234">
     <span class='ocr_line' id='line_1_52' title="bbox 446 6159 1506 6234; baseline -0.01 -11"><span class='ocrx_word' id='word_1_406' title='bbox 446 6159 447 6162; x_wconf 59' lang='grc'>’</span> <span class='ocrx_word' id='word_1_407' title='bbox 551 6167 614 6234; x_wconf 88' lang='lat' dir='ltr'>illu,</span> <span class='ocrx_word' id='word_1_408' title='bbox 632 6175 657 6220; x_wconf 89' lang='lat' dir='ltr'>et</span> <span class='ocrx_word' id='word_1_409' title='bbox 678 6169 725 6232; x_wconf 88' lang='grc' dir='ltr'>ῖ3,</span> <span class='ocrx_word' id='word_1_410' title='bbox 746 6167 770 6218; x_wconf 93' lang='lat' dir='ltr'>in</span> <span class='ocrx_word' id='word_1_411' title='bbox 789 6181 842 6232; x_wconf 90' lang='lat' dir='ltr'>quo</span> <span class='ocrx_word' id='word_1_412' title='bbox 862 6181 910 6232; x_wconf 89' lang='lat' dir='ltr'>pro</span> <span class='ocrx_word' id='word_1_413' title='bbox 929 6163 1020 6220; x_wconf 83' lang='lat' dir='ltr'>orante</span> <span class='ocrx_word' id='word_1_414' title='bbox 1033 6167 1132 6230; x_wconf 80' lang='lat' dir='ltr'>eutem,</span> <span class='ocrx_word' id='word_1_415' title='bbox 1155 6175 1224 6232; x_wconf 84' lang='lat' dir='ltr'>poue</span> <span class='ocrx_word' id='word_1_416' title='bbox 1243 6165 1408 6230; x_wconf 74' lang='lat' dir='ltr'>aequantur,</span> <span class='ocrx_word' id='word_1_417' title='bbox 1429 6161 1506 6214; x_wconf 90' lang='lat' dir='ltr'>codd.</span> 
     </span>
    </p>
   </div>
   <div class='ocr_carea' id='block_1_10' title="bbox 550 6247 1506 6588">
    <p class='ocr_par' dir='ltr' id='par_1_18' title="bbox 550 6247 1506 6588">
     <span class='ocr_line' id='line_1_53' title="bbox 550 6247 1506 6326; baseline -0.009 -18"><span class='ocrx_word' id='word_1_418' title='bbox 550 6259 591 6310; x_wconf 83' lang='lat' dir='ltr'>vel</span> <span class='ocrx_word' id='word_1_419' title='bbox 611 6255 658 6326; x_wconf 84' lang='lat' dir='ltr'>qui</span> <span class='ocrx_word' id='word_1_420' title='bbox 676 6255 713 6324; x_wconf 85' lang='lat' dir='ltr'>[E</span> <span class='ocrx_word' id='word_1_421' title='bbox 733 6257 811 6326; x_wconf 84' lang='lat' dir='ltr'>quoe]</span> <span class='ocrx_word' id='word_1_422' title='bbox 830 6253 900 6310; x_wconf 84' lang='lat' dir='ltr'>euim</span> <span class='ocrx_word' id='word_1_423' title='bbox 920 6259 1087 6322; x_wconf 73' lang='lat' dir='ltr'>arceantur,</span> <span class='ocrx_word' id='word_1_424' title='bbox 1102 6253 1143 6306; x_wconf 84' lang='lat' dir='ltr'>vel</span> <span class='ocrx_word' id='word_1_425' title='bbox 1160 6249 1206 6322; x_wconf 85' lang='lat' dir='ltr'>qui</span> <span class='ocrx_word' id='word_1_426' title='bbox 1224 6247 1293 6304; x_wconf 82' lang='lat' dir='ltr'>euim</span> <span class='ocrx_word' id='word_1_427' title='bbox 1313 6247 1443 6318; x_wconf 75' lang='lat' dir='ltr'>or&#39;put&#39;tur</span> <span class='ocrx_word' id='word_1_428' title='bbox 1457 6255 1506 6300; x_wconf 87' lang='lat' dir='ltr'>etc.</span> 
     </span>
     <span class='ocr_line' id='line_1_54' title="bbox 621 6343 787 6400; baseline -0.012 -2"><span class='ocrx_word' id='word_1_429' title='bbox 621 6343 632 6374; x_wconf 83' lang='lat'>⁵</span> <span class='ocrx_word' id='word_1_430' title='bbox 650 6347 726 6400; x_wconf 85' lang='lat' dir='ltr'>Vens.</span> <span class='ocrx_word' id='word_1_431' title='bbox 746 6345 787 6398; x_wconf 84' lang='lat' dir='ltr'>t5.</span> 
     </span>
     <span class='ocr_line' id='line_1_55' title="bbox 622 6423 1505 6500; baseline -0.007 -14"><span class='ocrx_word' id='word_1_432' title='bbox 622 6431 633 6462; x_wconf 82' lang='lat'>⁶</span> <span class='ocrx_word' id='word_1_433' title='bbox 652 6435 729 6486; x_wconf 82' lang='lat' dir='ltr'>Vero.</span> <span class='ocrx_word' id='word_1_434' title='bbox 743 6435 783 6486; x_wconf 87' lang='lat' dir='ltr'>lli.</span> <span class='ocrx_word' id='word_1_435' title='bbox 798 6463 831 6472; x_wconf 99' lang='lat'>-</span> <span class='ocrx_word' id='word_1_436' title='bbox 844 6435 903 6500; x_wconf 85' lang='lat' dir='ltr'>ch.</span> <span class='ocrx_word' id='word_1_437' title='bbox 918 6435 990 6486; x_wconf 88' lang='lat' dir='ltr'>locus</span> <span class='ocrx_word' id='word_1_438' title='bbox 1003 6439 1043 6486; x_wconf 88' lang='grc' dir='ltr'>θεῖ</span> <span class='ocrx_word' id='word_1_439' title='bbox 1055 6433 1140 6486; x_wconf 89' lang='lat' dir='ltr'>llattb.</span> <span class='ocrx_word' id='word_1_440' title='bbox 1154 6433 1185 6498; x_wconf 85' lang='lat'>5,</span> <span class='ocrx_word' id='word_1_441' title='bbox 1199 6433 1242 6484; x_wconf 85' lang='lat' dir='ltr'>ld.</span> <span class='ocrx_word' id='word_1_442' title='bbox 1312 6467 1314 6472; x_wconf 69' lang='lat'>,</span> <span class='ocrx_word' id='word_1_443' title='bbox 1349 6423 1359 6456; x_wconf 74' lang='lat'>⁷</span> <span class='ocrx_word' id='word_1_444' title='bbox 1373 6429 1448 6480; x_wconf 89' lang='lat' dir='ltr'>Vers.</span> <span class='ocrx_word' id='word_1_445' title='bbox 1463 6429 1505 6480; x_wconf 84' lang='grc'><strong>22.</strong></span> 
     </span>
     <span class='ocr_line' id='line_1_56' title="bbox 620 6515 1505 6588; baseline -0.008 -14"><span class='ocrx_word' id='word_1_446' title='bbox 620 6517 632 6550; x_wconf 78' lang='lat'><strong>⁸</strong></span> <span class='ocrx_word' id='word_1_447' title='bbox 650 6523 753 6574; x_wconf 89' lang='lat' dir='ltr'>Nabum</span> <span class='ocrx_word' id='word_1_448' title='bbox 767 6523 791 6588; x_wconf 88' lang='lat' dir='ltr'>l,</span> <span class='ocrx_word' id='word_1_449' title='bbox 806 6523 828 6574; x_wconf 79' lang='grc'><strong>2.</strong></span> <span class='ocrx_word' id='word_1_450' title='bbox 848 6523 995 6574; x_wconf 86' lang='lat' dir='ltr'>secundum</span> <span class='ocrx_word' id='word_1_451' title='bbox 1013 6521 1180 6588; x_wconf 81' lang='lat' dir='ltr'>septuaginta</span> <span class='ocrx_word' id='word_1_452' title='bbox 1199 6515 1366 6586; x_wconf 54' lang='lat' dir='ltr'>interpretem</span> <span class='ocrx_word' id='word_1_453' title='bbox 1380 6517 1505 6580; x_wconf 81' lang='lat' dir='ltr'>Vulgata:</span> 
     </span>
    </p>
   </div>
   <div class='ocr_carea' id='block_1_11' title="bbox 439 6595 1505 6688">
    <p class='ocr_par' dir='ltr' id='par_1_19' title="bbox 439 6595 1505 6688">
     <span class='ocr_line' id='line_1_57' title="bbox 439 6595 1505 6688; baseline -0.01 -26"><span class='ocrx_word' id='word_1_454' title='bbox 439 6595 440 6598; x_wconf 24' lang='lat'>¹</span> <span class='ocrx_word' id='word_1_455' title='bbox 550 6609 606 6662; x_wconf 92' lang='lat' dir='ltr'>Non</span> <span class='ocrx_word' id='word_1_456' title='bbox 633 6617 784 6688; x_wconf 83' lang='lat' dir='ltr'>consurget</span> <span class='ocrx_word' id='word_1_457' title='bbox 801 6613 897 6676; x_wconf 84' lang='lat' dir='ltr'>duplex</span> <span class='ocrx_word' id='word_1_458' title='bbox 926 6609 1065 6664; x_wconf 89' lang='lat' dir='ltr'>tribulatio.</span> <span class='ocrx_word' id='word_1_459' title='bbox 1083 6609 1134 6664; x_wconf 85' lang='lat' dir='ltr'>Cir.</span> <span class='ocrx_word' id='word_1_460' title='bbox 1154 6609 1196 6660; x_wconf 90' lang='lat' dir='ltr'>lV.</span> <span class='ocrx_word' id='word_1_461' title='bbox 1217 6609 1287 6658; x_wconf 89' lang='lat' dir='ltr'>Seut.</span> <span class='ocrx_word' id='word_1_462' title='bbox 1314 6605 1349 6658; x_wconf 91' lang='lat' dir='ltr'>lit.</span> <span class='ocrx_word' id='word_1_463' title='bbox 1377 6601 1505 6670; x_wconf 81' lang='lat' dir='ltr'>blagistri,</span> 
     </span>
    </p>
   </div>
   <div class='ocr_carea' id='block_1_12' title="bbox 550 6697 1506 6954">
    <p class='ocr_par' dir='ltr' id='par_1_20' title="bbox 550 6697 1506 6954">
     <span class='ocr_line' id='line_1_58' title="bbox 550 6697 743 6752; baseline 0.016 -4"><span class='ocrx_word' id='word_1_464' title='bbox 550 6697 576 6748; x_wconf 90' lang='lat' dir='ltr'>d.</span> <span class='ocrx_word' id='word_1_465' title='bbox 596 6697 656 6748; x_wconf 87' lang='lat' dir='ltr'>XV.</span> <span class='ocrx_word' id='word_1_466' title='bbox 674 6713 697 6750; x_wconf 90' lang='lat' dir='ltr'>c.</span> <span class='ocrx_word' id='word_1_467' title='bbox 717 6701 743 6752; x_wconf 89' lang='lat' dir='ltr'>l.</span> 
     </span>
     <span class='ocr_line' id='line_1_59' title="bbox 621 6779 1506 6854; baseline -0.002 -20"><span class='ocrx_word' id='word_1_468' title='bbox 621 6779 632 6810; x_wconf 76' lang='lat'><strong>⁹</strong></span> <span class='ocrx_word' id='word_1_469' title='bbox 650 6787 683 6838; x_wconf 90' lang='lat' dir='ltr'>Ut</span> <span class='ocrx_word' id='word_1_470' title='bbox 700 6787 762 6840; x_wconf 86' lang='lat' dir='ltr'>dicit</span> <span class='ocrx_word' id='word_1_471' title='bbox 779 6789 898 6850; x_wconf 79' lang='lat' dir='ltr'>August,</span> <span class='ocrx_word' id='word_1_472' title='bbox 919 6789 955 6840; x_wconf 93' lang='lat' dir='ltr'>lll.</span> <span class='ocrx_word' id='word_1_473' title='bbox 968 6787 1008 6854; x_wconf 51' lang='lat' dir='ltr'>¹de</span> <span class='ocrx_word' id='word_1_474' title='bbox 1026 6785 1084 6838; x_wconf 90' lang='lat' dir='ltr'>Lib.</span> <span class='ocrx_word' id='word_1_475' title='bbox 1102 6783 1164 6838; x_wconf 81' lang='lat' dir='ltr'>Arb.</span> <span class='ocrx_word' id='word_1_476' title='bbox 1184 6799 1206 6836; x_wconf 88' lang='lat' dir='ltr'>c.</span> <span class='ocrx_word' id='word_1_477' title='bbox 1229 6785 1269 6836; x_wconf 79' lang='lat' dir='ltr'>lb.</span> <span class='ocrx_word' id='word_1_478' title='bbox 1288 6799 1314 6836; x_wconf 87' lang='lat' dir='ltr'>n.</span> <span class='ocrx_word' id='word_1_479' title='bbox 1333 6781 1377 6834; x_wconf 80' lang='lat' dir='ltr'>lt.</span> <span class='ocrx_word' id='word_1_480' title='bbox 1394 6781 1447 6836; x_wconf 87' lang='lat' dir='ltr'>Cir.</span> <span class='ocrx_word' id='word_1_481' title='bbox 1466 6793 1506 6832; x_wconf 89' lang='lat' dir='ltr'>su·</span> 
     </span>
     <span class='ocr_line' id='line_1_60' title="bbox 551 6873 993 6954; baseline 0.014 -32"><span class='ocrx_word' id='word_1_482' title='bbox 551 6883 598 6934; x_wconf 88' lang='lat' dir='ltr'>pra</span> <span class='ocrx_word' id='word_1_483' title='bbox 617 6885 679 6936; x_wconf 82' lang='lat' dir='ltr'>pag.</span> <span class='ocrx_word' id='word_1_484' title='bbox 698 6873 762 6940; x_wconf 80' lang='lat' dir='ltr'>llo,</span> <span class='ocrx_word' id='word_1_485' title='bbox 782 6880 841 6929; x_wconf 88' lang='lat' dir='ltr'>nota</span> <span class='ocrx_word' id='word_1_486' title='bbox 863 6877 887 6928; x_wconf 89' lang='lat' dir='ltr'>l.</span> <span class='ocrx_word' id='word_1_487' title='bbox 991 6951 993 6954; x_wconf 22' lang='grc' dir='ltr'>Ι</span> 
     </span>
    </p>
   </div>
   <div class='ocr_carea' id='block_1_13' title="bbox 1554 2659 2528 2746">
    <p class='ocr_par' dir='ltr' id='par_1_21' title="bbox 1554 2659 2528 2746">
     <span class='ocr_line' id='line_1_61' title="bbox 1554 2659 2528 2746; baseline 0 -20"><span class='ocrx_word' id='word_1_488' title='bbox 1554 2661 1669 2728; x_wconf 90' lang='lat' dir='ltr'>decus</span> <span class='ocrx_word' id='word_1_489' title='bbox 1692 2661 1810 2746; x_wconf 87' lang='lat' dir='ltr'>peccati</span> <span class='ocrx_word' id='word_1_490' title='bbox 1835 2661 1900 2728; x_wconf 90' lang='lat' dir='ltr'>sine</span> <span class='ocrx_word' id='word_1_491' title='bbox 1922 2661 2034 2726; x_wconf 91' lang='lat' dir='ltr'>decore</span> <span class='ocrx_word' id='word_1_492' title='bbox 2052 2661 2241 2728; x_wconf 72' lang='lat' dir='ltr'>instituor»</span> <span class='ocrx_word' id='word_1_493' title='bbox 2262 2701 2307 2710; x_wconf 92' lang='lat'>-</span> <span class='ocrx_word' id='word_1_494' title='bbox 2322 2659 2458 2728; x_wconf 82' lang='lat' dir='ltr'>maxime</span> <span class='ocrx_word' id='word_1_495' title='bbox 2481 2659 2528 2726; x_wconf 85' lang='lat' dir='ltr'>in-</span> 
     </span>
    </p>
   </div>
   <div class='ocr_carea' id='block_1_14' title="bbox 1214 575 1830 646">
    <p class='ocr_par' dir='ltr' id='par_1_22' title="bbox 1214 575 1830 646">
     <span class='ocr_line' id='line_1_62' title="bbox 1214 575 1830 646; baseline 0.006 -4"><span class='ocrx_word' id='word_1_496' title='bbox 1214 605 1215 608; x_wconf 42' lang='lat'><em>*</em></span> <span class='ocrx_word' id='word_1_497' title='bbox 1262 575 1454 646; x_wconf 78' lang='lat' dir='ltr'>cumdum.</span> <span class='ocrx_word' id='word_1_498' title='bbox 1480 577 1516 644; x_wconf 90' lang='lat' dir='ltr'>IN</span> <span class='ocrx_word' id='word_1_499' title='bbox 1540 577 1705 646; x_wconf 82' lang='lat' dir='ltr'>lOdNNElVl</span> <span class='ocrx_word' id='word_1_500' title='bbox 1728 579 1759 646; x_wconf 86' lang='lat' dir='ltr'>C.</span> <span class='ocrx_word' id='word_1_501' title='bbox 1784 581 1830 646; x_wconf 94' lang='lat' dir='ltr'>lll.</span> 
     </span>
    </p>
   </div>
   <div class='ocr_carea' id='block_1_15' title="bbox 1940 759 2166 840">
    <p class='ocr_par' dir='ltr' id='par_1_23' title="bbox 1940 759 2166 840">
     <span class='ocr_line' id='line_1_63' title="bbox 1940 759 2166 840; baseline -0.009 -18"><span class='ocrx_word' id='word_1_502' title='bbox 1940 759 2166 840; x_wconf 79' lang='lat' dir='ltr'>Quaesumus</span> 
     </span>
    </p>
   </div>
   <div class='ocr_carea' id='block_1_16' title="bbox 1575 967 2694 2322">
    <p class='ocr_par' dir='ltr' id='par_1_24' title="bbox 1577 967 2533 1376">
     <span class='ocr_line' id='line_1_64' title="bbox 1667 967 2533 1056; baseline 0 -17"><span class='ocrx_word' id='word_1_503' title='bbox 1667 973 1719 1040; x_wconf 79' lang='grc'><strong>35.</strong></span> <span class='ocrx_word' id='word_1_504' title='bbox 1742 973 1866 1056; x_wconf 84' lang='lat' dir='ltr'>Quaesl.</span> <span class='ocrx_word' id='word_1_505' title='bbox 1886 969 1905 1034; x_wconf 91' lang='lat' dir='ltr'>l.</span> <span class='ocrx_word' id='word_1_506' title='bbox 1933 967 1992 1034; x_wconf 89' lang='lat' dir='ltr'>Sed</span> <span class='ocrx_word' id='word_1_507' title='bbox 2016 967 2121 1034; x_wconf 89' lang='lat' dir='ltr'>incidit</span> <span class='ocrx_word' id='word_1_508' title='bbox 2147 967 2197 1036; x_wconf 89' lang='lat' dir='ltr'>bic</span> <span class='ocrx_word' id='word_1_509' title='bbox 2214 971 2354 1054; x_wconf 86' lang='lat' dir='ltr'>quaestio</span> <span class='ocrx_word' id='word_1_510' title='bbox 2377 971 2478 1054; x_wconf 89' lang='lat' dir='ltr'>primo</span> <span class='ocrx_word' id='word_1_511' title='bbox 2495 971 2533 1040; x_wconf 89' lang='lat' dir='ltr'>de</span> 
     </span>
     <span class='ocr_line' id='line_1_65' title="bbox 1577 1065 2533 1162; baseline 0 -18"><span class='ocrx_word' id='word_1_512' title='bbox 1577 1081 1637 1144; x_wconf 93' lang='lat' dir='ltr'>hoc</span> <span class='ocrx_word' id='word_1_513' title='bbox 1667 1065 1752 1162; x_wconf 89' lang='lat' dir='ltr'>quod</span> <span class='ocrx_word' id='word_1_514' title='bbox 1783 1075 1872 1154; x_wconf 90' lang='lat' dir='ltr'>dicit,</span> <span class='ocrx_word' id='word_1_515' title='bbox 1906 1073 1989 1157; x_wconf 91' lang='lat' dir='ltr'>quod</span> <span class='ocrx_word' id='word_1_516' title='bbox 2021 1093 2088 1138; x_wconf 82' lang='grc' dir='ltr'>θοθ</span> <span class='ocrx_word' id='word_1_517' title='bbox 2108 1073 2200 1140; x_wconf 82' lang='lat' dir='ltr'>misit</span> <span class='ocrx_word' id='word_1_518' title='bbox 2219 1075 2344 1140; x_wconf 78' lang='lat' dir='ltr'>Filium</span> <span class='ocrx_word' id='word_1_519' title='bbox 2367 1095 2469 1142; x_wconf 82' lang='lat' dir='ltr'>auum</span> <span class='ocrx_word' id='word_1_520' title='bbox 2497 1079 2533 1144; x_wconf 80' lang='lat' dir='ltr'>tlt</span> 
     </span>
     <span class='ocr_line' id='line_1_66' title="bbox 1577 1171 2532 1258; baseline -0.002 -10"><span class='ocrx_word' id='word_1_521' title='bbox 1577 1171 1761 1258; x_wconf 76' lang='lat' dir='ltr'>inuadunt,</span> <span class='ocrx_word' id='word_1_522' title='bbox 1795 1187 1835 1246; x_wconf 89' lang='grc' dir='ltr'>θῖ</span> <span class='ocrx_word' id='word_1_523' title='bbox 1865 1177 1995 1244; x_wconf 79' lang='lat' dir='ltr'>dedicet.</span> <span class='ocrx_word' id='word_1_524' title='bbox 2025 1217 2069 1228; x_wconf 85' lang='lat'>-·</span> <span class='ocrx_word' id='word_1_525' title='bbox 2098 1177 2243 1246; x_wconf 82' lang='lat' dir='ltr'>Contra:</span> <span class='ocrx_word' id='word_1_526' title='bbox 2279 1181 2416 1246; x_wconf 91' lang='lat' dir='ltr'>Habetur</span> <span class='ocrx_word' id='word_1_527' title='bbox 2451 1181 2532 1248; x_wconf 85' lang='lat' dir='ltr'>infra</span> 
     </span>
     <span class='ocr_line' id='line_1_67' title="bbox 1577 1285 2389 1376; baseline -0.005 -22"><span class='ocrx_word' id='word_1_528' title='bbox 1577 1289 1686 1376; x_wconf 88' lang='lat' dir='ltr'>quinto</span> <span class='ocrx_word' id='word_1_529' title='bbox 1700 1287 1729 1350; x_wconf 76' lang='lat'>⁷:</span> <span class='ocrx_word' id='word_1_530' title='bbox 1754 1287 1857 1352; x_wconf 79' lang='lat' dir='ltr'>Peter</span> <span class='ocrx_word' id='word_1_531' title='bbox 1882 1303 1974 1348; x_wconf 83' lang='lat' dir='ltr'>omne</span> <span class='ocrx_word' id='word_1_532' title='bbox 1997 1285 2161 1350; x_wconf 84' lang='lat' dir='ltr'>iudicium</span> <span class='ocrx_word' id='word_1_533' title='bbox 2183 1285 2271 1352; x_wconf 79' lang='lat' dir='ltr'>deute</span> <span class='ocrx_word' id='word_1_534' title='bbox 2292 1285 2389 1352; x_wconf 79' lang='lat' dir='ltr'>Filio.</span> 
     </span>
    </p>

    <p class='ocr_par' dir='ltr' id='par_1_25' title="bbox 1575 1391 2694 1786">
     <span class='ocr_line' id='line_1_68' title="bbox 1665 1391 2694 1476; baseline -0.01 -16"><span class='ocrx_word' id='word_1_535' title='bbox 1665 1397 1862 1460; x_wconf 78' lang='lat' dir='ltr'>liuseounuo:</span> <span class='ocrx_word' id='word_1_536' title='bbox 1888 1391 1939 1456; x_wconf 86' lang='lat' dir='ltr'>Est</span> <span class='ocrx_word' id='word_1_537' title='bbox 1959 1391 2077 1476; x_wconf 82' lang='lat' dir='ltr'>duplex</span> <span class='ocrx_word' id='word_1_538' title='bbox 2093 1391 2259 1458; x_wconf 82' lang='lat' dir='ltr'>adrentus:</span> <span class='ocrx_word' id='word_1_539' title='bbox 2279 1393 2415 1476; x_wconf 83' lang='lat' dir='ltr'>primur</span> <span class='ocrx_word' id='word_1_540' title='bbox 2438 1395 2469 1458; x_wconf 89' lang='lat' dir='ltr'>et</span> <span class='ocrx_word' id='word_1_541' title='bbox 2482 1411 2530 1458; x_wconf 84' lang='lat' dir='ltr'>se·</span> <span class='ocrx_word' id='word_1_542' title='bbox 2548 1407 2614 1462; x_wconf 68' lang='lat' dir='ltr'>neap.</span> <span class='ocrx_word' id='word_1_543' title='bbox 2692 1461 2694 1466; x_wconf 43' lang='grc'>,</span> 
     </span>
     <span class='ocr_line' id='line_1_69' title="bbox 1577 1495 2528 1582; baseline -0.001 -17"><span class='ocrx_word' id='word_1_544' title='bbox 1577 1499 1725 1576; x_wconf 79' lang='lat' dir='ltr'>eundae,</span> <span class='ocrx_word' id='word_1_545' title='bbox 1750 1497 1871 1582; x_wconf 90' lang='lat' dir='ltr'>primus</span> <span class='ocrx_word' id='word_1_546' title='bbox 1895 1495 2160 1576; x_wconf 78' lang='lat' dir='ltr'>misericordiae,</span> <span class='ocrx_word' id='word_1_547' title='bbox 2185 1497 2342 1564; x_wconf 90' lang='lat' dir='ltr'>secundus</span> <span class='ocrx_word' id='word_1_548' title='bbox 2372 1497 2528 1564; x_wconf 83' lang='lat' dir='ltr'>iustitiae.</span> 
     </span>
     <span class='ocr_line' id='line_1_70' title="bbox 1577 1601 2529 1690; baseline 0 -22"><span class='ocrx_word' id='word_1_549' title='bbox 1577 1605 1741 1690; x_wconf 78' lang='lat' dir='ltr'>lupricato</span> <span class='ocrx_word' id='word_1_550' title='bbox 1766 1603 1851 1670; x_wconf 84' lang='lat' dir='ltr'>venit</span> <span class='ocrx_word' id='word_1_551' title='bbox 1880 1601 1919 1666; x_wconf 89' lang='lat' dir='ltr'>ed</span> <span class='ocrx_word' id='word_1_552' title='bbox 1950 1601 2202 1686; x_wconf 90' lang='lat' dir='ltr'>propitiandum,</span> <span class='ocrx_word' id='word_1_553' title='bbox 2225 1620 2286 1668; x_wconf 94' lang='lat' dir='ltr'>non</span> <span class='ocrx_word' id='word_1_554' title='bbox 2319 1603 2356 1668; x_wconf 90' lang='lat' dir='ltr'>ad</span> <span class='ocrx_word' id='word_1_555' title='bbox 2392 1603 2529 1668; x_wconf 88' lang='lat' dir='ltr'>iudican-</span> 
     </span>
     <span class='ocr_line' id='line_1_71' title="bbox 1575 1707 2664 1786; baseline 0 -12"><span class='ocrx_word' id='word_1_556' title='bbox 1575 1709 1666 1786; x_wconf 88' lang='lat' dir='ltr'>dum,</span> <span class='ocrx_word' id='word_1_557' title='bbox 1691 1707 1744 1774; x_wconf 90' lang='lat' dir='ltr'>scd</span> <span class='ocrx_word' id='word_1_558' title='bbox 1768 1709 1799 1774; x_wconf 95' lang='lat' dir='ltr'>in</span> <span class='ocrx_word' id='word_1_559' title='bbox 1823 1707 1965 1774; x_wconf 85' lang='lat' dir='ltr'>secundo</span> <span class='ocrx_word' id='word_1_560' title='bbox 1988 1715 2142 1774; x_wconf 83' lang='lat' dir='ltr'>venturus</span> <span class='ocrx_word' id='word_1_561' title='bbox 2164 1715 2214 1774; x_wconf 94' lang='grc' dir='ltr'>θεῖ</span> <span class='ocrx_word' id='word_1_562' title='bbox 2234 1709 2274 1774; x_wconf 93' lang='lat' dir='ltr'>ad</span> <span class='ocrx_word' id='word_1_563' title='bbox 2295 1709 2507 1776; x_wconf 91' lang='lat' dir='ltr'>iudicandum.</span> <span class='ocrx_word' id='word_1_564' title='bbox 2558 1747 2559 1754; x_wconf 55' lang='lat'>.</span> <span class='ocrx_word' id='word_1_565' title='bbox 2661 1745 2664 1752; x_wconf 74' lang='lat'><em>=</em></span> 
     </span>
    </p>

    <p class='ocr_par' dir='ltr' id='par_1_26' title="bbox 1576 1799 2553 2002">
     <span class='ocr_line' id='line_1_72' title="bbox 1665 1799 2529 1900; baseline -0.002 -18"><span class='ocrx_word' id='word_1_566' title='bbox 1665 1813 1717 1882; x_wconf 85' lang='lat'>36.</span> <span class='ocrx_word' id='word_1_567' title='bbox 1741 1815 1865 1898; x_wconf 84' lang='lat' dir='ltr'>Quaest.</span> <span class='ocrx_word' id='word_1_568' title='bbox 1891 1813 1922 1878; x_wconf 88' lang='lat' dir='ltr'>ll.</span> <span class='ocrx_word' id='word_1_569' title='bbox 1950 1813 2022 1878; x_wconf 91' lang='lat' dir='ltr'>ltem</span> <span class='ocrx_word' id='word_1_570' title='bbox 2046 1799 2211 1898; x_wconf 83' lang='lat' dir='ltr'>quaeritur</span> <span class='ocrx_word' id='word_1_571' title='bbox 2233 1815 2272 1880; x_wconf 91' lang='lat' dir='ltr'>de</span> <span class='ocrx_word' id='word_1_572' title='bbox 2294 1815 2354 1880; x_wconf 90' lang='lat' dir='ltr'>hoc</span> <span class='ocrx_word' id='word_1_573' title='bbox 2378 1813 2462 1900; x_wconf 92' lang='lat' dir='ltr'>quod</span> <span class='ocrx_word' id='word_1_574' title='bbox 2484 1813 2529 1880; x_wconf 91' lang='lat' dir='ltr'>di-</span> 
     </span>
     <span class='ocr_line' id='line_1_73' title="bbox 1576 1917 2553 2002; baseline -0.002 -16"><span class='ocrx_word' id='word_1_575' title='bbox 1576 1919 1634 1986; x_wconf 91' lang='lat' dir='ltr'>cit:</span> <span class='ocrx_word' id='word_1_576' title='bbox 1661 1921 1726 2002; x_wconf 82' lang='lat' dir='ltr'>Qui</span> <span class='ocrx_word' id='word_1_577' title='bbox 1746 1939 1813 1986; x_wconf 84' lang='lat' dir='ltr'>noa</span> <span class='ocrx_word' id='word_1_578' title='bbox 1837 1917 2031 1986; x_wconf 79' lang='lat' dir='ltr'>creditique</span> <span class='ocrx_word' id='word_1_579' title='bbox 2054 1917 2224 1984; x_wconf 80' lang='lat' dir='ltr'>incitentur</span> <span class='ocrx_word' id='word_1_580' title='bbox 2247 1927 2301 1984; x_wconf 86' lang='lat' dir='ltr'>eat.</span> <span class='ocrx_word' id='word_1_581' title='bbox 2430 1939 2431 1942; x_wconf 45' lang='lat'>¹</span> <span class='ocrx_word' id='word_1_582' title='bbox 2551 1993 2553 1996; x_wconf 48' lang='grc'><strong>,</strong></span> 
     </span>
    </p>

    <p class='ocr_par' dir='ltr' id='par_1_27' title="bbox 1628 2023 2529 2110">
     <span class='ocr_line' id='line_1_74' title="bbox 1628 2023 2529 2110; baseline -0.004 -18"><span class='ocrx_word' id='word_1_583' title='bbox 1628 2051 1630 2056; x_wconf 15' lang='grc' dir='ltr'>ε</span> <span class='ocrx_word' id='word_1_584' title='bbox 1664 2025 1805 2092; x_wconf 82' lang='lat' dir='ltr'>Courel:</span> <span class='ocrx_word' id='word_1_585' title='bbox 1824 2025 1854 2092; x_wconf 89' lang='lat' dir='ltr'>Si</span> <span class='ocrx_word' id='word_1_586' title='bbox 1871 2025 1959 2092; x_wconf 84' lang='lat' dir='ltr'>Deua</span> <span class='ocrx_word' id='word_1_587' title='bbox 1974 2043 2040 2090; x_wconf 88' lang='grc' dir='ltr'>θοθ</span> <span class='ocrx_word' id='word_1_588' title='bbox 2057 2023 2186 2090; x_wconf 82' lang='lat' dir='ltr'>iudicet</span> <span class='ocrx_word' id='word_1_589' title='bbox 2205 2023 2254 2088; x_wconf 83' lang='lat' dir='ltr'>bis</span> <span class='ocrx_word' id='word_1_590' title='bbox 2270 2023 2306 2090; x_wconf 85' lang='lat' dir='ltr'>t&#39;a</span> <span class='ocrx_word' id='word_1_591' title='bbox 2322 2023 2357 2088; x_wconf 90' lang='lat' dir='ltr'>id</span> <span class='ocrx_word' id='word_1_592' title='bbox 2373 2023 2483 2110; x_wconf 78' lang='lat' dir='ltr'>ipsane</span> <span class='ocrx_word' id='word_1_593' title='bbox 2496 2023 2529 2100; x_wconf 85' lang='lat'>8;</span> 
     </span>
    </p>

    <p class='ocr_par' dir='ltr' id='par_1_28' title="bbox 1575 2119 2614 2322">
     <span class='ocr_line' id='line_1_75' title="bbox 1575 2119 2614 2214; baseline -0.007 -14"><span class='ocrx_word' id='word_1_594' title='bbox 1575 2139 1605 2200; x_wconf 93' lang='lat' dir='ltr'>et</span> <span class='ocrx_word' id='word_1_595' title='bbox 1627 2133 1768 2200; x_wconf 86' lang='lat' dir='ltr'>infideles</span> <span class='ocrx_word' id='word_1_596' title='bbox 1783 2133 1842 2200; x_wconf 91' lang='lat' dir='ltr'>iarn</span> <span class='ocrx_word' id='word_1_597' title='bbox 1868 2137 1941 2200; x_wconf 91' lang='lat' dir='ltr'>sunt</span> <span class='ocrx_word' id='word_1_598' title='bbox 1957 2131 2100 2196; x_wconf 89' lang='lat' dir='ltr'>iudicati:</span> <span class='ocrx_word' id='word_1_599' title='bbox 2126 2147 2200 2214; x_wconf 83' lang='lat' dir='ltr'>ergo</span> <span class='ocrx_word' id='word_1_600' title='bbox 2222 2129 2255 2194; x_wconf 95' lang='lat' dir='ltr'>in</span> <span class='ocrx_word' id='word_1_601' title='bbox 2270 2129 2320 2196; x_wconf 92' lang='lat' dir='ltr'>die</span> <span class='ocrx_word' id='word_1_602' title='bbox 2342 2129 2447 2196; x_wconf 92' lang='lat' dir='ltr'>iudicii</span> <span class='ocrx_word' id='word_1_603' title='bbox 2466 2149 2527 2196; x_wconf 93' lang='lat' dir='ltr'>non</span> <span class='ocrx_word' id='word_1_604' title='bbox 2613 2119 2614 2122; x_wconf 66' lang='grc'>’</span> 
     </span>
     <span class='ocr_line' id='line_1_76' title="bbox 1575 2233 2528 2322; baseline -0.004 -16"><span class='ocrx_word' id='word_1_605' title='bbox 1575 2239 1807 2308; x_wconf 88' lang='lat' dir='ltr'>iudicabuntur.</span> <span class='ocrx_word' id='word_1_606' title='bbox 1827 2277 1866 2286; x_wconf 86' lang='lat'>—</span> <span class='ocrx_word' id='word_1_607' title='bbox 1882 2237 1922 2304; x_wconf 86' lang='lat' dir='ltr'>Si</span> <span class='ocrx_word' id='word_1_608' title='bbox 1937 2237 2045 2314; x_wconf 76' lang='lat' dir='ltr'>alicua,</span> <span class='ocrx_word' id='word_1_609' title='bbox 2063 2235 2148 2322; x_wconf 90' lang='lat' dir='ltr'>quod</span> <span class='ocrx_word' id='word_1_610' title='bbox 2169 2235 2294 2304; x_wconf 90' lang='lat' dir='ltr'>iudicati</span> <span class='ocrx_word' id='word_1_611' title='bbox 2313 2245 2387 2302; x_wconf 90' lang='lat' dir='ltr'>sunt</span> <span class='ocrx_word' id='word_1_612' title='bbox 2402 2233 2528 2314; x_wconf 88' lang='lat' dir='ltr'>merit0;</span> 
     </span>
    </p>
   </div>
   <div class='ocr_carea' id='block_1_17' title="bbox 1571 2343 2014 2428">
    <p class='ocr_par' dir='ltr' id='par_1_29' title="bbox 1571 2343 2014 2428">
     <span class='ocr_line' id='line_1_77' title="bbox 1571 2343 2014 2428; baseline -0.005 -18"><span class='ocrx_word' id='word_1_613' title='bbox 1571 2345 1718 2428; x_wconf 89' lang='lat' dir='ltr'>similiter</span> <span class='ocrx_word' id='word_1_614' title='bbox 1739 2347 1812 2410; x_wconf 89' lang='lat' dir='ltr'>mali</span> <span class='ocrx_word' id='word_1_615' title='bbox 1837 2343 2014 2410; x_wconf 83' lang='lat' dir='ltr'>Christiani.</span> 
     </span>
    </p>
   </div>
   <div class='ocr_carea' id='block_1_18' title="bbox 1572 2447 2694 4968">
    <p class='ocr_par' dir='ltr' id='par_1_30' title="bbox 1573 2447 2694 3590">
     <span class='ocr_line' id='line_1_78' title="bbox 1664 2447 2613 2534; baseline -0.009 -18"><span class='ocrx_word' id='word_1_616' title='bbox 1664 2453 1862 2518; x_wconf 83' lang='lat' dir='ltr'>lluseououo:</span> <span class='ocrx_word' id='word_1_617' title='bbox 1888 2449 1939 2516; x_wconf 86' lang='lat' dir='ltr'>Est</span> <span class='ocrx_word' id='word_1_618' title='bbox 1955 2449 2103 2516; x_wconf 89' lang='lat' dir='ltr'>iudicium</span> <span class='ocrx_word' id='word_1_619' title='bbox 2118 2449 2302 2534; x_wconf 75' lang='lat' dir='ltr'>praeuotio</span> <span class='ocrx_word' id='word_1_620' title='bbox 2321 2447 2528 2534; x_wconf 73' lang='lat' dir='ltr'>punitionis,-</span> <span class='ocrx_word' id='word_1_621' title='bbox 2546 2465 2613 2520; x_wconf 64' lang='lat' dir='ltr'>neap.</span> 
     </span>
     <span class='ocr_line' id='line_1_79' title="bbox 1575 2553 2694 2680; baseline -0.007 -60"><span class='ocrx_word' id='word_1_622' title='bbox 1575 2561 1604 2620; x_wconf 92' lang='grc' dir='ltr'>θῖ</span> <span class='ocrx_word' id='word_1_623' title='bbox 1629 2555 1688 2622; x_wconf 88' lang='lat' dir='ltr'>hoc</span> <span class='ocrx_word' id='word_1_624' title='bbox 1711 2575 1818 2622; x_wconf 92' lang='lat' dir='ltr'>omnes</span> <span class='ocrx_word' id='word_1_625' title='bbox 1841 2555 1913 2620; x_wconf 93' lang='lat' dir='ltr'>mali</span> <span class='ocrx_word' id='word_1_626' title='bbox 1937 2555 2116 2620; x_wconf 91' lang='lat' dir='ltr'>iudicantur</span> <span class='ocrx_word' id='word_1_627' title='bbox 2132 2593 2176 2604; x_wconf 87' lang='lat'>-</span> <span class='ocrx_word' id='word_1_628' title='bbox 2192 2557 2266 2640; x_wconf 91' lang='lat' dir='ltr'>quia</span> <span class='ocrx_word' id='word_1_629' title='bbox 2289 2581 2306 2614; x_wconf 86' lang='lat'>«</span> <span class='ocrx_word' id='word_1_630' title='bbox 2322 2573 2384 2620; x_wconf 96' lang='lat' dir='ltr'>non</span> <span class='ocrx_word' id='word_1_631' title='bbox 2407 2561 2454 2620; x_wconf 90' lang='grc' dir='ltr'>θεῖ</span> <span class='ocrx_word' id='word_1_632' title='bbox 2475 2553 2528 2620; x_wconf 90' lang='lat' dir='ltr'>de·</span> <span class='ocrx_word' id='word_1_633' title='bbox 2542 2569 2694 2680; x_wconf 55' lang='lat' dir='ltr'>¹⁰⁶issffli⁰tl³¹</span> 
     </span>
     <span class='ocr_line' id='line_1_80' title="bbox 1574 2765 2528 2850; baseline 0 -20"><span class='ocrx_word' id='word_1_634' title='bbox 1574 2767 1698 2846; x_wconf 78' lang='lat' dir='ltr'>fideles,</span> <span class='ocrx_word' id='word_1_635' title='bbox 1730 2767 1804 2850; x_wconf 89' lang='lat' dir='ltr'>quia</span> <span class='ocrx_word' id='word_1_636' title='bbox 1835 2765 2000 2830; x_wconf 81' lang='lat' dir='ltr'>infidelitas</span> <span class='ocrx_word' id='word_1_637' title='bbox 2029 2785 2143 2848; x_wconf 79' lang='lat' dir='ltr'>magna</span> <span class='ocrx_word' id='word_1_638' title='bbox 2170 2785 2269 2848; x_wconf 90' lang='lat' dir='ltr'>poena</span> <span class='ocrx_word' id='word_1_639' title='bbox 2300 2773 2345 2834; x_wconf 92' lang='grc' dir='ltr'>θεῖ</span> <span class='ocrx_word' id='word_1_640' title='bbox 2378 2767 2445 2832; x_wconf 90' lang='lat' dir='ltr'>sibi.</span> <span class='ocrx_word' id='word_1_641' title='bbox 2477 2765 2528 2830; x_wconf 87' lang='lat' dir='ltr'>Est</span> 
     </span>
     <span class='ocr_line' id='line_1_81' title="bbox 1574 2869 2528 2948; baseline -0.002 -10"><span class='ocrx_word' id='word_1_642' title='bbox 1574 2871 1723 2938; x_wconf 91' lang='lat' dir='ltr'>iudicium</span> <span class='ocrx_word' id='word_1_643' title='bbox 1747 2877 1908 2938; x_wconf 69' lang='lat' dir='ltr'>extranee</span> <span class='ocrx_word' id='word_1_644' title='bbox 1932 2869 2165 2948; x_wconf 80' lang='lat' dir='ltr'>uteeuaatoata,</span> <span class='ocrx_word' id='word_1_645' title='bbox 2192 2877 2220 2936; x_wconf 93' lang='grc' dir='ltr'>θῖ</span> <span class='ocrx_word' id='word_1_646' title='bbox 2245 2873 2304 2936; x_wconf 91' lang='lat' dir='ltr'>boc</span> <span class='ocrx_word' id='word_1_647' title='bbox 2327 2889 2388 2936; x_wconf 92' lang='lat' dir='ltr'>non</span> <span class='ocrx_word' id='word_1_648' title='bbox 2411 2871 2528 2938; x_wconf 89' lang='lat' dir='ltr'>iudica-</span> 
     </span>
     <span class='ocr_line' id='line_1_82' title="bbox 1574 2975 2527 3062; baseline -0.002 -18"><span class='ocrx_word' id='word_1_649' title='bbox 1574 2977 1694 3044; x_wconf 88' lang='lat' dir='ltr'>buntur</span> <span class='ocrx_word' id='word_1_650' title='bbox 1717 2977 1866 3044; x_wconf 81' lang='lat' dir='ltr'>infideles.</span> <span class='ocrx_word' id='word_1_651' title='bbox 1892 2977 1926 3040; x_wconf 80' lang='lat' dir='ltr'>lit</span> <span class='ocrx_word' id='word_1_652' title='bbox 1943 2983 1989 3040; x_wconf 94' lang='grc' dir='ltr'>θεῖ</span> <span class='ocrx_word' id='word_1_653' title='bbox 2012 2975 2161 3040; x_wconf 91' lang='lat' dir='ltr'>iudicium</span> <span class='ocrx_word' id='word_1_654' title='bbox 2180 2975 2319 3062; x_wconf 79' lang='lat' dir='ltr'>futurae</span> <span class='ocrx_word' id='word_1_655' title='bbox 2340 2977 2527 3042; x_wconf 82' lang='lat' dir='ltr'>retributio-</span> 
     </span>
     <span class='ocr_line' id='line_1_83' title="bbox 1573 3081 2527 3166; baseline 0 -18"><span class='ocrx_word' id='word_1_656' title='bbox 1573 3085 1636 3150; x_wconf 86' lang='grc' dir='ltr'>θῖέ.</span> <span class='ocrx_word' id='word_1_657' title='bbox 1660 3085 1764 3150; x_wconf 86' lang='lat' dir='ltr'>Primo</span> <span class='ocrx_word' id='word_1_658' title='bbox 1786 3085 1965 3150; x_wconf 90' lang='lat' dir='ltr'>iudicantur</span> <span class='ocrx_word' id='word_1_659' title='bbox 1989 3099 2096 3166; x_wconf 82' lang='lat' dir='ltr'>omnes</span> <span class='ocrx_word' id='word_1_660' title='bbox 2122 3083 2209 3162; x_wconf 92' lang='lat' dir='ltr'>meli;</span> <span class='ocrx_word' id='word_1_661' title='bbox 2234 3081 2388 3162; x_wconf 88' lang='lat' dir='ltr'>secunde,</span> <span class='ocrx_word' id='word_1_662' title='bbox 2412 3083 2527 3160; x_wconf 80' lang='lat' dir='ltr'>medio</span> 
     </span>
     <span class='ocr_line' id='line_1_84' title="bbox 1574 3187 2527 3268; baseline 0 -12"><span class='ocrx_word' id='word_1_663' title='bbox 1574 3189 1668 3258; x_wconf 89' lang='lat' dir='ltr'>criter</span> <span class='ocrx_word' id='word_1_664' title='bbox 1693 3189 1766 3256; x_wconf 92' lang='lat' dir='ltr'>boni</span> <span class='ocrx_word' id='word_1_665' title='bbox 1788 3199 1820 3256; x_wconf 93' lang='grc' dir='ltr'>θῖ</span> <span class='ocrx_word' id='word_1_666' title='bbox 1850 3187 1942 3268; x_wconf 89' lang='lat' dir='ltr'>meli;</span> <span class='ocrx_word' id='word_1_667' title='bbox 1966 3187 2091 3266; x_wconf 92' lang='lat' dir='ltr'>ultimo,</span> <span class='ocrx_word' id='word_1_668' title='bbox 2126 3205 2233 3256; x_wconf 88' lang='lat' dir='ltr'>omncs</span> <span class='ocrx_word' id='word_1_669' title='bbox 2255 3187 2326 3254; x_wconf 92' lang='lat' dir='ltr'>boni</span> <span class='ocrx_word' id='word_1_670' title='bbox 2359 3195 2389 3256; x_wconf 90' lang='lat' dir='ltr'>et</span> <span class='ocrx_word' id='word_1_671' title='bbox 2420 3205 2527 3256; x_wconf 85' lang='lat' dir='ltr'>omnes</span> 
     </span>
     <span class='ocr_line' id='line_1_85' title="bbox 1574 3293 2527 3380; baseline -0.002 -20"><span class='ocrx_word' id='word_1_672' title='bbox 1574 3293 1794 3364; x_wconf 81' lang='lat' dir='ltr'>malibicitur</span> <span class='ocrx_word' id='word_1_673' title='bbox 1811 3313 1886 3380; x_wconf 76' lang='lat' dir='ltr'>ergo</span> <span class='ocrx_word' id='word_1_674' title='bbox 1901 3293 2044 3370; x_wconf 85' lang='lat' dir='ltr'>infidelis·</span> <span class='ocrx_word' id='word_1_675' title='bbox 2057 3295 2127 3360; x_wconf 83' lang='lat' dir='ltr'>iota</span> <span class='ocrx_word' id='word_1_676' title='bbox 2143 3293 2313 3360; x_wconf 84' lang='lat' dir='ltr'>iudicet-uo</span> <span class='ocrx_word' id='word_1_677' title='bbox 2333 3295 2383 3360; x_wconf 84' lang='lat' dir='ltr'>rel</span> <span class='ocrx_word' id='word_1_678' title='bbox 2398 3299 2527 3378; x_wconf 90' lang='lat' dir='ltr'>propter</span> 
     </span>
     <span class='ocr_line' id='line_1_86' title="bbox 1574 3399 2526 3484; baseline 0 -18"><span class='ocrx_word' id='word_1_679' title='bbox 1574 3401 1837 3480; x_wconf 82' lang='lat' dir='ltr'>excaecationem,</span> <span class='ocrx_word' id='word_1_680' title='bbox 1862 3401 1910 3468; x_wconf 85' lang='lat' dir='ltr'>vel</span> <span class='ocrx_word' id='word_1_681' title='bbox 1934 3401 2093 3484; x_wconf 90' lang='lat' dir='ltr'>quianon</span> <span class='ocrx_word' id='word_1_682' title='bbox 2117 3399 2306 3466; x_wconf 87' lang='lat' dir='ltr'>iudicabitur</span> <span class='ocrx_word' id='word_1_683' title='bbox 2328 3417 2385 3484; x_wconf 88' lang='lat' dir='ltr'>per</span> <span class='ocrx_word' id='word_1_684' title='bbox 2408 3399 2526 3466; x_wconf 89' lang='lat' dir='ltr'>discus·</span> 
     </span>
     <span class='ocr_line' id='line_1_87' title="bbox 1573 3505 2139 3590; baseline -0.005 -16"><span class='ocrx_word' id='word_1_685' title='bbox 1573 3505 1708 3586; x_wconf 87' lang='lat' dir='ltr'>sionem,</span> <span class='ocrx_word' id='word_1_686' title='bbox 1733 3513 1769 3572; x_wconf 93' lang='grc' dir='ltr'>θῖ</span> <span class='ocrx_word' id='word_1_687' title='bbox 1790 3507 1864 3574; x_wconf 91' lang='lat' dir='ltr'>dicit</span> <span class='ocrx_word' id='word_1_688' title='bbox 1888 3505 2057 3590; x_wconf 83' lang='lat' dir='ltr'>Gregorius</span> <span class='ocrx_word' id='word_1_689' title='bbox 2070 3505 2104 3570; x_wconf 80' lang='lat'>1⁰.</span> <span class='ocrx_word' id='word_1_690' title='bbox 2138 3527 2139 3530; x_wconf 43' lang='lat'>¹</span> 
     </span>
    </p>

    <p class='ocr_par' dir='ltr' id='par_1_31' title="bbox 1574 3605 2548 3808">
     <span class='ocr_line' id='line_1_88' title="bbox 1661 3605 2548 3698; baseline -0.003 -18"><span class='ocrx_word' id='word_1_691' title='bbox 1661 3605 1713 3680; x_wconf 83' lang='lat'>37.</span> <span class='ocrx_word' id='word_1_692' title='bbox 1738 3615 1862 3698; x_wconf 82' lang='lat' dir='ltr'>Quaest.</span> <span class='ocrx_word' id='word_1_693' title='bbox 1887 3613 1932 3676; x_wconf 96' lang='lat' dir='ltr'>lll.</span> <span class='ocrx_word' id='word_1_694' title='bbox 1958 3613 2030 3678; x_wconf 89' lang='lat' dir='ltr'>item</span> <span class='ocrx_word' id='word_1_695' title='bbox 2055 3611 2200 3680; x_wconf 90' lang='lat' dir='ltr'>obiicitur</span> <span class='ocrx_word' id='word_1_696' title='bbox 2223 3613 2261 3680; x_wconf 92' lang='lat' dir='ltr'>de</span> <span class='ocrx_word' id='word_1_697' title='bbox 2284 3613 2342 3678; x_wconf 89' lang='lat' dir='ltr'>boc</span> <span class='ocrx_word' id='word_1_698' title='bbox 2375 3611 2458 3696; x_wconf 94' lang='lat' dir='ltr'>quod</span> <span class='ocrx_word' id='word_1_699' title='bbox 2482 3613 2548 3678; x_wconf 53' lang='lat' dir='ltr'>di»</span> 
     </span>
     <span class='ocr_line' id='line_1_89' title="bbox 1574 3717 2316 3808; baseline 0 -24"><span class='ocrx_word' id='word_1_700' title='bbox 1574 3719 1630 3786; x_wconf 90' lang='lat' dir='ltr'>cit:</span> <span class='ocrx_word' id='word_1_701' title='bbox 1657 3719 1788 3798; x_wconf 76' lang='lat' dir='ltr'>Omitte,</span> <span class='ocrx_word' id='word_1_702' title='bbox 1815 3717 1979 3808; x_wconf 77' lang='lat' dir='ltr'>quimdiu</span> <span class='ocrx_word' id='word_1_703' title='bbox 2003 3719 2086 3804; x_wconf 79' lang='lat' dir='ltr'>cpit,</span> <span class='ocrx_word' id='word_1_704' title='bbox 2112 3717 2181 3784; x_wconf 81' lang='lat' dir='ltr'>odit</span> <span class='ocrx_word' id='word_1_705' title='bbox 2203 3717 2316 3784; x_wconf 73' lang='lat' dir='ltr'>turem.</span> 
     </span>
    </p>

    <p class='ocr_par' dir='ltr' id='par_1_32' title="bbox 1572 3811 2684 4968">
     <span class='ocr_line' id='line_1_90' title="bbox 1661 3811 2528 3894; baseline 0 -2"><span class='ocrx_word' id='word_1_706' title='bbox 1661 3827 1804 3894; x_wconf 79' lang='lat' dir='ltr'>Conana:</span> <span class='ocrx_word' id='word_1_707' title='bbox 1827 3853 1842 3886; x_wconf 85' lang='lat'>«</span> <span class='ocrx_word' id='word_1_708' title='bbox 1857 3825 1971 3892; x_wconf 88' lang='lat' dir='ltr'>Omnes</span> <span class='ocrx_word' id='word_1_709' title='bbox 1988 3825 2130 3892; x_wconf 88' lang='lat' dir='ltr'>homines</span> <span class='ocrx_word' id='word_1_710' title='bbox 2150 3811 2335 3892; x_wconf 88' lang='lat' dir='ltr'>naturaliter</span> <span class='ocrx_word' id='word_1_711' title='bbox 2351 3825 2528 3892; x_wconf 91' lang='lat' dir='ltr'>desiderant</span> 
     </span>
     <span class='ocr_line' id='line_1_91' title="bbox 1572 3931 2527 4016; baseline 0 -18"><span class='ocrx_word' id='word_1_712' title='bbox 1572 3933 1656 4000; x_wconf 83' lang='lat' dir='ltr'>seire</span> <span class='ocrx_word' id='word_1_713' title='bbox 1670 3937 1739 4012; x_wconf 85' lang='lat'>11»,</span> <span class='ocrx_word' id='word_1_714' title='bbox 1764 3931 1844 4000; x_wconf 88' lang='lat' dir='ltr'>sicut</span> <span class='ocrx_word' id='word_1_715' title='bbox 1868 3936 1898 3998; x_wconf 90' lang='lat' dir='ltr'>et</span> <span class='ocrx_word' id='word_1_716' title='bbox 1922 3931 2008 3998; x_wconf 87' lang='lat' dir='ltr'>beuti</span> <span class='ocrx_word' id='word_1_717' title='bbox 2028 3949 2115 4008; x_wconf 67' lang='lat' dir='ltr'>essa·</span> <span class='ocrx_word' id='word_1_718' title='bbox 2131 3931 2185 3998; x_wconf 89' lang='lat' dir='ltr'>sed</span> <span class='ocrx_word' id='word_1_719' title='bbox 2199 3931 2316 3996; x_wconf 86' lang='lat' dir='ltr'>malitia</span> <span class='ocrx_word' id='word_1_720' title='bbox 2338 3931 2442 4016; x_wconf 89' lang='lat' dir='ltr'>operis</span> <span class='ocrx_word' id='word_1_721' title='bbox 2465 3949 2527 3998; x_wconf 92' lang='lat' dir='ltr'>non</span> 
     </span>
     <span class='ocr_line' id='line_1_92' title="bbox 1572 4037 2348 4124; baseline -0.005 -18"><span class='ocrx_word' id='word_1_722' title='bbox 1572 4039 1692 4106; x_wconf 90' lang='lat' dir='ltr'>inducit</span> <span class='ocrx_word' id='word_1_723' title='bbox 1714 4039 1822 4104; x_wconf 91' lang='lat' dir='ltr'>odium</span> <span class='ocrx_word' id='word_1_724' title='bbox 1843 4037 2058 4106; x_wconf 88' lang='lat' dir='ltr'>beatitudinis:</span> <span class='ocrx_word' id='word_1_725' title='bbox 2081 4055 2156 4124; x_wconf 80' lang='lat' dir='ltr'>ergo</span> <span class='ocrx_word' id='word_1_726' title='bbox 2180 4055 2237 4102; x_wconf 93' lang='lat' dir='ltr'>nec</span> <span class='ocrx_word' id='word_1_727' title='bbox 2260 4037 2348 4104; x_wconf 92' lang='lat' dir='ltr'>lucis.</span> 
     </span>
     <span class='ocr_line' id='line_1_93' title="bbox 1661 4141 2675 4230; baseline 0.006 -20"><span class='ocrx_word' id='word_1_728' title='bbox 1661 4147 1860 4210; x_wconf 83' lang='lat' dir='ltr'>Reseounno:</span> <span class='ocrx_word' id='word_1_729' title='bbox 1876 4141 2055 4222; x_wconf 90' lang='lat' dir='ltr'>dicendum,</span> <span class='ocrx_word' id='word_1_730' title='bbox 2072 4141 2154 4228; x_wconf 89' lang='lat' dir='ltr'>quod</span> <span class='ocrx_word' id='word_1_731' title='bbox 2172 4145 2230 4210; x_wconf 85' lang='lat' dir='ltr'>lux</span> <span class='ocrx_word' id='word_1_732' title='bbox 2246 4143 2411 4230; x_wconf 85' lang='lat' dir='ltr'>dupliciter</span> <span class='ocrx_word' id='word_1_733' title='bbox 2426 4147 2528 4228; x_wconf 89' lang='lat' dir='ltr'>polest</span> <span class='ocrx_word' id='word_1_734' title='bbox 2547 4159 2613 4222; x_wconf 64' lang='lat' dir='ltr'>near·</span> <span class='ocrx_word' id='word_1_735' title='bbox 2627 4171 2675 4222; x_wconf 69' lang='lat' dir='ltr'>rum</span> 
     </span>
     <span class='ocr_line' id='line_1_94' title="bbox 1573 4213 2684 4334; baseline -0.004 -18"><span class='ocrx_word' id='word_1_736' title='bbox 1573 4249 1776 4316; x_wconf 87' lang='lat' dir='ltr'>considerari:</span> <span class='ocrx_word' id='word_1_737' title='bbox 1789 4257 1843 4316; x_wconf 90' lang='lat' dir='ltr'>aut</span> <span class='ocrx_word' id='word_1_738' title='bbox 1856 4249 1975 4314; x_wconf 90' lang='lat' dir='ltr'>ratione</span> <span class='ocrx_word' id='word_1_739' title='bbox 1988 4249 2117 4314; x_wconf 87' lang='lat' dir='ltr'>allectus</span> <span class='ocrx_word' id='word_1_740' title='bbox 2125 4249 2245 4334; x_wconf 82' lang='lat' dir='ltr'>prinei,</span> <span class='ocrx_word' id='word_1_741' title='bbox 2258 4249 2430 4314; x_wconf 89' lang='lat' dir='ltr'>secundum</span> <span class='ocrx_word' id='word_1_742' title='bbox 2444 4245 2529 4332; x_wconf 94' lang='lat' dir='ltr'>qnod</span> <span class='ocrx_word' id='word_1_743' title='bbox 2540 4213 2684 4258; x_wconf 52' lang='lat' dir='ltr'>d¹⁵t¹¹¹⁰¹¹⁰¹¹³&#39;</span> 
     </span>
     <span class='ocr_line' id='line_1_95' title="bbox 1573 4353 2528 4438; baseline -0.001 -18"><span class='ocrx_word' id='word_1_744' title='bbox 1573 4361 1620 4420; x_wconf 91' lang='lat' dir='ltr'>est</span> <span class='ocrx_word' id='word_1_745' title='bbox 1635 4357 1822 4438; x_wconf 91' lang='lat' dir='ltr'>principium</span> <span class='ocrx_word' id='word_1_746' title='bbox 1847 4355 2049 4438; x_wconf 62' lang='lat' dir='ltr'>cognitionis</span> <span class='ocrx_word' id='word_1_747' title='bbox 2073 4361 2103 4420; x_wconf 93' lang='grc' dir='ltr'>θῖ</span> <span class='ocrx_word' id='word_1_748' title='bbox 2120 4355 2163 4422; x_wconf 90' lang='lat' dir='ltr'>sic</span> <span class='ocrx_word' id='word_1_749' title='bbox 2187 4355 2307 4420; x_wconf 91' lang='lat' dir='ltr'>anullo</span> <span class='ocrx_word' id='word_1_750' title='bbox 2329 4353 2451 4434; x_wconf 92' lang='lat' dir='ltr'>oditur;</span> <span class='ocrx_word' id='word_1_751' title='bbox 2473 4358 2528 4420; x_wconf 89' lang='lat' dir='ltr'>aut</span> 
     </span>
     <span class='ocr_line' id='line_1_96' title="bbox 1573 4459 2529 4546; baseline 0 -22"><span class='ocrx_word' id='word_1_752' title='bbox 1573 4459 1693 4526; x_wconf 92' lang='lat' dir='ltr'>ratione</span> <span class='ocrx_word' id='word_1_753' title='bbox 1715 4461 1845 4526; x_wconf 83' lang='lat' dir='ltr'>eftectus</span> <span class='ocrx_word' id='word_1_754' title='bbox 1868 4459 2017 4538; x_wconf 82' lang='lat' dir='ltr'>recaredi,</span> <span class='ocrx_word' id='word_1_755' title='bbox 2044 4459 2165 4546; x_wconf 82' lang='lat' dir='ltr'>quiesi</span> <span class='ocrx_word' id='word_1_756' title='bbox 2188 4459 2414 4546; x_wconf 91' lang='lat' dir='ltr'>turpitudinem</span> <span class='ocrx_word' id='word_1_757' title='bbox 2431 4459 2529 4526; x_wconf 92' lang='lat' dir='ltr'>mani-</span> 
     </span>
     <span class='ocr_line' id='line_1_97' title="bbox 1572 4563 2529 4650; baseline 0.001 -21"><span class='ocrx_word' id='word_1_758' title='bbox 1572 4563 1701 4644; x_wconf 89' lang='lat' dir='ltr'>festare,</span> <span class='ocrx_word' id='word_1_759' title='bbox 1725 4567 1810 4650; x_wconf 92' lang='lat' dir='ltr'>quod</span> <span class='ocrx_word' id='word_1_760' title='bbox 1825 4567 1899 4650; x_wconf 92' lang='lat' dir='ltr'>quia</span> <span class='ocrx_word' id='word_1_761' title='bbox 1923 4583 2029 4630; x_wconf 91' lang='lat' dir='ltr'>omnes</span> <span class='ocrx_word' id='word_1_762' title='bbox 2045 4565 2117 4630; x_wconf 88' lang='lat' dir='ltr'>mali</span> <span class='ocrx_word' id='word_1_763' title='bbox 2140 4565 2325 4646; x_wconf 87' lang='lat' dir='ltr'>abhorrent,</span> <span class='ocrx_word' id='word_1_764' title='bbox 2343 4567 2412 4632; x_wconf 92' lang='lat' dir='ltr'>ideo</span> <span class='ocrx_word' id='word_1_765' title='bbox 2435 4571 2466 4632; x_wconf 91' lang='lat' dir='ltr'>et</span> <span class='ocrx_word' id='word_1_766' title='bbox 2482 4567 2529 4630; x_wconf 96' lang='lat' dir='ltr'>lu-</span> 
     </span>
     <span class='ocr_line' id='line_1_98' title="bbox 1573 4671 2529 4756; baseline 0.002 -20"><span class='ocrx_word' id='word_1_767' title='bbox 1573 4687 1638 4736; x_wconf 88' lang='lat' dir='ltr'>cem</span> <span class='ocrx_word' id='word_1_768' title='bbox 1664 4679 1817 4756; x_wconf 90' lang='lat' dir='ltr'>qnantum</span> <span class='ocrx_word' id='word_1_769' title='bbox 1840 4671 1879 4738; x_wconf 90' lang='lat' dir='ltr'>ad</span> <span class='ocrx_word' id='word_1_770' title='bbox 1901 4671 1988 4738; x_wconf 83' lang='lat' dir='ltr'>ltunc</span> <span class='ocrx_word' id='word_1_771' title='bbox 2010 4671 2166 4738; x_wconf 86' lang='lat' dir='ltr'>effectum.</span> <span class='ocrx_word' id='word_1_772' title='bbox 2195 4671 2252 4738; x_wconf 89' lang='lat' dir='ltr'>Sed</span> <span class='ocrx_word' id='word_1_773' title='bbox 2277 4671 2440 4738; x_wconf 83' lang='lat' dir='ltr'>beatitudo</span> <span class='ocrx_word' id='word_1_774' title='bbox 2466 4689 2529 4738; x_wconf 93' lang='lat' dir='ltr'>non</span> 
     </span>
     <span class='ocr_line' id='line_1_99' title="bbox 1573 4775 2528 4866; baseline 0 -26"><span class='ocrx_word' id='word_1_775' title='bbox 1573 4777 1668 4842; x_wconf 88' lang='lat' dir='ltr'>babet</span> <span class='ocrx_word' id='word_1_776' title='bbox 1691 4775 1839 4844; x_wconf 87' lang='lat' dir='ltr'>ellectum</span> <span class='ocrx_word' id='word_1_777' title='bbox 1859 4777 1890 4844; x_wconf 91' lang='lat' dir='ltr'>in</span> <span class='ocrx_word' id='word_1_778' title='bbox 1913 4777 2017 4842; x_wconf 91' lang='lat' dir='ltr'>anima</span> <span class='ocrx_word' id='word_1_779' title='bbox 2049 4777 2241 4866; x_wconf 88' lang='lat' dir='ltr'>contrarium</span> <span class='ocrx_word' id='word_1_780' title='bbox 2273 4777 2366 4844; x_wconf 92' lang='lat' dir='ltr'>alicui</span> <span class='ocrx_word' id='word_1_781' title='bbox 2393 4777 2528 4844; x_wconf 90' lang='lat' dir='ltr'>naturali</span> 
     </span>
     <span class='ocr_line' id='line_1_100' title="bbox 1572 4881 2223 4968; baseline 0 -20"><span class='ocrx_word' id='word_1_782' title='bbox 1572 4881 1741 4962; x_wconf 91' lang='lat' dir='ltr'>desiderio,</span> <span class='ocrx_word' id='word_1_783' title='bbox 1764 4889 1801 4950; x_wconf 93' lang='lat' dir='ltr'>ut</span> <span class='ocrx_word' id='word_1_784' title='bbox 1823 4883 1956 4950; x_wconf 89' lang='lat' dir='ltr'>ostendit</span> <span class='ocrx_word' id='word_1_785' title='bbox 1980 4885 2172 4968; x_wconf 78' lang='lat' dir='ltr'>Augustinus</span> <span class='ocrx_word' id='word_1_786' title='bbox 2188 4885 2223 4948; x_wconf 71' lang='lat'>12.</span> 
     </span>
    </p>
   </div>
   <div class='ocr_carea' id='block_1_19' title="bbox 1662 4987 2529 5078">
    <p class='ocr_par' dir='ltr' id='par_1_33' title="bbox 1662 4987 2529 5078">
     <span class='ocr_line' id='line_1_101' title="bbox 1662 4987 2529 5078; baseline -0.002 -21"><span class='ocrx_word' id='word_1_787' title='bbox 1662 4991 1713 5058; x_wconf 87' lang='lat'>38.</span> <span class='ocrx_word' id='word_1_788' title='bbox 1739 4993 1863 5074; x_wconf 83' lang='lat' dir='ltr'>Quaest.</span> <span class='ocrx_word' id='word_1_789' title='bbox 1887 4989 1935 5056; x_wconf 96' lang='lat' dir='ltr'>lV.</span> <span class='ocrx_word' id='word_1_790' title='bbox 1960 4987 2039 5056; x_wconf 62' lang='lat' dir='ltr'>ltem&#39;</span> <span class='ocrx_word' id='word_1_791' title='bbox 2050 4989 2085 5070; x_wconf 80' lang='lat'>1³,</span> <span class='ocrx_word' id='word_1_792' title='bbox 2111 4989 2135 5056; x_wconf 93' lang='lat' dir='ltr'>si</span> <span class='ocrx_word' id='word_1_793' title='bbox 2159 4989 2217 5078; x_wconf 86' lang='lat' dir='ltr'>qui</span> <span class='ocrx_word' id='word_1_794' title='bbox 2246 4989 2330 5056; x_wconf 84' lang='lat' dir='ltr'>mule</span> <span class='ocrx_word' id='word_1_795' title='bbox 2362 4991 2529 5078; x_wconf 76' lang='lat' dir='ltr'>epitoma</span> 
     </span>
    </p>
   </div>
   <div class='ocr_carea' id='block_1_20' title="bbox 1568 5451 2529 6940">
    <p class='ocr_par' dir='ltr' id='par_1_34' title="bbox 1572 5451 2527 5612">
     <span class='ocr_line' id='line_1_102' title="bbox 1643 5451 2527 5522; baseline -0.008 -9"><span class='ocrx_word' id='word_1_796' title='bbox 1643 5455 1666 5488; x_wconf 87' lang='lat'>¹⁰</span> <span class='ocrx_word' id='word_1_797' title='bbox 1685 5459 1755 5512; x_wconf 87' lang='lat' dir='ltr'>Libr.</span> <span class='ocrx_word' id='word_1_798' title='bbox 1774 5459 1870 5512; x_wconf 87' lang='lat' dir='ltr'>XXVl.</span> <span class='ocrx_word' id='word_1_799' title='bbox 1886 5459 1974 5510; x_wconf 89' lang='lat' dir='ltr'>lloral.</span> <span class='ocrx_word' id='word_1_800' title='bbox 1994 5473 2014 5510; x_wconf 91' lang='grc' dir='ltr'>ο.</span> <span class='ocrx_word' id='word_1_801' title='bbox 2036 5451 2077 5510; x_wconf 79' lang='lat' dir='ltr'>nt.</span> <span class='ocrx_word' id='word_1_802' title='bbox 2096 5471 2122 5510; x_wconf 97' lang='lat' dir='ltr'>n.</span> <span class='ocrx_word' id='word_1_803' title='bbox 2141 5457 2184 5508; x_wconf 79' lang='lat'>50.</span> <span class='ocrx_word' id='word_1_804' title='bbox 2202 5455 2254 5508; x_wconf 87' lang='lat' dir='ltr'>Cir.</span> <span class='ocrx_word' id='word_1_805' title='bbox 2274 5471 2354 5522; x_wconf 89' lang='lat' dir='ltr'>supra</span> <span class='ocrx_word' id='word_1_806' title='bbox 2379 5471 2441 5520; x_wconf 80' lang='lat' dir='ltr'>pag.</span> <span class='ocrx_word' id='word_1_807' title='bbox 2462 5457 2527 5522; x_wconf 87' lang='grc' dir='ltr'>ῖ28,</span> 
     </span>
     <span class='ocr_line' id='line_1_103' title="bbox 1572 5533 2294 5612; baseline -0.003 -14"><span class='ocrx_word' id='word_1_808' title='bbox 1572 5533 1632 5600; x_wconf 88' lang='lat' dir='ltr'>nota</span> <span class='ocrx_word' id='word_1_809' title='bbox 1651 5551 1676 5600; x_wconf 87' lang='grc'><strong>2.</strong></span> <span class='ocrx_word' id='word_1_810' title='bbox 1695 5555 1720 5598; x_wconf 89' lang='lat' dir='ltr'>et</span> <span class='ocrx_word' id='word_1_811' title='bbox 1740 5549 1782 5600; x_wconf 92' lang='lat' dir='ltr'>lV.</span> <span class='ocrx_word' id='word_1_812' title='bbox 1802 5551 1871 5600; x_wconf 84' lang='lat' dir='ltr'>Sunt.</span> <span class='ocrx_word' id='word_1_813' title='bbox 1889 5547 1915 5596; x_wconf 86' lang='lat' dir='ltr'>d.</span> <span class='ocrx_word' id='word_1_814' title='bbox 1937 5545 1980 5596; x_wconf 80' lang='lat' dir='ltr'>tt.</span> <span class='ocrx_word' id='word_1_815' title='bbox 1997 5561 2021 5596; x_wconf 90' lang='lat' dir='ltr'>u.</span> <span class='ocrx_word' id='word_1_816' title='bbox 2043 5547 2065 5596; x_wconf 90' lang='lat' dir='ltr'>l.</span> <span class='ocrx_word' id='word_1_817' title='bbox 2084 5561 2112 5612; x_wconf 91' lang='lat' dir='ltr'>q.</span> <span class='ocrx_word' id='word_1_818' title='bbox 2130 5545 2156 5596; x_wconf 88' lang='lat'>3.</span> <span class='ocrx_word' id='word_1_819' title='bbox 2177 5545 2202 5596; x_wconf 88' lang='lat' dir='ltr'>in</span> <span class='ocrx_word' id='word_1_820' title='bbox 2221 5557 2294 5608; x_wconf 84' lang='lat' dir='ltr'>corp.</span> 
     </span>
    </p>

    <p class='ocr_par' dir='ltr' id='par_1_35' title="bbox 1571 5629 2528 5878">
     <span class='ocr_line' id='line_1_104' title="bbox 1644 5629 2528 5700; baseline 0 -14"><span class='ocrx_word' id='word_1_821' title='bbox 1644 5631 1666 5662; x_wconf 82' lang='lat'>²¹</span> <span class='ocrx_word' id='word_1_822' title='bbox 1685 5635 1798 5698; x_wconf 83' lang='lat' dir='ltr'>Aristot,</span> <span class='ocrx_word' id='word_1_823' title='bbox 1817 5637 1834 5686; x_wconf 92' lang='lat' dir='ltr'>l.</span> <span class='ocrx_word' id='word_1_824' title='bbox 1854 5635 1965 5700; x_wconf 83' lang='lat' dir='ltr'>llatapb.</span> <span class='ocrx_word' id='word_1_825' title='bbox 1991 5647 2012 5686; x_wconf 91' lang='lat' dir='ltr'>c.</span> <span class='ocrx_word' id='word_1_826' title='bbox 2040 5635 2064 5684; x_wconf 92' lang='lat' dir='ltr'>l.</span> <span class='ocrx_word' id='word_1_827' title='bbox 2081 5659 2117 5670; x_wconf 96' lang='lat'>—</span> <span class='ocrx_word' id='word_1_828' title='bbox 2134 5633 2172 5684; x_wconf 87' lang='lat' dir='ltr'>De</span> <span class='ocrx_word' id='word_1_829' title='bbox 2198 5631 2329 5684; x_wconf 87' lang='lat' dir='ltr'>desiderio</span> <span class='ocrx_word' id='word_1_830' title='bbox 2360 5629 2528 5686; x_wconf 77' lang='lat' dir='ltr'>beatitudiuis</span> 
     </span>
     <span class='ocr_line' id='line_1_105' title="bbox 1572 5705 2526 5788; baseline 0 -14"><span class='ocrx_word' id='word_1_831' title='bbox 1572 5725 1617 5774; x_wconf 87' lang='lat' dir='ltr'>clr.</span> <span class='ocrx_word' id='word_1_832' title='bbox 1637 5737 1716 5788; x_wconf 88' lang='lat' dir='ltr'>supra</span> <span class='ocrx_word' id='word_1_833' title='bbox 1736 5737 1798 5788; x_wconf 77' lang='lat' dir='ltr'>pag.</span> <span class='ocrx_word' id='word_1_834' title='bbox 1817 5725 1847 5786; x_wconf 85' lang='lat' dir='ltr'>li,</span> <span class='ocrx_word' id='word_1_835' title='bbox 1867 5725 1927 5774; x_wconf 89' lang='lat' dir='ltr'>note</span> <span class='ocrx_word' id='word_1_836' title='bbox 1947 5721 1989 5772; x_wconf 85' lang='grc' dir='ltr'>ῖ2.</span> <span class='ocrx_word' id='word_1_837' title='bbox 2007 5725 2033 5772; x_wconf 91' lang='grc' dir='ltr'>θῖ</span> <span class='ocrx_word' id='word_1_838' title='bbox 2051 5733 2114 5784; x_wconf 74' lang='lat' dir='ltr'>pag.</span> <span class='ocrx_word' id='word_1_839' title='bbox 2132 5705 2196 5786; x_wconf 69' lang='lat' dir='ltr'>tt&#39;tt,</span> <span class='ocrx_word' id='word_1_840' title='bbox 2216 5725 2277 5772; x_wconf 87' lang='lat' dir='ltr'>nola</span> <span class='ocrx_word' id='word_1_841' title='bbox 2297 5723 2321 5772; x_wconf 83' lang='lat'>8.</span> <span class='ocrx_word' id='word_1_842' title='bbox 2341 5735 2370 5774; x_wconf 87' lang='lat' dir='ltr'>ae</span> <span class='ocrx_word' id='word_1_843' title='bbox 2395 5721 2436 5776; x_wconf 91' lang='lat' dir='ltr'>lV.</span> <span class='ocrx_word' id='word_1_844' title='bbox 2458 5721 2526 5774; x_wconf 87' lang='lat' dir='ltr'>Seni.</span> 
     </span>
     <span class='ocr_line' id='line_1_106' title="bbox 1571 5809 2450 5878; baseline 0.007 -16"><span class='ocrx_word' id='word_1_845' title='bbox 1571 5811 1597 5862; x_wconf 93' lang='lat' dir='ltr'>d.</span> <span class='ocrx_word' id='word_1_846' title='bbox 1619 5809 1660 5862; x_wconf 79' lang='lat' dir='ltr'>lb.</span> <span class='ocrx_word' id='word_1_847' title='bbox 1680 5825 1707 5876; x_wconf 91' lang='lat' dir='ltr'>p.</span> <span class='ocrx_word' id='word_1_848' title='bbox 1726 5813 1743 5862; x_wconf 95' lang='lat' dir='ltr'>l.</span> <span class='ocrx_word' id='word_1_849' title='bbox 1763 5827 1791 5878; x_wconf 90' lang='lat' dir='ltr'>q.</span> <span class='ocrx_word' id='word_1_850' title='bbox 1809 5813 1833 5862; x_wconf 94' lang='grc'><strong>2.</strong></span> <span class='ocrx_word' id='word_1_851' title='bbox 2231 5865 2233 5868; x_wconf 86' lang='grc'><strong>,</strong></span> <span class='ocrx_word' id='word_1_852' title='bbox 2447 5835 2450 5842; x_wconf 88' lang='lat'><strong>·</strong></span> 
     </span>
    </p>

    <p class='ocr_par' dir='ltr' id='par_1_36' title="bbox 1568 5893 2529 6762">
     <span class='ocr_line' id='line_1_107' title="bbox 1643 5893 2529 5962; baseline 0 -14"><span class='ocrx_word' id='word_1_853' title='bbox 1643 5893 1665 5926; x_wconf 75' lang='lat'>¹²</span> <span class='ocrx_word' id='word_1_854' title='bbox 1684 5899 1788 5950; x_wconf 87' lang='lat' dir='ltr'>Praeter</span> <span class='ocrx_word' id='word_1_855' title='bbox 1807 5901 1876 5950; x_wconf 87' lang='lat' dir='ltr'>locos</span> <span class='ocrx_word' id='word_1_856' title='bbox 1889 5911 1969 5962; x_wconf 88' lang='lat' dir='ltr'>supra</span> <span class='ocrx_word' id='word_1_857' title='bbox 1982 5911 2043 5962; x_wconf 77' lang='lat' dir='ltr'>pag.</span> <span class='ocrx_word' id='word_1_858' title='bbox 2058 5897 2117 5962; x_wconf 85' lang='lat' dir='ltr'>illi,</span> <span class='ocrx_word' id='word_1_859' title='bbox 2129 5903 2189 5950; x_wconf 90' lang='lat' dir='ltr'>nota</span> <span class='ocrx_word' id='word_1_860' title='bbox 2203 5899 2227 5950; x_wconf 90' lang='grc'><strong>8.</strong></span> <span class='ocrx_word' id='word_1_861' title='bbox 2241 5897 2295 5950; x_wconf 89' lang='lat' dir='ltr'>citt.</span> <span class='ocrx_word' id='word_1_862' title='bbox 2306 5899 2353 5950; x_wconf 91' lang='lat' dir='ltr'>elr.</span> <span class='ocrx_word' id='word_1_863' title='bbox 2366 5899 2400 5950; x_wconf 86' lang='lat' dir='ltr'>X.</span> <span class='ocrx_word' id='word_1_864' title='bbox 2413 5897 2529 5950; x_wconf 86' lang='lat' dir='ltr'>Conless.</span> 
     </span>
     <span class='ocr_line' id='line_1_108' title="bbox 1571 5985 2529 6052; baseline 0 -16"><span class='ocrx_word' id='word_1_865' title='bbox 1571 5999 1594 6036; x_wconf 88' lang='lat' dir='ltr'>e.</span> <span class='ocrx_word' id='word_1_866' title='bbox 1614 5987 1656 6038; x_wconf 85' lang='grc'><strong>20.</strong></span> <span class='ocrx_word' id='word_1_867' title='bbox 1675 6001 1700 6038; x_wconf 93' lang='lat' dir='ltr'>n.</span> <span class='ocrx_word' id='word_1_868' title='bbox 1721 5989 1763 6040; x_wconf 86' lang='grc'><strong>29.</strong></span> <span class='ocrx_word' id='word_1_869' title='bbox 1790 6001 1872 6052; x_wconf 88' lang='lat' dir='ltr'>seqq,</span> <span class='ocrx_word' id='word_1_870' title='bbox 1898 5985 1942 6038; x_wconf 93' lang='lat' dir='ltr'>ubi</span> <span class='ocrx_word' id='word_1_871' title='bbox 1968 5985 2046 6038; x_wconf 91' lang='lat' dir='ltr'>etiam</span> <span class='ocrx_word' id='word_1_872' title='bbox 2071 6001 2095 6040; x_wconf 92' lang='lat' dir='ltr'>c.</span> <span class='ocrx_word' id='word_1_873' title='bbox 2114 5989 2157 6040; x_wconf 87' lang='grc'><strong>23.</strong></span> <span class='ocrx_word' id='word_1_874' title='bbox 2175 6001 2200 6040; x_wconf 72' lang='grc' dir='ltr'>θ.</span> <span class='ocrx_word' id='word_1_875' title='bbox 2220 5987 2262 6040; x_wconf 77' lang='lat' dir='ltr'>al.</span> <span class='ocrx_word' id='word_1_876' title='bbox 2288 5991 2466 6052; x_wconf 88' lang='lat' dir='ltr'>praenotatam</span> <span class='ocrx_word' id='word_1_877' title='bbox 2492 5985 2529 6036; x_wconf 90' lang='lat' dir='ltr'>di·</span> 
     </span>
     <span class='ocr_line' id='line_1_109' title="bbox 1571 6073 2529 6140; baseline 0.001 -16"><span class='ocrx_word' id='word_1_878' title='bbox 1571 6073 1734 6128; x_wconf 86' lang='lat' dir='ltr'>stinctiouem</span> <span class='ocrx_word' id='word_1_879' title='bbox 1756 6073 1823 6130; x_wconf 78' lang='lat' dir='ltr'>lucis</span> <span class='ocrx_word' id='word_1_880' title='bbox 1850 6073 1978 6128; x_wconf 84' lang='lat' dir='ltr'>insinuat:</span> <span class='ocrx_word' id='word_1_881' title='bbox 1997 6073 2049 6128; x_wconf 87' lang='lat' dir='ltr'>Cur</span> <span class='ocrx_word' id='word_1_882' title='bbox 2072 6081 2161 6128; x_wconf 83' lang='grc' dir='ltr'>θθῖθθθ</span> <span class='ocrx_word' id='word_1_883' title='bbox 2187 6075 2286 6130; x_wconf 78' lang='lat' dir='ltr'>ueritus</span> <span class='ocrx_word' id='word_1_884' title='bbox 2313 6075 2381 6140; x_wconf 90' lang='lat' dir='ltr'>parit</span> <span class='ocrx_word' id='word_1_885' title='bbox 2409 6073 2529 6126; x_wconf 90' lang='lat' dir='ltr'>odium...</span> 
     </span>
     <span class='ocr_line' id='line_1_110' title="bbox 1570 6161 2529 6230; baseline -0.002 -16"><span class='ocrx_word' id='word_1_886' title='bbox 1570 6175 1632 6214; x_wconf 91' lang='lat' dir='ltr'>cum</span> <span class='ocrx_word' id='word_1_887' title='bbox 1656 6169 1758 6216; x_wconf 87' lang='lat' dir='ltr'>ametur</span> <span class='ocrx_word' id='word_1_888' title='bbox 1783 6163 1858 6216; x_wconf 90' lang='lat' dir='ltr'>beata</span> <span class='ocrx_word' id='word_1_889' title='bbox 1883 6163 1950 6226; x_wconf 87' lang='lat' dir='ltr'>vita,</span> <span class='ocrx_word' id='word_1_890' title='bbox 1970 6177 2039 6230; x_wconf 89' lang='lat' dir='ltr'>quae</span> <span class='ocrx_word' id='word_1_891' title='bbox 2057 6177 2110 6216; x_wconf 92' lang='lat' dir='ltr'>non</span> <span class='ocrx_word' id='word_1_892' title='bbox 2128 6169 2168 6216; x_wconf 88' lang='grc' dir='ltr'>θεῖ</span> <span class='ocrx_word' id='word_1_893' title='bbox 2183 6163 2235 6216; x_wconf 86' lang='lat' dir='ltr'>nisi</span> <span class='ocrx_word' id='word_1_894' title='bbox 2259 6163 2386 6228; x_wconf 79' lang='lat' dir='ltr'>gaudium</span> <span class='ocrx_word' id='word_1_895' title='bbox 2408 6163 2439 6214; x_wconf 90' lang='lat' dir='ltr'>de</span> <span class='ocrx_word' id='word_1_896' title='bbox 2458 6161 2529 6214; x_wconf 86' lang='lat' dir='ltr'>veri-</span> 
     </span>
     <span class='ocr_line' id='line_1_111' title="bbox 1571 6251 2527 6320; baseline 0.002 -20"><span class='ocrx_word' id='word_1_897' title='bbox 1571 6253 1636 6314; x_wconf 87' lang='lat' dir='ltr'>tate,</span> <span class='ocrx_word' id='word_1_898' title='bbox 1656 6253 1703 6304; x_wconf 90' lang='lat' dir='ltr'>nisi</span> <span class='ocrx_word' id='word_1_899' title='bbox 1724 6253 1785 6320; x_wconf 89' lang='lat' dir='ltr'>quie</span> <span class='ocrx_word' id='word_1_900' title='bbox 1804 6253 1841 6304; x_wconf 87' lang='lat' dir='ltr'>sic</span> <span class='ocrx_word' id='word_1_901' title='bbox 1855 6257 1955 6304; x_wconf 87' lang='lat' dir='ltr'>ematur</span> <span class='ocrx_word' id='word_1_902' title='bbox 1975 6253 2086 6316; x_wconf 85' lang='lat' dir='ltr'>veritae,</span> <span class='ocrx_word' id='word_1_903' title='bbox 2100 6259 2141 6316; x_wconf 90' lang='lat' dir='ltr'>ut,</span> <span class='ocrx_word' id='word_1_904' title='bbox 2156 6253 2316 6320; x_wconf 87' lang='lat' dir='ltr'>quicumque</span> <span class='ocrx_word' id='word_1_905' title='bbox 2336 6251 2405 6304; x_wconf 91' lang='lat' dir='ltr'>aliud</span> <span class='ocrx_word' id='word_1_906' title='bbox 2424 6255 2527 6318; x_wconf 87' lang='lat' dir='ltr'>emant,</span> 
     </span>
     <span class='ocr_line' id='line_1_112' title="bbox 1569 6341 2527 6410; baseline 0 -20"><span class='ocrx_word' id='word_1_907' title='bbox 1569 6341 1621 6392; x_wconf 91' lang='lat' dir='ltr'>boe</span> <span class='ocrx_word' id='word_1_908' title='bbox 1643 6343 1716 6408; x_wconf 92' lang='lat' dir='ltr'>quod</span> <span class='ocrx_word' id='word_1_909' title='bbox 1738 6347 1833 6410; x_wconf 87' lang='lat' dir='ltr'>ament,</span> <span class='ocrx_word' id='word_1_910' title='bbox 1859 6342 1940 6394; x_wconf 83' lang='lat' dir='ltr'>velint</span> <span class='ocrx_word' id='word_1_911' title='bbox 1964 6355 2021 6394; x_wconf 86' lang='lat' dir='ltr'>esse</span> <span class='ocrx_word' id='word_1_912' title='bbox 2045 6343 2196 6406; x_wconf 88' lang='lat' dir='ltr'>veritatem,</span> <span class='ocrx_word' id='word_1_913' title='bbox 2216 6347 2240 6394; x_wconf 88' lang='lat' dir='ltr'>et</span> <span class='ocrx_word' id='word_1_914' title='bbox 2261 6343 2324 6408; x_wconf 88' lang='lat' dir='ltr'>qula</span> <span class='ocrx_word' id='word_1_915' title='bbox 2353 6341 2527 6406; x_wconf 78' lang='lat' dir='ltr'>scillacium,</span> 
     </span>
     <span class='ocr_line' id='line_1_113' title="bbox 1568 6427 2528 6500; baseline 0 -20"><span class='ocrx_word' id='word_1_916' title='bbox 1568 6431 1661 6484; x_wconf 91' lang='lat' dir='ltr'>nolunt</span> <span class='ocrx_word' id='word_1_917' title='bbox 1679 6433 1810 6496; x_wconf 84' lang='lat' dir='ltr'>convinci,</span> <span class='ocrx_word' id='word_1_918' title='bbox 1829 6431 1902 6500; x_wconf 91' lang='lat' dir='ltr'>quod</span> <span class='ocrx_word' id='word_1_919' title='bbox 1922 6431 1976 6484; x_wconf 89' lang='lat' dir='ltr'>lalsi</span> <span class='ocrx_word' id='word_1_920' title='bbox 1995 6431 2066 6484; x_wconf 79' lang='lat' dir='ltr'>sinti</span> <span class='ocrx_word' id='word_1_921' title='bbox 2085 6433 2174 6498; x_wconf 87' lang='lat' dir='ltr'>ltaque</span> <span class='ocrx_word' id='word_1_922' title='bbox 2190 6443 2298 6496; x_wconf 84' lang='lat' dir='ltr'>propter</span> <span class='ocrx_word' id='word_1_923' title='bbox 2316 6443 2374 6484; x_wconf 90' lang='lat' dir='ltr'>eam</span> <span class='ocrx_word' id='word_1_924' title='bbox 2388 6445 2443 6482; x_wconf 90' lang='lat' dir='ltr'>rem</span> <span class='ocrx_word' id='word_1_925' title='bbox 2465 6427 2528 6482; x_wconf 91' lang='lat' dir='ltr'>ode-</span> 
     </span>
     <span class='ocr_line' id='line_1_114' title="bbox 1569 6517 2526 6588; baseline 0 -21"><span class='ocrx_word' id='word_1_926' title='bbox 1569 6517 1629 6570; x_wconf 80' lang='lat' dir='ltr'>&#39;runt</span> <span class='ocrx_word' id='word_1_927' title='bbox 1641 6519 1792 6588; x_wconf 82' lang='lat' dir='ltr'>veritatem,</span> <span class='ocrx_word' id='word_1_928' title='bbox 1805 6533 1885 6586; x_wconf 88' lang='lat' dir='ltr'>quem</span> <span class='ocrx_word' id='word_1_929' title='bbox 1899 6533 1947 6584; x_wconf 91' lang='lat' dir='ltr'>pro</span> <span class='ocrx_word' id='word_1_930' title='bbox 1960 6519 2067 6570; x_wconf 81' lang='lat' dir='ltr'>veritate</span> <span class='ocrx_word' id='word_1_931' title='bbox 2084 6523 2179 6570; x_wconf 89' lang='lat' dir='ltr'>amant.</span> <span class='ocrx_word' id='word_1_932' title='bbox 2192 6519 2288 6570; x_wconf 77' lang='lat' dir='ltr'>Amant</span> <span class='ocrx_word' id='word_1_933' title='bbox 2304 6531 2364 6570; x_wconf 86' lang='lat' dir='ltr'>cern</span> <span class='ocrx_word' id='word_1_934' title='bbox 2381 6517 2526 6578; x_wconf 86' lang='lat' dir='ltr'>lucentem,</span> 
     </span>
     <span class='ocr_line' id='line_1_115' title="bbox 1570 6595 2527 6674; baseline -0.002 -16"><span class='ocrx_word' id='word_1_935' title='bbox 1570 6595 1683 6660; x_wconf 84' lang='lat' dir='ltr'>oderunt</span> <span class='ocrx_word' id='word_1_936' title='bbox 1708 6625 1767 6660; x_wconf 91' lang='lat' dir='ltr'>eam</span> <span class='ocrx_word' id='word_1_937' title='bbox 1791 6609 1993 6672; x_wconf 79' lang='lat' dir='ltr'>redarguentem</span> <span class='ocrx_word' id='word_1_938' title='bbox 2012 6613 2060 6660; x_wconf 89' lang='grc' dir='ltr'>θῖο.</span> <span class='ocrx_word' id='word_1_939' title='bbox 2078 6607 2128 6660; x_wconf 85' lang='lat' dir='ltr'>Cir.</span> <span class='ocrx_word' id='word_1_940' title='bbox 2148 6609 2167 6658; x_wconf 95' lang='lat' dir='ltr'>l.</span> <span class='ocrx_word' id='word_1_941' title='bbox 2183 6607 2254 6674; x_wconf 84' lang='lat' dir='ltr'>Sent.</span> <span class='ocrx_word' id='word_1_942' title='bbox 2274 6607 2301 6658; x_wconf 90' lang='lat' dir='ltr'>in</span> <span class='ocrx_word' id='word_1_943' title='bbox 2325 6607 2427 6670; x_wconf 74' lang='lat' dir='ltr'>prolog.</span> <span class='ocrx_word' id='word_1_944' title='bbox 2449 6605 2527 6670; x_wconf 82' lang='lat' dir='ltr'>magi·</span> 
     </span>
     <span class='ocr_line' id='line_1_116' title="bbox 1568 6691 2507 6762; baseline 0 -16"><span class='ocrx_word' id='word_1_945' title='bbox 1568 6695 1629 6758; x_wconf 88' lang='lat' dir='ltr'>stri,</span> <span class='ocrx_word' id='word_1_946' title='bbox 1649 6695 1713 6748; x_wconf 90' lang='lat' dir='ltr'>dub.</span> <span class='ocrx_word' id='word_1_947' title='bbox 1733 6697 1758 6748; x_wconf 89' lang='grc'><strong>6.</strong></span> <span class='ocrx_word' id='word_1_948' title='bbox 1775 6725 1811 6736; x_wconf 89' lang='grc'>-</span> <span class='ocrx_word' id='word_1_949' title='bbox 1829 6697 1891 6748; x_wconf 87' lang='lat' dir='ltr'>Fide</span> <span class='ocrx_word' id='word_1_950' title='bbox 1911 6697 1932 6748; x_wconf 90' lang='lat' dir='ltr'>D</span> <span class='ocrx_word' id='word_1_951' title='bbox 1949 6695 2131 6760; x_wconf 87' lang='lat' dir='ltr'>supplevimus</span> <span class='ocrx_word' id='word_1_952' title='bbox 2151 6697 2180 6748; x_wconf 86' lang='lat' dir='ltr'>nl</span> <span class='ocrx_word' id='word_1_953' title='bbox 2198 6693 2310 6748; x_wconf 81' lang='lat' dir='ltr'>ostendit</span> <span class='ocrx_word' id='word_1_954' title='bbox 2329 6691 2507 6762; x_wconf 66' lang='lat' dir='ltr'>lupuliani.</span> 
     </span>
    </p>

    <p class='ocr_par' dir='ltr' id='par_1_37' title="bbox 1569 6779 2527 6940">
     <span class='ocr_line' id='line_1_117' title="bbox 1641 6779 2527 6852; baseline -0.002 -16"><span class='ocrx_word' id='word_1_955' title='bbox 1641 6779 1665 6812; x_wconf 77' lang='lat'>²³</span> <span class='ocrx_word' id='word_1_956' title='bbox 1682 6781 1774 6852; x_wconf 78' lang='lat' dir='ltr'>Coun,</span> <span class='ocrx_word' id='word_1_957' title='bbox 1794 6787 1815 6836; x_wconf 90' lang='lat' dir='ltr'>D</span> <span class='ocrx_word' id='word_1_958' title='bbox 1834 6789 1941 6850; x_wconf 80' lang='lat' dir='ltr'>excepto</span> <span class='ocrx_word' id='word_1_959' title='bbox 1970 6785 2024 6852; x_wconf 84' lang='lat' dir='ltr'>(etr.</span> <span class='ocrx_word' id='word_1_960' title='bbox 2042 6779 2103 6836; x_wconf 89' lang='lat' dir='ltr'>nota</span> <span class='ocrx_word' id='word_1_961' title='bbox 2126 6783 2248 6848; x_wconf 89' lang='lat' dir='ltr'>praeced.</span> <span class='ocrx_word' id='word_1_962' title='bbox 2276 6783 2301 6834; x_wconf 91' lang='lat' dir='ltr'>in</span> <span class='ocrx_word' id='word_1_963' title='bbox 2329 6781 2408 6850; x_wconf 84' lang='lat' dir='ltr'>fine),</span> <span class='ocrx_word' id='word_1_964' title='bbox 2426 6783 2527 6836; x_wconf 87' lang='lat' dir='ltr'>addunt</span> 
     </span>
     <span class='ocr_line' id='line_1_118' title="bbox 1569 6865 2525 6940; baseline 0 -18"><span class='ocrx_word' id='word_1_965' title='bbox 1569 6865 1656 6922; x_wconf 84' lang='lat' dir='ltr'>obiicit</span> <span class='ocrx_word' id='word_1_966' title='bbox 1674 6871 1862 6940; x_wconf 59' lang='lat' dir='ltr'>deucaliona·</span> <span class='ocrx_word' id='word_1_967' title='bbox 1880 6871 1932 6934; x_wconf 73' lang='lat' dir='ltr'>ed,</span> <span class='ocrx_word' id='word_1_968' title='bbox 1949 6883 2018 6940; x_wconf 89' lang='lat' dir='ltr'>quae</span> <span class='ocrx_word' id='word_1_969' title='bbox 2042 6871 2160 6938; x_wconf 88' lang='lat' dir='ltr'>sequitur</span> <span class='ocrx_word' id='word_1_970' title='bbox 2183 6871 2271 6938; x_wconf 83' lang='lat' dir='ltr'>codd,</span> <span class='ocrx_word' id='word_1_971' title='bbox 2290 6871 2383 6936; x_wconf 81' lang='lat' dir='ltr'>allegat</span> <span class='ocrx_word' id='word_1_972' title='bbox 2402 6869 2430 6924; x_wconf 86' lang='lat' dir='ltr'>in</span> <span class='ocrx_word' id='word_1_973' title='bbox 2448 6871 2525 6924; x_wconf 86' lang='lat' dir='ltr'>loon.</span> 
     </span>
    </p>
   </div>
   <div class='ocr_carea' id='block_1_21' title="bbox 0 0 2958 8264">
    <p class='ocr_par' dir='ltr' id='par_1_38' title="bbox 0 0 2958 8264">
     <span class='ocr_line' id='line_1_119' title="bbox 0 0 2958 8264; baseline 0 0"><span class='ocrx_word' id='word_1_974' title='bbox 0 0 2958 8264; x_wconf 95' lang='lat' dir='ltr'> </span> 
     </span>
    </p>
   </div>
  </div>
 </body>
</html>
