5900 8266
1096 585 1287 652 contuitur.
1313 587 1350 652 lN
1373 585 1589 652 S.lPlENl'l.lll
1613 587 1644 670 C,
1671 587 1744 652 lllV.

429 777 607 836 creaturae
632 769 707 848 Dei,
732 769 762 834 id
786 775 832 834 θεῖ
856 787 875 832 θ
896 767 960 832 [ῖθο
980 765 1095 840 ῖθθῖθθ,
1121 761 1200 828 εῖθθῖ
1224 779 1338 826 avicum
1357 767 1386 826 θῖ

403 925 404 928 ,
429 879 614 958 argentum3
637 875 720 940 unde
748 873 825 940 Osee
849 869 1025 936 secundol:
1061 847 1266 952 «Argentum
1282 871 1313 932 θῖ
1331 883 1386 932 θθ-

2327 585 2408 656 ,tva

1536 763 1623 820 Tertio
1641 763 1792 820 detestatur
1808 763 1877 818 idola
1896 763 1998 834 propter
2018 761 2163 816 navitatem
2180 759 2209 814 ei
2226 761 2324 814 madum

1844 853 2011 908 inventionis.

433 999 504 1048 rum
526 979 729 1066 multiplicavi
754 977 828 1044 eis»
858 983 936 1054 etc.;
958 975 1069 1060 sactae
1091 981 1171 1040 sciat
1192 973 1230 1038 iu
1253 973 1385 1052 odiatur,
1454 1041 1456 1044 ,

429 1085 549 1154 εθῖῖῖθθῖ
569 1081 766 1160 irascibilis,
782 1089 819 1148 ut
833 1081 935 1148 Deum
958 1079 1075 1146 scilicet
1097 1079 1202 1144 odiant
1227 1077 1386 1156 homines,

433 1191 513 1258 siout
542 1191 722 1266 daemones
752 1186 790 1253 de
824 1187 941 1270 quibus
975 1183 1006 1250 in
1036 1183 1174 1250 Psalmo:
1201 1181 1388 1266 «Superbia

429 1315 540 1366 eornm
566 1297 620 1382 qui
644 1301 676 1360 te
692 1293 840 1372 oderunt,
865 1291 1003 1360 ascendit
1025 1309 1149 1376 semper
1163 1317 1192 1354 ».
1211 1293 1251 1356 Et
1273 1289 1310 1354 in
1325 1297 1388 1354 ten·

434 1403 587 1468 tationem
603 1401 738 1468 atrimae
751 1401 762 1438 2
776 1391 978 1476 'licinianum
995 1397 1024 1464 id
1043 1403 1089 1464 θεῖ
1106 1389 1386 1482 concupiscibilia,

432 1513 466 1574 ut
487 1507 603 1574 scilicet
628 1491 798 1572 subderent
821 1523 852 1572 εθ
873 1505 1014 1570 homines
1031 1503 1285 1588 quibuscumque
1302 1507 1386 1586 pote-

431 1611 564 1678 statibus
579 1611 678 1678 libere
693 1611 867 1678 secundom
884 1611 1075 1676 voluntatem
1090 1609 1140 1676 vel
1157 1607 1386 1692 suggestionem

431 1719 563 1786 deorum
578 1735 718 1784 suorum.
740 1721 778 1784 dt
793 1717 828 1784 in
842 1717 1086 1802 maascipalarn,
1113 1715 1143 1780 id
1163 1721 1209 1780 θεῖ
1233 1713 1398 1798 deceptio.

431 1823 768 1908 sementariciae
792 1825 907 1892 dicitur
925 1823 1099 1906 muscipula
1123 1817 1386 1898 instrumentum,

432 1945 495 2014 quo
517 1945 626 1996 mures
656 1927 842 2014 capiuntur:
863 1927 1021 2014 pedibas,
1047 1925 1163 1992 scilicet
1186 1923 1388 1990 interioribus

432 2035 461 2102 id
493 2041 540 2102 est
571 2035 709 2116 animae,
734 2053 794 2100 non
820 2031 1047 2110 exterioribus,
1079 2031 1196 2098 scilicet
1225 2029 1386 2116 corporis:

431 2141 673 2226 insipientiam,
698 2141 792 2206 idest
811 2137 1002 2230 winlidelium;
1025 2137 1078 2204 lob
1093 2137 1212 2202 decimo
1238 2143 1346 2202 octavo
1359 2137 1386 2200 3:

437 2247 651 2314 «absconaita
682 2251 729 2314 est
754 2247 783 2312 in
815 2251 900 2312 terra
924 2245 1031 2328 pedica
1055 2245 1123 2310 eius
1137 2267 1177 2322 »;
1207 2243 1281 2308 item
1308 2243 1387 2308 lere·

434 2353 513 2422 miae
535 2353 664 2440 quinto:
688 2353 831 2418 «lnventi
848 2357 923 2418 sunt
947 2351 978 2416 in
1001 2350 1117 2436 populo
1132 2347 1201 2416 meo
1224 2347 1284 2416 viri
1301 2347 1387 2434 impii

432 2459 611 2526 insidiantes
636 2459 723 2542 quasi
748 2459 900 2542 aucupen,
926 2459 1053 2542 laqueos
1076 2465 1226 2542 ponentes
1249 2461 1278 2522 θῖ
1302 2455 1387 2542 pedi-

432 2583 482 2632 cas
506 2565 544 2632 ad
569 2563 732 2650 capiendos
756 2557 840 2632 viros
857 2591 886 2630 ε.

521 2673 622 2756 tVers.
650 2671 723 2752 tn).
752 2671 991 2736 initiantendn
1016 2677 1074 2736 etc.
1091 2671 1173 2736 Bene
1196 2667 1279 2746 dixi,
1304 2667 1387 2752 quod

293 2795 411 2848 dranum·
431 2785 605 2846 creaturae
624 2777 684 2844 Dei
698 2785 770 2856 etc.;
794 2775 929 2842 initiam
945 2775 1030 2842 enirn
1054 2773 1304 2860 fornicationis,
1328 2773 1387 2842 sci-

432 2887 504 2954 licet
525 2885 714 2972 spiritualis,
738 2903 820 2970 qnae
841 2891 889 2950 θεῖ
907 2883 1080 2950 recedendo
1103 2901 1122 2948 a
1145 2883 1222 2962 veo,
1248 2889 1292 2948 est
1309 2887 1385 2960 etc.;

434 2995 516 3060 unde
543 2993 694 3058 Glossa4:
723 2991 927 3058 «Pessimum
958 3007 1058 3076 genus
1079 2989 1292 3056 fornicationis
1322 2993 1386 3068 est,

432 3119 496 3184 quo
519 3099 623 3166 anima
647 3097 763 3166 recedit
784 3115 804 3162 a
826 3097 891 3162 beo
913 3103 945 3162 et
960 3095 1135 3162 fornicatur
1154 3113 1225 3162 atim
1251 3093 1339 3160 idolis
1355 3117 1386 3172 »3

434 3205 515 3272 unde
531 3205 684 3272 -leremiae
715 3205 825 3270 tertio:
854 3229 870 3262 «
887 3203 1044 3268 llaecbata
1069 3207 1116 3268 θεῖ
1142 3221 1213 3268 cunt
1247 3201 1329 3286 ligno
1357 3207 1387 3268 θῖ

434 3311 533 3396 lapide
545 3337 576 3376 ε.
593 3313 683 3376 Τθῖθε
706 3309 884 3396 perduntur
899 3307 964 3376 sive
980 3309 1191 3376 destruuntur
1208 3325 1226 3372 a
1244 3307 1322 3388 Deo,
1339 3325 1387 3374 εθ-

432 3417 571 3482 cundum
594 3415 671 3482 illud
695 3415 825 3482 Psalmi:
854 3439 870 3472 «
887 3413 1052 3480 Perdidisti
1065 3431 1190 3492 amnesi,
1211 3413 1266 3496 qui
1290 3413 1386 3478 forni-

432 3529 543 3588 cantur
566 3509 624 3586 ‘abs
647 3529 677 3586 te
691 3547 720 3588 s.
735 3521 884 3586 -lnitivrn
899 3519 1001 3598 eata,
1025 3519 1168 3604 inquam,
1193 3517 1386 3606 fornicatio-

430 3629 500 3706 nis,
524 3627 717 3713 praedictae,
741 3635 786 3694 est
809 3625 982 3714 acquisitio
1007 3625 1181 3692 itlobrarn.

521 3737 581 3800 Sao
612 3751 754 3800 nonunt:
788 3731 993 3800 Ecclesiastici
1029 3731 1193 3798 decimol:
1221 3757 1237 3790 «
1261 3731 1385 3797 lnitium

298 3853 411 3922 Quanto·
431 3841 543 3906 omnis·
556 3841 672 3924 peccati
698 3839 845 3924 superbia
860 3863 891 3904 ».

521 3945 717 4030 despondeo:
746 3945 812 4010 Non
842 3943 982 4030 loquitur
1014 3943 1066 4008 hic
1095 3943 1135 4008 de
1163 3941 1386 4022 fornicatione,

347 4065 411 4120 Resr·
431 4058 576 4142 quaeest
598 4071 655 4138 per
670 4069 902 4138 quemcumque
924 4067 1119 4116 recessuma
1142 4051 1218 4128 Deo,
1244 4049 1325 4116 sicut
1340 4055 1387 4114 est

431 4161 464 4228 in
486 4159 627 4246 quolibet
650 4165 776 4242 peccato
799 4155 939 4234 ntortali,
962 4157 1017 4222 sed
1039 4155 1078 4222 de
1103 4155 1157 4222 illa
1185 4175 1248 4240 qua
1271 4153 1387 4222 recedit

431 4267 537 4334 aDeo
561 4265 699 4350 perlecto
722 4283 865 4342 recessu,
891 4249 1008 4330 scilicet
1030 4263 1186 4348 usquead
1209 4261 1388 4330 subversio

416 4383 504 4442 'nem
529 4371 618 4450 fidei,
643 4389 723 4456 quae
754 4377 800 4438 est
824 4369 1062 4438 tundamentum
1090 4369 1186 4436 totius
1216 4369 1387 4454 spiritualis

432 4477 582 4558 aedificii3
605 4477 645 4544 ad
671 4477 826 4544 Hebraeos
848 4477 1014 4544 undecimo
1030 4475 1061 4540 ⁶:
1090 4501 1108 4534 «s
1122 4475 1209 4542 Fides
1240 4483 1287 4542 est
1319 4495 1389 4560 spee

432 4587 603 4652 randarum
629 4583 802 4650 substantia
828 4599 934 4648 rerum
951 4609 966 4640 »
995 4589 1070 4660 etc.;
1093 4581 1167 4648 item
1199 4581 1319 4666 primae
1347 4581 1389 4648 ad

429 4689 607 4756 Corinthios
631 4671 738 4780 tertio:
755 4713 785 4746 κ(
800 4687 1047 4754 Fundamentum
1072 4685 1155 4752 aliud
1179 4705 1270 4754 nemo
1285 4693 1388 4772 potest

431 4815 546 4882 ponere
563 4825 579 4856 s
607 4799 665 4862 etc.
966 4777 969 4786 ’

524 4905 563 4970 aa
586 4903 773 4968 adinventio
795 4901 930 4968 illoram
947 4901 1117 4986 corruptio
1141 4901 1226 4966 vitae
1242 4909 1302 4978 est,
1328 4901 1386 4968 sci-

432 5011 504 5076 licet
527 5007 630 5094 quoad
658 5025 778 5086 mores;
800 5007 839 5072 ad
867 5009 1020 5074 Romanos
1049 5005 1197 5092 primol:
1224 5009 1387 5092 «Propter

433 5114 517 5200 quod
540 5113 668 5180 tradidit
691 5113 761 5180 illos
790 5113 874 5180 Deus
898 5113 927 5178 in
953 5113 1105 5182 desideria
1130 5113 1230 5180 cordis
1257 5113 1324 5194 sui,
1354 5113 1387 5180 in

432 5221 662 5288 immunditiam
675 5243 707 5298 ›>;
731 5217 761 5284 ln
779 5219 912 5284 Psalmo:
935 5245 952 5276 «
963 5221 1008 5284 lla
1024 5219 1084 5284 illis
1103 5219 1276 5286 secundum
1292 5237 1389 5304 opera

429 5345 542 5394 eorum
566 5331 598 5392 et
619 5317 792 5392 secundum
822 5323 993 5408 nequitiam
1022 5323 1277 5390 adinventionum
1306 5325 1388 5410 ipso-

431 5449 504 5500 rum
522 5459 551 5496 »-
604 5485 615 5506 ,

503 6053 608 6108 1-ῖθιέ,
626 6059 661 6110 8:
679 6061 709 6112 Et
733 6049 872 6124 argentum
901 6061 1069 6124 muldplicavi
1095 6059 1117 6110 ei
1143 6065 1167 6112 et
1192 6071 1299 6124 nitrum,
1319 6075 1387 6128 quae

432 6147 549 6196 lecerunt
566 6145 635 6196 Baal.
656 6173 690 6184 -
710 6147 832 6214 Sequitur
849 6149 891 6200 Ps.
911 6147 961 6212 73,
980 6149 1023 6200 23.
1281 6203 1284 6208 ,

502 6227 566 6282 ”lto
586 6231 665 6284 etism
683 6235 753 6286 cord.
783 6237 860 6298 Hugo
889 6239 914 6286 et
940 6237 1071 6300 Lyranus3
1091 6235 1203 6298 Vulgata
1229 6231 1386 6298 animabus,

431 6319 555 6374 Rabanus
572 6319 681 6374 animis.
1167 6375 1170 6380 ,
1208 6349 1210 6362 =

502 6403 608 6460 ⁸Vers.
634 6409 675 6460 ld.
694 6435 729 6448 -
752 6411 813 6478 Seq.
838 6413 910 6464 loeus
935 6417 985 6490 est
1001 6415 1047 6464 ler.
1074 6413 1104 6474 5,
1130 6409 1178 6472 Ξῖ,
1204 6409 1248 6462 ubi
1275 6411 1387 6476 Vulgata

428 6495 528 6550 θθῖῖῖῖῖῖ
544 6493 605 6548 viri.
623 6493 675 6546 Cir.
693 6511 774 6562 snpra
792 6513 853 6564 pag.
873 6501 883 6550 ῖ
892 6501 939 6562 66,
960 6505 1021 6552 nota
1037 6499 1065 6552 7.

501 6583 513 6614 ⁴
533 6587 631 6650 Nempe
651 6583 792 6640 ordinaria
810 6601 841 6640 ex
860 6589 977 6640 Rabano.
995 6617 1032 6628 —
1049 6589 1200 6658 Sequuntur
1215 6589 1263 6640 ler.
1281 6589 1309 6654 3,
1325 6589 1350 6640 9.
1361 6595 1387 6640 θῖ

429 6677 474 6728 Ρε.
491 6675 540 6742 72,
559 6673 602 6724 nt.

502 6761 608 6814 ⁵Vers.
631 6761 671 6814 lii.

501 6849 1156 6922 ⁶Vetat.—saqtocnsestt.c01·.3,tt.

500 6937 511 6970 ἵ
533 6943 607 6994 l'ers.
625 6941 669 6994 dl.
687 6969 722 6980 -
740 6941 861 7010 Sequitur
880 6943 921 6994 Ρε.
939 6943 985 7010 at,
1005 6943 1032 6996 l.

1541 1081 1639 1148 Non8
1664 1081 1749 1148 enirn
1768 1091 1872 1150 erant.
1899 1083 1950 1150 llic
1976 1087 2113 1170 tangitur
2136 1083 2229 1151 tertia
2251 1081 2331 1148 ratio
2354 1081 2408 1148 de·

1451 1189 1624 1256 testationis
1647 1189 1773 1254 illorum
1802 1189 1972 1268 idolorum,
1995 1191 2112 1258 scilicet
2142 1209 2183 1258 ex
2207 1189 2349 1258 novitate
2378 1197 2409 1254 et

1452 1297 1550 1360 modo
1565 1313 1646 1360 snae
1663 1293 1915 1360 adinventionis.
1940 1297 2038 1362 lluius
2052 1297 2279 1364 adinventionis
2294 1302 2325 1362 et
2341 1295 2409 1362 cul-

1451 1405 1545 1466 turae
1568 1399 1668 1484 tengit
1689 1399 1798 1484 plures
1820 1417 1944 1466 causas:
1971 1401 2087 1486 primo,
2105 1399 2275 1470 bantinum
2297 1401 2408 1468 cario-
2425 1407 2528 1504 nappe:

1451 1525 1527 1572 sant
1544 1505 1755 1582 otiositatem:
1772 1505 1924 1586 secunda,
1935 1513 2116 1592 parentam
2131 1509 2178 1574 ad
2191 1507 2279 1594 filios
2294 1507 2409 1594 ilesun-

1451 1621 1518 1678 etos
1544 1609 1760 1698 affectionem:
1782 1609 1908 1690 Acerba
1931 1611 2035 1690 enirn:
2051 1613 2160 1690 tertio,
2183 1621 2408 1704 tyrannoram

1452 1717 1617 1782 tiatorem:
1643 1717 1764 1784 Deinde
1787 1723 1844 1784 etc.
1856 1741 1864 1796 ;
1887 1723 2016 1802 quarto,
2042 1717 2236 1804 principum
2258 1739 2408 1786 reveren·-

1452 1823 1535 1888 tiam
1551 1831 1579 1888 et
1603 1821 1776 1890 donarent:
1802 1823 1869 1888 Hos
1892 1843 1974 1910 qvos
1985 1847 1996 1900 ;
2020 1823 2147 1908 quinto,
2172 1825 2341 1908 artificum
2357 1825 2407 1892 di-

1442 1929 1623 2016 'lipentt'unt
1645 1937 1677 1996 et
1704 1929 1977 1996 sollicitudinem:
2008 1929 2166 1996 Proveuit
2195 1939 2406 2012 anteritate:

1451 2043 1544 2104 sento
1566 2035 1653 2120 ponit
1682 2053 1868 2102 cansarum
1890 2035 2133 2120 principalium
2162 2037 2408 2122 recapitulatio-

1451 2151 1541 2206 nena:
1566 2141 1608 2206 Εῖ
1628 2137 1707 2206 daec
1731 2139 1800 2226 suit
1819 2143 1916 2206 vitae.

1541 2247 1640 2330 (Vens.
1670 2245 1744 2330 ta),
1767 2247 1850 2314 Bene
1872 2247 1952 2314 dlxi:
1982 2249 2165 2336 desquisitia
2186 2249 2352 2316 idolorvtn
2378 2251 2522 2316 eptatici.

1451 2353 1638 2418 adinventio
1663 2359 1740 2432 etc.;
1763 2371 1830 2446 non
1853 2353 1940 2420 anina
1964 2361 2060 2420 erant
2075 2373 2099 2420 a
2117 2355 2301 2442 principio,
2324 2355 2428 2446 soili-¹

1451 2465 1502 2526 cet
1523 2459 1620 2540 idola,
1644 2461 1730 2544 qnod
1754 2445 1852 2544 putet,
1876 2457 2028 2544 quianon
2053 2467 2125 2526 sunt
2147 2461 2300 2540 Creator;
2322 2461 2407 2530 unde

1452 2567 1599 2634 leremiae
1622 2567 1781 2632 decimol:
1812 2567 1905 2644 «Dii,
1931 2569 1984 2652 qui
2012 2568 2132 2634 caelum
2157 2575 2187 2636 et
2210 2575 2327 2636 terram
2345 2587 2407 2634 non

1451 2673 1612 2752 iecerunt,
1640 2681 1769 2758 peream
1793 2673 1830 2740 de
1859 2680 1944 2740 terra
1967 2697 2001 2754 »3
2027 2691 2083 2740 nec
2112 2675 2202 2740 etlam
2228 2683 2406 2754 creatura,

1451 2779 1525 2864 quia
1550 2779 1649 2846 omnis
1673 2785 1853 2864 creaturae
1875 2781 1939 2846 Deo
1962 2787 2022 2858 est,
2042 2779 2094 2846 sed
2118 2779 2198 2848 idola
2214 2799 2273 2846 non
2300 2789 2407 2848 sunta

1451 2887 1529 2966 Deo,
1556 2887 1608 2952 sed
1632 2893 1704 2952 sum
1729 2885 1891 2958 bominum
1918 2887 2014 2966 fictio:
2042 2887 2267 2972 propterquod
2292 2887 2407 2954 dicitur

1451 2993 1572 3076 primae
1594 2993 1633 3058 ad
1655 2991 1832 3058 Corinthios
1856 2997 1979 3058 octavo:
2004 3019 2023 3050 v
2047 2993 2165 3058 ldolnm
2187 2995 2264 3058 nintt
2297 2999 2344 3060 θεῖ
2374 2991 2405 3058 in

1451 3097 1569 3164 inundo
1589 3127 1621 3178 n,
1644 3097 1761 3166 scilicet
1789 3105 1942 3184 quantum
1973 3097 2012 3164 ad
2041 3117 2107 3164 esse
2132 3097 2291 3178 (livinum,
2321 3097 2407 3184 quod

1451 3205 1495 3270 illi
1519 3205 1659 3272 creditur
1684 3223 1752 3272 esse
1769 3205 1810 3272 ab
1832 3205 2012 3274 idololatris.
2031 3205 2139 3292 Neque
2162 3215 2259 3272 errant
2282 3207 2316 3272 in
2327 3225 2406 3292 pcr-

1448 3321 1605 3398 petvavt,
1630 3313 1725 3378 immo
1748 3313 1962 3392 destruentur,
1988 3313 2145 3380 conversis
2169 3313 2348 3380 bominibus
2367 3313 2405 3378 ad

1451 3416 1572 3482 cultum
1608 3417 1703 3484 unius
1727 3417 1814 3496 Dei:
1832 3417 1927 3484 lsaiae
1947 3419 2069 3484 decimo
2091 3419 2235 3484 n0n010:
2264 3445 2280 3478 «
2297 3421 2406 3500 ascen·
2444 3417 2445 3420 ’

1450 3523 1503 3590 det
1541 3523 1694 3590 Dominus
1728 3541 1823 3608 super
1859 3523 1973 3592 nubem
2010 3525 2109 3592 levem
2144 3533 2176 3592 θῖ
2212 3525 2405 3610 ingredietur

1451 3631 1640 3714 Aegyptum,
1671 3637 1701 3696 et
1732 3631 2013 3718 commovebuntur
2039 3631 2206 3698 simulacra
2235 3633 2361 3718 Aegypti
2387 3651 2406 3700 a

1450 3733 1527 3802 larcia
1550 3735 1663 3802 eius»,
2027 3825 2029 3830 ,
2069 3761 2070 3764 ¹

1540 3839 1640 3924 (Vers.
1670 3841 1744 3924 tt).
1767 3833 2029 3928 Supervacnitas
2049 3843 2153 3922 enini,
2178 3843 2208 3910 id
2233 3851 2278 3910 est
2302 3845 2406 3912 otiosi-

1451 3951 1513 4024 tas,
1529 3941 1701 4012 donvinarn
1718 3945 1798 4012 daec
1814 3949 1836 3984 ¹1
1855 3947 2024 4014 adinvenit
2039 3957 2113 4030 etc.;
2129 3949 2332 4018 Ecclesiastici
2351 3951 2406 4017 tri-

1451 4051 1569 4136 gesimo
1592 4051 1703 4118 tertio:
1733 4081 1750 4112 «
1764 4055 1892 4120 dlultam
1919 4055 2065 4120 rnalitiam
2087 4057 2194 4122 docuit
2216 4043 2404 4136 otiositas»,

1451 4159 1568 4224 scilicet
1594 4159 1724 4240 otiosos,
1757 4161 1811 4246 qui
1841 4161 1986 4228 laborare
2009 4163 2153 4228 nolebant
2184 4163 2221 4228 ad
2253 4181 2405 4248 quaeren-

1451 4265 1527 4330 dum
1559 4283 1658 4332 unum
1691 4285 1803 4333 verunt
1835 4267 1935 4334 Deum
1965 4273 1998 4334 θῖ
2034 4267 2127 4354 digne
2156 4269 2340 4350 colendum;
2371 4271 2405 4336 in
2465 4315 2466 4318 =

1452 4369 1563 4434 orbern
1589 4377 1779 4450 terrarum,
1804 4371 1835 4438 in
1868 4373 1952 4438 caelo
1979 4371 2063 4438 enirn
2084 4373 2192 4440 nullus
2222 4393 2313 4440 error
2335 4375 2406 4440 talis
2523 4365 2527 4374 ¹

1451 4495 1589 4562 unquam
1616 4477 1684 4544 luit.
1708 4479 1749 4544 Et
1770 4477 1857 4552 ideo,
1882 4477 1999 4546 scilicet
2013 4481 2087 4564 quia
2111 4499 2173 4546 non
2195 4501 2319 4566 semper
2337 4483 2404 4550 lue-

1451 4591 1539 4660 runt,
1562 4581 1667 4648 lnevis
1690 4583 1823 4650 illoram
1841 4585 1920 4670 siais
1940 4585 2090 4652 inventus
2110 4593 2170 4666 est,
2187 4587 2304 4654 scilicet
2321 4589 2404 4672 apud
2428 4639 2429 4642 ,

1451 4689 1614 4774 sapientes.
1639 4689 1705 4757 Cito
1728 4691 1812 4756 enim
1835 4693 1950 4760 deserti
1977 4699 2052 4758 sunt
2074 4711 2091 4758 a
2115 4693 2187 4762 filiis
2209 4693 2304 4762 lsrael
2326 4701 2404 4762 tem-

1450 4815 1526 4882 pore
1556 4795 1650 4880 lloysi
1679 4803 1709 4864 et
1731 4817 1751 4862 a
1775 4799 1892 4882 populo
1919 4799 2088 4866 christiano
2120 4805 2260 4884 tempore
2291 4801 2405 4888 Christi¹

1452 4903 1500 4972 vel
1528 4921 1627 4970 novae
1652 4903 1751 4990 legis;
1780 4905 1926 4972 leremiae
1949 4905 2336 4976 aecino12:«aontusus
2360 4915 2405 4978 θεῖ

1450 5011 1550 5080 θῖθθῖε
1573 5011 1689 5076 artilex
1715 5011 1749 5076 in
1772 5010 1926 5096 sculptili:
1949 5029 2028 5078 vana
2060 5021 2133 5080 sunt
2154 5031 2250 5098 opera
2279 5023 2312 5080 et
2338 5017 2404 5084 risu

1451 5112 1560 5198 digna,
1583 5113 1773 5200 intempore
1795 5115 1979 5184 visitationis
2003 5135 2078 5184 suae
2100 5119 2250 5202 peribunt
2264 5103 2304 5184 »ᾗ

1541 5221 1644 5302 (Vers.
1670 5221 1746 5304 ld).
1772 5221 1896 5288 Acerba
1924 5223 2010 5288 enirn
2037 5225 2129 5290 lucta
2159 5225 2268 5292 dabas
2296 5233 2403 5312 puter,
2426 5227 2521 5272 PPM-

1452 5323 1569 5390 scilicet
1591 5323 1631 5392 de
1653 5331 1757 5392 morte
1782 5323 1855 5404 tilii,
1882 5327 1965 5416 sicut
1990 5329 2086 5394 David
2114 5329 2212 5396 doluit
2236 5327 2273 5396 de
2306 5341 2404 5400 morte

1451 5425 1610 5508 Absalom‚
1637 5431 1764 5496 secundi
1799 5431 1915 5518 Regum
1952 5431 2072 5518 decimo
2093 5437 2253 5516 octavo²³‚
2286 5437 2335 5504 vel
2368 5437 2404 5506 de
2464 5505 2467 5512 .

1522 6059 1604 6116 8(Ζῖῖ.
1623 6077 1702 6126 supra
1721 6077 1783 6128 pag.
1805 6063 1869 6130 tub,
1890 6063 1993 6116 notati.
2015 6093 2047 6102 —-
2073 6065 2181 6118 lnlerius
2203 6079 2253 6130 pro
2276 6063 2355 6120 niodo
2381 6073 2403 6118 et

1454 6147 1536 6202 Hatita
1562 6149 1758 6204 adinventionis
1775 6149 1836 6202 edd.
1861 6151 1957 6206 naeritu
1982 6159 2008 6204 et
2025 6151 2100 6208 Falsis
2119 6151 2323 6208 adinventionis.

1521 6233 1532 6264 ⁹
1551 6239 1626 6290 Vens,
1646 6239 1655 6288 l
1664 6237 1672 6286 l
1687 6255 1694 6288 :
1713 6237 1767 6304 llll,
1785 6241 1831 6304 qui
1849 6241 1935 6292 caelos
1948 6245 1972 6292 et
1985 6247 2034 6294 etc.
2045 6269 2082 6282 -
2093 6241 2216 6308 Sequitur
2228 6243 2248 6292 l.
2259 6241 2319 6294 Cor.
2332 6241 2361 6308 8,
2377 6241 2404 6294 l:

1451 6325 1516 6378 b'ilril
1534 6333 1573 6378 est
1592 6325 1691 6378 idolum
1710 6325 1734 6376 in
1755 6331 1863 6382 inundo.
2246 6327 2361 6382 10ῖῖθῖε.
2382 6333 2404 6382 t.

1523 6411 1543 6442 ¹¹
1564 6415 1693 6478 Vulgatae
1712 6415 1773 6468 edd.
1796 6423 1914 6470 verentes
1943 6419 2066 6472 omittunt
2089 6417 2153 6472 lanea
2180 6417 2262 6484 (quod
2285 6415 2406 6472 exhibent

1451 6505 1523 6558 card.
1544 6505 1620 6568 Hugo
1640 6507 1665 6554 et
1684 6503 1810 6578 Lyranns)
1831 6511 1855 6556 et
1875 6509 1928 6560 tere
1948 6521 2037 6558 omnes
2057 6505 2153 6556 babent
2168 6505 2277 6558 advenit
2293 6519 2342 6572 pro
2361 6505 2404 6562 ud·

1450 6589 1557 6646 invenit.
1578 6619 1611 6628 --
1632 6591 1692 6658 Seq.
1711 6593 1783 6646 locus
1802 6599 1842 6646 θεῖ
1859 6595 1938 6646 Εθθῖῖ.
1955 6595 2002 6660 33,
2021 6595 2065 6646 29.

1522 6677 1543 6708 ¹²
1563 6679 1638 6730 vers,
1659 6679 1700 6730 li.
1719 6685 1744 6732 et
1766 6681 1812 6746 ts,
1832 6681 1877 6734 ubi
1891 6686 1950 6748 post
1964 6679 1991 6732 in
2009 6679 2129 6748 sculptili
2145 6679 2257 6746 Vulgata
2275 6683 2348 6746 plura
2363 6685 2404 6738 ad·

1451 6769 1502 6836 dit,
1522 6771 1546 6820 θῖ
1564 6781 1612 6832 pro
1631 6765 1691 6820 risu
1709 6767 1791 6836 dr'pna
1809 6769 1941 6824 substituit
1959 6781 2027 6834 opvs
2045 6767 2105 6822 risa
2124 6767 2245 6836 capitata.

1521 6853 1542 6886 ¹³
1562 6855 1638 6908 Vers.
1656 6855 1704 6922 33;
1723 6855 1787 6910 ibid.
1806 6857 1854 6922 ld,
1875 6859 1917 6910 ld.
1935 6871 2010 6922 seqq.
2022 6861 2061 6908 est
2074 6871 2129 6924 seq.
2147 6859 2229 6912 locus.
2249 6889 2282 6900 -
2300 6863 2403 6928 Glossa,

1449 6957 1518 7012 quae
1535 6943 1662 7010 seqnitur,
1679 6949 1720 6996 est
1736 6943 1879 6998 ordinaria
1898 6959 1927 6996 ex
1949 6943 2066 6998 Rabano.
