5908 8266
549 583 614 650 182

548 765 595 826 est
617 759 765 846 iniquitas
789 777 806 824 a
828 757 1005 824 senioribus
1030 757 1203 838 iudicibus,
1235 759 1289 844 qui
1311 743 1505 826 'videbantur

549 881 658 950 regere
681 863 832 948 populum
851 889 879 928 ».
908 863 942 928 Et
971 863 1122 932 rationem
1157 863 1275 944 reddit,
1306 881 1379 932 cunr
1410 863 1503 932 dicit:

550 971 633 1034 Erat
657 977 767 1034 autera
791 985 881 1034 socer·
909 965 1072 1052 Caiphae,
1098 969 1158 1056 qui
1171 977 1243 1034 erut
1254 967 1407 1056 pontifex
1422 971 1506 1036 anni

549 1069 660 1148 illius,·
682 1073 750 1138 ideo
774 1073 811 1138 ad
836 1073 938 1156 ipsum
964 1073 1098 1158 quodam
1121 1073 1216 1142 ruodo
1238 1073 1398 1160 pertinere
1420 1073 1504 1142 ride-

548 1175 640 1244 batur
662 1175 821 1244 iudicium.
841 1177 905 1244 Sub
920 1177 994 1262 ipsis
1010 1177 1208 1264 principibus
1224 1197 1336 1264 passus
1352 1187 1399 1246 est
1415 1181 1503 1248 Chri-

548 1289 630 1364 stus,
656 1283 717 1352 sub
739 1283 855 1370 quihus
876 1283 1068 1370 praedicarit
1085 1285 1230 1366 loannes3
1247 1287 1349 1354 Lucae
1364 1287 1502 1352 terno1:

551 1391 648 1458 «Sub
671 1391 873 1474 principibus
905 1391 1102 1458 sacerdotum
1133 1393 1221 1458 anna
1250 1399 1283 1460 et
1312 1391 1429 1476 Caipha
1460 1393 1503 1458 l-

548 1503 631 1564 otum
658 1501 703 1564 est
728 1497 860 1564 verbum
881 1495 1005 1562 Domini
1031 1515 1125 1582 super
1151 1499 1311 1576 loannem,
1337 1499 1504 1566 Zachariae

548 1601 666 1682 lilium,
688 1601 723 1668 in
748 1601 872 1668 deserto
887 1625 919 1666 s.
951 1601 988 1666 Et
1019 1607 1106 1668 notat
1136 1619 1209 1670 eum
1239 1601 1279 1670 de
1307 1601 1503 1688 suspicione,

547 1709 630 1792 quod
654 1727 716 1774 non
739 1713 824 1774 recte
849 1707 1020 1786 iudicaret,
1044 1707 1118 1792 quia
1142 1727 1231 1776 socer
1255 1709 1324 1776 eius
1347 1715 1431 1788 erat,
1449 1709 1503 1796 qui

547 1813 780 1898 conspiraverat
801 1813 835 1878 in
858 1819 991 1880 mortem
1016 1811 1141 1880 Christi.
1166 1815 1251 1880 Unde
1276 1815 1368 1880 dicit:

634 1919 686 1986 28.
713 1919 813 2004 (Vers.
843 1919 917 2010 11].)
943 1921 1029 1984 Erat
1043 1925 1155 1984 autern
1172 1915 1338 2004 Caiphae,
1354 1919 1415 2006 qui
1428 1939 1504 1986 con-

545 2025 661 2092 silium
683 2025 818 2092 aeter-ut
842 2015 996 2102 inducia
1030 2045 1126 2110 supra
1157 2027 1323 2092 undecimo
1337 2027 1370 2090 2:
1402 2027 1503 2114 Expe-

545 2131 608 2212 dit,
636 2151 737 2198 unum
769 2131 926 2198 hominem
960 2131 1040 2198 mori
1070 2149 1128 2218 pro
1160 2131 1285 2216 populo.
1317 2133 1503 2216 Chrysosto

461 2305 462 2308 ,
545 2255 637 2306 mus:
667 2239 770 2306 rideo
791 2237 975 2324 prophetiae
998 2237 1084 2306 illius
1106 2239 1266 2320 meminit,
1289 2241 1437 2326 quoniam
1457 2261 1504 2308 sa-

546 2345 597 2410 lus
617 2343 705 2412 orbis
728 2349 887 2412 terrarum
911 2361 996 2420 mors
1021 2345 1089 2412 eius
1107 2343 1185 2424 luit,
1204 2353 1233 2414 et
1249 2345 1319 2414 ideo
1334 2365 1398 2414 ΠοΠ
1412 2347 1505 2414 debet

545 2451 669 2518 auditor
692 2451 822 2518 audieus
847 2449 963 2518 Christi
985 2453 1110 2518 vincula
1134 2455 1368 2520 tumultuari».

634 2557 812 2642 hblVers.
843 2559 915 2640 13.)
942 2557 1145 2644 Sequebatur
1166 2567 1279 2624 autern
1301 2561 1420 2626 lesum.
1452 2561 1505 2626 llic

387 2687 420 2732 m
433 2687 529 2750 sesana.
547 2665 609 2750 egit
632 2665 672 2730 rte
696 2663 790 2730 Petri
810 2663 999 2748 scopatione,
1025 2681 1119 2748 quam
1145 2663 1292 2730 describit
1308 2665 1368 2730 hoc
1385 2665 1504 2732 ordine.

386 2775 387 2778 ’
428 2743 480 2786 ‘¹¹³'
548 2771 654 2836 Primo
673 2775 801 2836 notatur
826 2767 972 2852 nepandi
992 2767 1149 2844 oceasin;
1172 2769 1329 2848 secundo,
1352 2769 1428 2852 ipsa
1451 2789 1505 2834 ne-

544 2877 660 2962 patio;
682 2875 792 2952 tertio,
817 2891 858 2938 ex
883 2873 1044 2956 negatione
1070 2873 1200 2938 amoris
1221 2873 1447 2960 resriperatto.

638 2979 774 3048 Occasio
794 2979 943 3064 nepandi
971 2979 1032 3046 fuit
1060 2979 1092 3044 in
1116 2979 1194 3060 herc,
1218 2981 1303 3062 quod
1327 2986 1505 3054 comesset

421 3113 527 3158 armum.
545 3089 710 3166 infirmus,
732 3085 856 3152 volebat
880 3085 1046 3152 Dominum
1081 3085 1179 3170 sequi.
1212 3087 1383 3170 Propterea
1408 3087 1503 3154 dicit:

547 3193 750 3284 Sequebatur
774 3199 885 3258 autern
907 3191 1019 3258 lesum
1041 3193 1157 3258 Simon
1181 3195 1323 3272 Petras,
1346 3213 1408 3278 ΠοΠ
1433 3213 1505 3278 per-

545 3299 646 3380 lecte;
669 3299 754 3368 unde
777 3297 922 3365 Matthaei
950 3297 1098 3382 vigesimo
1121 3299 1260 3364 sexto-⁹³:
1288 3323 1305 3356 <r
1322 3299 1432 3366 Petrus
1448 3319 1504 3366 au·

461 3427 462 3430 ¹
545 3413 608 3474 tern
641 3407 834 3492 sequebatur
862 3425 886 3470 a
916 3403 1010 3490 lonqe
1025 3431 1056 3484 s,
1088 3411 1118 3470 et
1149 3405 1211 3472 alio
1241 3407 1396 3488 ducente,
1421 3407 1505 3474 unde

545 3533 607 3582 ΠοΠ
632 3515 718 3582 solus
740 3519 827 3592 erat,
849 3511 946 3578 immo
971 3519 1002 3576 ct
1031 3513 1121 3578 ultus
1151 3511 1356 3604 dissipatus,
1390 3519 1419 3580 et
1452 3511 1504 3580 hic

545 3627 613 3686 erat
638 3621 771 3698 duct0r;
794 3617 900 3684 unde:
926 3617 1118 3704 Discipulos
1142 3627 1253 3686 autem
1275 3617 1329 3686 ille
1350 3627 1425 3686 erut
1446 3617 1504 3686 no-

545 3735 600 3794 tus
618 3725 792 3812 pontificu
825 3731 854 3790 et
883 3725 1045 3790 ideonum
1072 3725 1186 3792 fiducia
1208 3725 1288 3804 ibat,
1314 3726 1398 3794 unde
1430 3725 1504 3794 sub-

544 3831 610 3898 dit:
647 3835 687 3898 la
716 3829 864 3898 introibit
896 3849 972 3896 cura
1005 3831 1080 3896 ,lesu
1109 3831 1146 3896 in
1175 3831 1304 3898 atrium
1324 3831 1502 3916 pontilicis.

545 3939 623 4024 Quis
647 3939 705 4004 iste
725 3935 840 4016 tuerit,
856 3935 990 4004 Glossa4
1007 3953 1069 4002 nou
1084 3935 1233 4004 delinivit.
1252 3935 1383 4004 Videtur
1399 3941 1503 4002 tamen

544 4045 643 4112 luisse
665 4047 812 4122 loanneS,
836 4049 872 4110 ut
896 4041 969 4110 dicit
992 4043 1116 4122 Victor,
1141 4043 1314 4128 quidese
1336 4049 1374 4108 ut
1388 4043 1427 4110 de
1443 4043 1503 4110 alio

545 4151 753 4237 loquebatur,
777 4149 867 4234 qnasi
890 4167 952 4214 ΠοΠ
975 4149 1098 4214 timens.

618 4697 628 4728 ²
647 4697 722 4750 Vera.
743 4699 768 4750 2.
785 4693 837 4748 Cir.
855 4697 975 4760 August,
993 4695 1020 4748 in
1038 4697 1108 4748 laan.
1129 4697 1229 4760 Evang.
1248 4699 1278 4748 tr.
1301 4695 1361 4746 113.
1379 4709 1405 4748 Π.
1426 4697 1450 4748 5.

617 4785 630 4816 ²
650 4787 722 4840 Vere.
743 4787 783 4838 tt.
803 4791 828 4838 et
847 4787 890 4838 50.
907 4811 945 4824 —
962 4785 1117 4836 immediate
1135 4789 1195 4848 post
1211 4781 1296 4836 verbo
1316 4781 1433 4850 Enpedit
1444 4783 1504 4836 Vul-

464 4911 467 4920 .
547 4881 606 4940 gata
635 4877 756 4940 praefigit
781 4871 853 4940 quia.
882 4871 968 4946 Cyrtii.
997 4871 1133 4924 Alexandr.
1159 4877 1219 4936 post
1247 4869 1319 4924 mori
1330 4883 1385 4938 pro
1399 4869 1503 4940 populo

546 4967 680 5030 adiungit:
699 4963 832 5018 Miserunt
848 4961 950 5016 autem
963 4973 1025 5012 erim
1052 4959 1169 5028 liqatnm,
1191 4957 1227 5012 nel
1253 4959 1382 5030 teophane
1400 4959 1505 5030 prinoi-

542 5067 606 5122 pem
626 5051 800 5106 sucerdotan.
819 5049 889 5102 Erat
905 5051 996 5102 autent
1016 5047 1145 5116 Caiphae,
1166 5046 1213 5118 qai
1225 5047 1368 5112 consilinm
1380 5047 1450 5102 dedit
1461 5049 1504 5102 lu·

546 5139 636 5206 doen,
654 5139 718 5208 quia
737 5137 849 5206 capedit,
864 5151 951 5192 annm
964 5135 1098 5192 honinem
1118 5137 1191 5192 aori
1203 5151 1257 5204 pro
1271 5137 1383 5206 populo.
1394 5165 1431 5178 -
1445 5139 1504 5190 Sen-

546 5231 626 5282 tentia
644 5227 776 5294 Chrysost.
795 5225 906 5279 trahetur
925 5227 951 5278 in
969 5227 1037 5278 loen.
1059 5225 1146 5276 homil.
1168 5227 1209 5278 83.
1234 5225 1379 5292 (alias82.)
1397 5241 1425 5280 n.
1443 5231 1467 5278 2.

618 5313 721 5368 ⁸Vers.
743 5315 784 5370 58.
805 5317 931 5382 laquem
955 5315 1044 5366 locum
1067 5315 1135 5366 Beda
1157 5313 1212 5380 (qui
1238 5315 1354 5386 sequitur
1373 5315 1503 5378 ambros,

547 5409 580 5458 X.
599 5407 626 5458 in
644 5407 705 5458 Luc.
725 5407 773 5468 22,
785 5405 828 5456 bl.
842 5417 869 5456 Π.
886 5401 954 5468 72)]
974 5403 1107 5454 htirandus
1119 5407 1173 5466 est,
1186 5407 1209 5452 et
1222 5407 1311 5454 tamen
1323 5403 1503 5470 venerandus,

526 5557 528 5564 y
545 5495 593 5564 qui
606 5495 750 5546 Dominum
761 5505 815 5544 uon
827 5491 941 5558 reliquit,
953 5493 1030 5544 etiam
1046 5503 1107 5542 cum
1121 5489 1232 5542 timeret.
1245 5491 1321 5558 Quod
1334 5491 1404 5542 enirn
1418 5489 1502 5558 timet,

547 5591 654 5638 naturae
681 5587 735 5648 est;
755 5581 826 5648 quod
850 5579 981 5648 sequitur,
1007 5577 1153 5630 devotionis
1181 5585 1227 5630 etc.
1247 5579 1431 5642 -Superius
1454 5593 1502 5642 pro

546 5671 649 5726 nolebat
668 5671 815 5726 Dominum
832 5669 922 5732 plores
941 5669 1017 5720 codd.
1036 5663 1143 5720 nolebat
1162 5665 1269 5734 [aliqai,
1283 5673 1311 5720 ut
1323 5669 1341 5718 F
1352 5669 1388 5732 iil,
1401 5665 1502 5736 nolrrtt]

547 5760 707 5826 Dominum,
728 5759 772 5812 ubi
793 5763 852 5822 post
871 5755 992 5822 sequitu
1016 5755 1074 5808 cod.
1101 5757 1124 5806 u
1148 5757 1263 5808 secunda
1290 5771 1383 5810 manus
1402 5755 1503 5808 addidit

548 5865 582 5906 en
600 5849 744 5904 deuotione.
1040 5835 1041 5838 ’

619 5935 750 5990 ‘Scilicet
773 5929 917 5986 ordinaria
937 5931 977 5998 (ex
996 5933 1115 5996 Arrgust,
1133 5931 1160 5982 iu
1184 5933 1253 5982 loau.
1272 5933 1373 5996 Erang.
1390 5935 1423 5984 tr.
1443 5933 1501 5984 113.

547 6041 573 6080 n.
592 6025 642 6092 2)]
663 6025 726 6092 Quis
746 6023 776 6076 sit
796 6023 858 6086 iste,
877 6021 939 6086 quia
962 6021 1005 6074 lxic
1022 6023 1137 6080 tacetur,
1167 6033 1218 6070 aon
1238 6023 1335 6074 temere
1355 6019 1502 6072 definiatur.

549 6115 619 6168 Solet
630 6119 716 6166 tamen
731 6113 777 6166 isle
790 6113 896 6164 loannes
910 6109 946 6162 sic
959 6123 988 6160 se
1001 6107 1157 6172 significare.
1169 6135 1203 6146 -
1216 6107 1253 6158 De
1276 6107 1379 6160 Victore
1397 6109 1443 6158 cir.
1463 6121 1502 6160 su·

548 6219 594 6270 pra
620 6215 681 6268 pag.
702 6201 768 6262 275,
788 6205 849 6252 uota
876 6199 919 6250 tl.
942 6197 1060 6264 aragon,
1088 6197 1197 6248 praefat.
1227 6197 1314 6248 litorei.
1338 6209 1361 6248 c.
1381 6197 1406 6248 t.
1424 6211 1449 6246 Π.
1469 6197 1501 6248 3]

547 6293 625 6344 hloris
642 6291 711 6342 euim
734 6287 881 6352 scripturae
903 6299 994 6338 sacrae
1011 6291 1064 6350 est,
1082 6291 1112 6338 ut
1129 6285 1181 6350 ipsi
1198 6283 1244 6350 qut
1263 6281 1394 6348 scribunt,
1415 6283 1449 6336 sic
1469 6283 1502 6336 de

548 6395 574 6434 se
593 6379 620 6430 in
637 6379 680 6430 illa
697 6375 771 6444 qrrasi
792 6377 824 6428 de
842 6377 898 6428 aliis
919 6377 1084 6440 loquantur...
1097 6373 1164 6426 Hirro
1176 6377 1284 6426 loannes
1302 6371 1365 6426 dicit
1377 6371 1440 6440 [t3,
1454 6373 1487 6422 23
1493 6391 1501 6434 ;
1518 6425 1519 6428 ¹

551 6471 596 6532 lli,
617 6469 663 6532 26;
684 6467 726 6530 tt,
746 6463 819 6532 ati.]:
837 6461 993 6532 Discipulos
1020 6461 1077 6528 ille,
1106 6477 1185 6532 quern
1213 6461 1341 6530 dilipebot
1361 6463 1434 6514 tosus
1453 6467 1517 6542 etc.⁴

548 6557 704 6616 Sententiam
725 6557 859 6620 Chrysust.
876 6557 927 6606 hac
952 6553 987 6606 de
1012 6569 1043 6604 re
1069 6553 1130 6606 vide
1160 6555 1223 6604 intra
1245 6569 1271 6604 Π.
1291 6551 1338 6614 39;
1359 6549 1502 6604 cimelium

548 6659 628 6710 supra
647 6659 670 6698 ο,
690 6645 733 6696 13.
751 6657 777 6694 Π.
799 6641 838 6694 30.
860 6641 972 6708 Hieron,
992 6641 1070 6704 Epist.
1092 6641 1152 6694 127.
1172 6641 1245 6710 (alias
1264 6637 1316 6706 16.)
1337 6653 1364 6692 Π.
1382 6637 1413 6690 5:
1430 6635 1502 6704 «Qui

548 6731 683 6800 [loannes]
701 6737 810 6796 propter
830 6731 934 6794 generis
962 6729 1122 6782 nobilitatem
1149 6735 1204 6782 erat
1232 6735 1308 6782 notus
1337 6725 1452 6794 pontifici
1478 6731 1503 6778 et

548 6821 702 6872 ludaeorum
723 6819 828 6872 insidias
848 6833 898 6872 uon
919 6817 1026 6872 timebat
1039 6821 1064 6872 iu
1082 6823 1198 6884 tantum,
1219 6825 1246 6872 ut
1265 6821 1369 6870 Petrum
1389 6815 1503 6868 introdu-

548 6911 619 6958 ceret
634 6907 662 6956 in
680 6909 774 6960 atrium
789 6927 813 6958 s.
831 6909 860 6958 ln
876 6913 938 6970 nota
956 6907 1057 6960 adiecta
1075 6907 1184 6974 dicitnr,
1203 6909 1277 6974 quod
1289 6909 1398 6996 liquans
1415 6909 1503 6970 putat,

1227 581 1419 658 COMMENT.
1443 585 1482 652 IN
1503 583 1669 650 thNNEhl
1692 585 1727 650 C:
1749 585 1851 652 XVlll.

1660 761 1711 826 30.
1736 761 1838 842 (Vers.
1862 761 1935 844 16.)
1956 763 2077 828 Petrus
2093 769 2202 828 autern
2218 761 2328 836 stabat
2343 763 2390 828 ad
2404 761 2526 828 ostium

1568 863 1674 950 soris,
1699 869 1747 934 rel
1772 867 1845 952 quia
1874 887 1937 932 non
1970 869 2103 934 audehat
2126 869 2264 946 intrare,
2287 869 2337 932 rel
2359 867 2433 952 quia
2463 885 2526 932 non

1568 971 1821 1056 permittebatur.
1845 971 1915 1040 ldeo
1943 991 2053 1040 rerum
2087 979 2155 1040 erat
2186 971 2263 1040 illud
2292 971 2378 1056 quod
2406 971 2526 1040 dictum

1568 1083 1616 1144 est
1640 1077 1667 1142 ei
1691 1095 1788 1162 supra
1817 1079 1937 1144 decimo
1962 1079 2100 1146 tersior:
2131 1105 2147 1136 r
2162 1079 2229 1162 Quo
2255 1097 2310 1162 ego
2335 1079 2431 1156 rado,
2463 1097 2525 1142 ΠοΠ

1570 1186 1657 1266 potes
1678 1199 1729 1250 me
1753 1183 1842 1268 sequi
1865 1183 1958 1250 modo
1973 1211 2004 1250 ».
2032 1183 2143 1250 aaron
2163 1203 2241 1270 erpo
2266 1183 2452 1268 discipulus
2473 1183 2526 1250 ille

1569 1285 1677 1364 alius,
1703 1289 1856 1376 quierat
1877 1289 2162 1374 antarpoarttot,
2187 1295 2217 1356 et
2249 1289 2368 1354 ratione
2395 1287 2526 1354 lamilia-

1568 1391 1670 1458 ritatis
1691 1391 1779 1460 clinit
1799 1393 1962 1460 ostiariae
1982 1403 2013 1460 et
2034 1395 2221 1462 introdusit
2245 1397 2393 1460 Petrum.
2420 1397 2459 1461 Et
2480 1395 2525 1460 sic

1569 1499 1768 1564 manifestum
1790 1507 1854 1578 est,
1871 1501 1957 1586 quod
1972 1499 2107 1568 tenuiter
2124 1499 2271 1586 diligebat
2285 1499 2340 1584 qui
2356 1517 2412 1584 per
2429 1499 2524 1566 ahum

1568 1603 1734 1684 introibat3
1760 1605 1791 1670 in
1817 1625 1880 1690 quo
1904 1605 2115 1690 significatur,
2142 1609 2224 1692 quod
2249 1607 2393 1692 discipuli
2414 1623 2450 1672 se
2471 1605 2525 1674 de-

1568 1709 1644 1776 bent
1665 1717 1778 1778 mutuo
1800 1711 1932 1790 iurare;
1957 1709 2025 1778 ideo
2039 1711 2081 1778 ad
2095 1709 2217 1778 Galatas
2232 1711 2343 1778 ultimo
2355 1711 2388 1778 ⁶:
2408 1737 2425 1770 <t
2442 1709 2525 1778 Alter

1568 1817 1699 1882 alterius
1731 1835 1829 1884 onere
1861 1823 2007 1902 portate,
2040 1823 2073 1882 et
2105 1817 2150 1884 sio
2184 1817 2393 1900 adimplebitis
2426 1817 2524 1902 legem

1568 1921 1683 1988 ChllSli
1702 1949 1731 1988 n.

1658 2027 1710 2094 st.
1734 2029 1836 2106 (Vers.
1863 2027 1938 2110 17.)
1966 2027 2055 2094 utun
2079 2029 2186 2096 Petro·
2202 2027 2345 2094 ostiaria
2358 2027 2382 2092 ⁷.
2402 2027 2456 2094 llic
2470 2025 2524 2094 de·
2543 2039 2672 2088 setinum.

1568 2135 1719 2202 scribitur
1745 2123 1937 2214 secundum,
1968 2133 2085 2200 scilicet
2116 2133 2247 2220 hepatia
2268 2151 2309 2198 en
2331 2131 2524 2218 infirmitate
2563 2143 2564 2146 ’

1563 2241 1767 2328 procedens,·
1788 2248 1822 2307 et
1843 2243 1903 2310 hoc
1926 2247 2012 2328 patet
2033 2241 2067 2306 in
2088 2243 2165 2320 hoc,
2191 2233 2274 2326 quod
2288 2239 2400 2306 Petrus
2415 2238 2455 2306 ad
2468 2259 2523 2306 vo-

1568 2367 1635 2416 cem
1657 2349 1786 2416 ancillae
1809 2349 1977 2416 Dominum
2003 2349 2136 2434 negarit.
2156 2345 2370 2414 introducitur
2386 2333 2460 2432 ergo
2475 2345 2523 2412 in-

1568 2453 1695 2540 quisitio
1717 2455 1867 2522 ancillae:
1893 2455 2052 2542 Nunquitl
2075 2463 2102 2522 et
2124 2465 2158 2522 tu
2175 2475 2214 2522 ea
2231 2453 2403 2540 discipulis
2419 2473 2451 2518 cs
2467 2449 2523 2518 ho·

1568 2561 1668 2652 minis
1700 2561 1824 2624 istius?
1853 2561 1920 2626 Non
1950 2561 2023 2628 dicit
2052 2543 2254 2642 seductori,
2283 2561 2336 2628 sed
2361 2559 2521 2640 lerninis,

1569 2665 1656 2750 quasi
1681 2665 1904 2732 commiserans
1928 2667 2088 2750 loquitur;
2123 2669 2176 2734 sed.
2206 2669 2333 2744 Petrina,
2364 2667 2523 2751 pusillani-

1570 2769 1674 2836 mitate
1706 2769 1824 2848 rictus,
1854 2771 2001 2854 negarim
2024 2769 2108 2838 unde
2133 2771 2297 2858 sequitur:
2332 2771 2418 2836 Dicit
2447 2771 2520 2838 ille:

1569 2873 1643 2940 Non
1664 2893 1751 2942 scunt.
1775 2875 2041 2960 Chrysostomus8
2057 2903 2069 2958 :w
2086 2903 2101 2936 <r
2119 2877 2199 2962 Quid
2213 2883 2277 2954 est,
2296 2879 2401 2954 Petre,
2421 2897 2522 2944 nonne

1568 2979 1692 3046 dixisti:
1711 2981 1851 3048 Animam
1877 2999 1977 3048 meam
2002 2999 2060 3066 pro
2082 2987 2113 3048 te
2136 2987 2274 3066 ponam?
2291 3017 2334 3028 -·
2350 2999 2447 3064 supra
2468 2981 2521 3048 de-

1569 3089 1650 3154 cirno
1674 3089 1776 3154 tertio.
1802 3125 1842 3136 -
1868 3087 1949 3172 Quid
1971 3107 2046 3174 ergo
2069 3089 2187 3154 lactum
2210 3095 2273 3166 est,
2306 3087 2388 3172 quod
2420 3105 2522 3172 neque

1568 3195 1712 3260 ostiariae
1734 3195 1797 3260 ters
1820 3195 2093 3280 interrogationem
2110 3203 2147 3260 »t
2294 3263 2298 3274 ,

1611 3365 1612 3368 ,
1656 3301 1708 3368 32.
1733 3301 1833 3386 (Veis.
1862 3303 1936 3384 l8.).
1961 3301 2101 3368 Stabant
2124 3311 2235 3368 autent
2262 3301 2361 3368 serni.
2384 3301 2439 3368 Hic
2468 3301 2520 3368 de

1569 3407 1716 3474 scribitur
1742 3407 1887 3486 tertium,
1912 3407 2028 3474 scilicet
2053 3425 2092 3474 ex
2116 3407 2286 3494 neqatione
2314 3403 2448 3494 affectus
2471 3407 2521 3472 in-

1567 3509 1744 3598 fripitlatio
1757 3537 1773 3590 ,·.
1791 3515 1876 3598 quod
1897 3513 2042 3580 innuitur
2065 3513 2096 3578 in
2121 3515 2197 3594 hoc,
2213 3513 2299 3600 quod
2314 3505 2442 3594 Petrus,
2458 3513 2520 3580 iarn

1570 3617 1691 3684 Domini
1712 3617 1845 3698 obiitne,
1871 3619 1971 3686 stabat
1988 3619 2025 3686 ad
2042 3637 2160 3704 prunas
2178 3639 2249 3686 cunr
2270 3619 2370 3686 serris
2393 3625 2426 3686 et
2447 3637 2520 3686 rur-

1568 3743 1640 3804 sus,
1663 3725 1767 3790 calore
1790 3725 1932 3790 interiori
1955 3725 2124 3810 tepefacta,
2140 3725 2313 3810 quaerebat
2327 3725 2475 3792 solatium
2490 3725 2521 3790 in

1568 3829 1740 3910 exteriori;
1769 3835 1937 3916 propterea
1958 3829 2055 3898 dicit:
2080 3831 2221 3898 Stabant
2243 3839 2352 3896 auum
2375 3829 2464 3896 serni
2494 3839 2521 3896 et
2587 3897 2588 3902 ,

1567 3935 1714 4002 ministri
1737 3929 1782 4000 ait
1802 3955 1953 4022 prunas,
1970 3935 2024 4022 qui
2043 3935 2160 4004 scilieet
2176 3941 2321 4022 ceperant
2336 3935 2519 4014 Dominum

1567 4043 1647 4130 quia
1670 4039 1782 4128 frique
1807 4049 1895 4120 erat,
1921 4051 1950 4110 ct
1971 4041 2208 4130 calefaciebant
2223 4061 2263 4110 se.
2281 4043 2518 4126 Augustinusi:

1571 4149 1668 4214 «Non
1693 4147 1793 4214 lrierns
1816 4155 1899 4226 erat,
1925 4155 1955 4214 et
1979 4155 2080 4216 amen
2104 4149 2202 4234 frigus
2227 4154 2310 4226 erat,
2335 4149 2421 4232 quod
2443 4149 2520 4214 solet

1516 4735 1518 4740 .
1567 4696 1689 4746 loannem
1707 4693 1824 4758 pontiflci
1841 4699 1934 4748 notum
1952 4695 2033 4748 lenisse
2052 4709 2102 4748 uon
2117 4693 2151 4746 ob
2165 4695 2267 4760 generis
2287 4691 2460 4758 nobilitatem,
2475 4697 2521 4748 sed

1567 4781 1602 4832 ob
1616 4789 1697 4834 artem
1710 4783 1889 4850 piscatoriam,
1902 4785 2028 4850 quodque
2042 4783 2083 4836 alii
2099 4785 2145 4836 hoe
2159 4783 2294 4836 deducunt
2311 4795 2342 4834 ex
2361 4783 2418 4836 eius
2429 4785 2520 4848 peritia

1567 4871 1593 4922 iu
1613 4873 1690 4934 Lege.
1707 4869 1759 4924 Glr.
1776 4873 1924 4936 Nicephor.,
1941 4875 1959 4924 l.
1980 4873 2071 4926 ilistor.
2086 4873 2234 4926 ¹ecclesiast.
2251 4883 2273 4922 c.
2295 4873 2343 4922 28]
2360 4871 2437 4924 «Sub
2456 4873 2522 4924 haec

1568 4973 1647 5012 coena
1668 4965 1774 5024 paratur
1793 4961 1818 5012 in
1838 4961 1932 5028 domo,
1952 4967 1985 5012 nt,
1998 4959 2082 5022 airrnt,
2103 4961 2202 5012 loannis
2228 4959 2421 5024 Evangetistae,
2439 4973 2522 5024 quam

1568 5045 1623 5114 ille,
1635 5049 1803 5112 possessione
1820 5063 1893 5100 sua...
1913 5049 1939 5100 in
1958 5047 2069 5102 Galilaea
2082 5047 2184 5114 Annae,
2198 5049 2253 5102 eius
2267 5045 2393 5110 temporis
2412 5047 2522 5100 iudaeae

1567 5135 1685 5198 pontifici
1697 5135 1816 5198 vendita,
1836 5135 1911 5186 cuius
1930 5135 2012 5198 qratia
2032 5135 2109 5186 etiam
2127 5135 2164 5186 illi
2182 5135 2258 5188 notus
2273 5133 2394 5186 exstitit...
2413 5135 2438 5186 in
2458 5135 2521 5186 locis

1568 5223 1668 5286 circum
1688 5223 1750 5276 Sion
1769 5229 1887 5276 montem
1904 5223 1959 5276 sitis
1982 5229 2180 5288 comparaverat
2194 5243 2220 5276 a.
2244 5223 2314 5276 Alias
2339 5223 2522 5286 explicationes

1568 5309 1640 5374 apud
1662 5311 1722 5364 vide
1741 5313 1885 5376 lyranum,
1906 5311 1932 5362 in
1951 5315 2021 5364 ioan.
2045 5313 2090 5376 t8,
2110 5313 2151 5364 15.
2165 5313 2283 5378 Plerique
2294 5303 2450 5364 recentiores
2463 5325 2521 5364 ceu-

1567 5404 1639 5462 sent,
1661 5401 1733 5468 qnod
1751 5415 1805 5452 ΠοΠ
1823 5401 1869 5452 luit
1886 5403 1994 5452 loannes
2012 5415 2060 5454 uec
2089 5401 2155 5452 elius
2173 5401 2325 5466 apostolae,
2346 5399 2391 5452 sed
2411 5405 2466 5452 erat
2483 5413 2521 5452 se·

1567 5489 1685 5542 erendum
1705 5495 1803 5540 textum
1823 5489 1959 5554 Syriacum
1979 5503 2052 5544 unns
2069 5503 2106 5544 aa
2123 5489 2259 5556 dnotpalt's
2280 5487 2350 5540 aliis.

1637 5573 1648 5604 ⁵
1670 5579 1743 5630 Vers.
1756 5579 1799 5630 36.
1811 5605 1848 5618 ·-
1862 5577 1977 5630 Subinde
1996 5585 2056 5642 post
2072 5577 2221 5646 discipulus
2233 5577 2346 5640 Vulgata
2361 5577 2455 5630 omittit
2468 5575 2520 5630 illo.

1636 5661 1743 5720 ⁶Vers.
1765 5669 1844 5718 2.-
1862 5665 2002 5732 Chrysost,
2033 5667 2058 5718 iu
2086 5669 2157 5718 toan.
2182 5665 2273 5716 homil.
2298 5665 2340 5716 83.
2364 5663 2436 5732 (alias
2467 5665 2518 5732 82.)

1565 5769 1593 5806 u.
1610 5757 1638 5806 2]
1657 5755 1733 5822 Quod
1751 5753 1869 5822 [Petrus]
1886 5755 1944 5808 ilino
1964 5769 1992 5806 se
2010 5753 2160 5820 contraierit,
2178 5741 2276 5804 auroris
2295 5753 2341 5806 luit
2351 5773 2358 5816 3
2376 5755 2449 5820 quod
2469 5769 2522 5806 non

1565 5845 1632 5894 ultra
1661 5845 1730 5896 intus
1754 5857 1913 5908 progressus
1935 5841 1982 5908 sit,
2000 5841 2102 5894 timoris
2127 5843 2295 5908 pauorisque.
2315 5843 2375 5894 ldeo
2393 5857 2520 5910 namque

1565 5935 1629 5984 haec
1648 5933 1751 5996 scripsit
1769 5933 1946 5996 Evangetista,
1967 5937 1994 5984 ut
2012 5931 2083 5982 viam
2108 5937 2211 5996 pararet
2230 5931 2264 5984 ad
2283 5933 2457 5984 excusandam
2476 5945 2519 5984 ne·

1565 6021 1707 6084 gationem.

1635 6105 1778 6182 'Vulgata
1796 6107 1872 6164 Dicit
1889 6119 1954 6176 erpo
1973 6109 2052 6162 Petro
2070 6107 2171 6164 ancilla
2188 6109 2310 6164 ostiario.

1635 6193 1647 6224 ⁸
1667 6189 1692 6248 ln
1713 6199 1782 6250 toan.
1796 6195 1883 6248 hontil.
1898 6197 1938 6248 83.
1955 6197 2028 6264 talias
2044 6197 2097 6264 82.)
2110 6213 2134 6248 n.
2150 6201 2174 6250 2.
2186 6197 2319 6262 allegatur
2333 6199 2402 6250 ioan.
2414 6197 2463 6260 13,
2476 6197 2520 6250 37.

1565 6283 1706 6350 chrysost,
1726 6287 1774 6338 loe.
1796 6285 1838 6338 cit.
1857 6283 2007 6350 subiungit:
2030 6287 2091 6340 Vilis
2114 6293 2170 6338 erat
2186 6285 2303 6346 ostiarie,
2323 6299 2409 6350 neque
2425 6299 2519 6350 aspera

1565 6373 1743 6440 irrterrogatio.
1762 6377 1818 6450 Non
1838 6373 1906 6426 enim
1925 6373 2004 6428 dixit:
2024 6375 2209 6440 Deceptorisue
2226 6379 2250 6428 et
2270 6373 2368 6426 scelesti
2395 6373 2462 6426 illius
2482 6373 2520 6424 di·
2609 6399 2610 6402 =

1565 6463 1681 6526 scipulus
1699 6465 1748 6514 est
1768 6449 1814 6514 sed
1833 6461 1947 6516 hominis
1967 6461 2060 6530 huius,
2084 6465 2156 6530 quod
2180 6461 2326 6516 miserantis
2348 6461 2435 6526 potius
2455 6467 2519 6514 erat.

1568 6551 1665 6602 Verum
1683 6549 1746 6602 nihil
1765 6553 1860 6602 horum
1877 6549 1985 6614 pertulit
2001 6551 2102 6602 Petrus

1635 6635 1692 6692 ⁹ln
1712 6641 1779 6692 ioan.
1797 6641 1897 6704 Evang.
1917 6645 1949 6692 tr.
1969 6639 2028 6692 tt3.
2046 6653 2073 6692 Π.
2096 6641 2118 6692 3.
2139 6641 2186 6690 Pro
2206 6641 2231 6692 et
2246 6639 2338 6692 lumen
2361 6641 2445 6688 textus
2468 6635 2520 6688 ori·
2629 6651 2630 6656 ¹

1566 6727 1660 6788 ginalis
1682 6727 1731 6782 sed
1747 6731 1851 6794 tamen,
1869 6727 1888 6782 C
1909 6731 2011 6794 tomen,
2032 6729 2114 6782 maior
2144 6743 2205 6794 pars
2231 6725 2308 6778 codd.
2329 6729 2365 6788 et,
2387 6727 2519 6776 Gerranus

1565 6813 1624 6878 sed,
1645 6815 1689 6882 qui
1709 6815 1787 6868 etiam
1805 6815 1918 6870 suhin'de
1935 6829 1997 6868 cum
2017 6829 2070 6868 ΠοΠ
2095 6815 2184 6882 paucis
2207 6815 2285 6870 codd.
2302 6813 2435 6868 substituit
2455 6811 2518 6880 qnia

1565 6915 1614 6966 pro
1633 6901 1713 6970 quod.
1725 6931 1760 6942 -
1774 6905 1881 6958 interius
1900 6911 1960 6970 post
1971 6905 2041 6958 Erat
2056 6909 2148 6958 auant
2160 6905 2272 6968 Vulgata
2284 6901 2356 6956 addit
2368 6913 2430 6954 cna
2444 6897 2518 6968 apsis.
