<?xml version="1.0" encoding="UTF-8"?>
<!DOCTYPE html PUBLIC "-//W3C//DTD XHTML 1.0 Transitional//EN"
    "http://www.w3.org/TR/xhtml1/DTD/xhtml1-transitional.dtd">
<html xmlns="http://www.w3.org/1999/xhtml" xml:lang="en" lang="en">
 <head>
  <title>
</title>
<meta http-equiv="Content-Type" content="text/html;charset=utf-8" />
  <meta name='ocr-system' content='tesseract 3.04.00' />
  <meta name='ocr-capabilities' content='ocr_page ocr_carea ocr_par ocr_line ocrx_word'/>
</head>
<body>
  <div class='ocr_page' id='page_1' title='image "./doctorisseraphi00bonagoog/doctorisseraphi00bonagoog_0083.png"; bbox 0 0 5900 8266; ppageno 0'>
   <div class='ocr_carea' id='block_1_1' title="bbox 527 613 1492 1492">
    <p class='ocr_par' dir='ltr' id='par_1_1' title="bbox 527 613 1492 1492">
     <span class='ocr_line' id='line_1_1' title="bbox 533 613 577 684; baseline 0.045 -2"><span class='ocrx_word' id='word_1_1' title='bbox 533 613 577 684; x_wconf 82' lang='lat' dir='ltr'>on</span> 
     </span>
     <span class='ocr_line' id='line_1_2' title="bbox 531 787 1492 882; baseline 0 -20"><span class='ocrx_word' id='word_1_2' title='bbox 531 817 594 862; x_wconf 82' lang='lat' dir='ltr'>ruo</span> <span class='ocrx_word' id='word_1_3' title='bbox 607 787 789 880; x_wconf 61' lang='lat' dir='ltr'>&#39;oliforutit&#39;j</span> <span class='ocrx_word' id='word_1_4' title='bbox 809 787 882 882; x_wconf 75' lang='lat' dir='ltr'>spart]</span> <span class='ocrx_word' id='word_1_5' title='bbox 900 787 1040 878; x_wconf 62' lang='lat' dir='ltr'>ficerunt</span> <span class='ocrx_word' id='word_1_6' title='bbox 1066 787 1148 860; x_wconf 76' lang='lat' dir='ltr'>:ante</span> <span class='ocrx_word' id='word_1_7' title='bbox 1161 823 1162 826; x_wconf 39' lang='lat'>¹</span> <span class='ocrx_word' id='word_1_8' title='bbox 1177 805 1269 872; x_wconf 79' lang='lat' dir='ltr'>earn,</span> <span class='ocrx_word' id='word_1_9' title='bbox 1282 815 1283 818; x_wconf 45' lang='lat'>¹</span> <span class='ocrx_word' id='word_1_10' title='bbox 1295 787 1337 860; x_wconf 84' lang='lat' dir='ltr'>id</span> <span class='ocrx_word' id='word_1_11' title='bbox 1358 799 1403 862; x_wconf 89' lang='lat' dir='ltr'>est</span> <span class='ocrx_word' id='word_1_12' title='bbox 1437 793 1492 862; x_wconf 82' lang='lat' dir='ltr'>aa·</span> 
     </span>
     <span class='ocr_line' id='line_1_3' title="bbox 530 895 1491 988; baseline -0.004 -18"><span class='ocrx_word' id='word_1_13' title='bbox 530 901 668 970; x_wconf 75' lang='lat' dir='ltr'>ventum·</span> <span class='ocrx_word' id='word_1_14' title='bbox 686 895 894 978; x_wconf 54' lang='lat' dir='ltr'>‘curialiter‘</span> <span class='ocrx_word' id='word_1_15' title='bbox 913 897 1037 976; x_wconf 83' lang='lat' dir='ltr'>fideles,</span> <span class='ocrx_word' id='word_1_16' title='bbox 1052 895 1128 988; x_wconf 79' lang='lat' dir='ltr'>pai</span> <span class='ocrx_word' id='word_1_17' title='bbox 1149 895 1224 984; x_wconf 77' lang='lat' dir='ltr'>poci</span> <span class='ocrx_word' id='word_1_18' title='bbox 1253 895 1369 984; x_wconf 75' lang='lat' dir='ltr'>futuri</span> <span class='ocrx_word' id='word_1_19' title='bbox 1394 907 1491 982; x_wconf 85' lang='lat' dir='ltr'>sunt,</span> 
     </span>
     <span class='ocr_line' id='line_1_4' title="bbox 530 997 1491 1090; baseline 0.002 -14"><span class='ocrx_word' id='word_1_20' title='bbox 530 999 832 1078; x_wconf 79' lang='lat' dir='ltr'>non&#39;laetaluntnr</span> <span class='ocrx_word' id='word_1_21' title='bbox 854 1005 890 1070; x_wconf 89' lang='lat' dir='ltr'>in</span> <span class='ocrx_word' id='word_1_22' title='bbox 911 997 969 1084; x_wconf 77' lang='lat' dir='ltr'>eo,</span> <span class='ocrx_word' id='word_1_23' title='bbox 982 1003 1019 1072; x_wconf 83' lang='lat' dir='ltr'>id</span> <span class='ocrx_word' id='word_1_24' title='bbox 1036 1010 1089 1072; x_wconf 89' lang='lat' dir='ltr'>est</span> <span class='ocrx_word' id='word_1_25' title='bbox 1115 1005 1154 1070; x_wconf 70' lang='lat' dir='ltr'>tn&#39;</span> <span class='ocrx_word' id='word_1_26' title='bbox 1169 1003 1244 1090; x_wconf 83' lang='lat' dir='ltr'>rege</span> <span class='ocrx_word' id='word_1_27' title='bbox 1258 997 1368 1088; x_wconf 89' lang='lat' dir='ltr'>stulto,¹</span> <span class='ocrx_word' id='word_1_28' title='bbox 1388 1007 1420 1074; x_wconf 83' lang='lat' dir='ltr'>irl</span> <span class='ocrx_word' id='word_1_29' title='bbox 1440 1015 1491 1078; x_wconf 90' lang='lat' dir='ltr'>est</span> 
     </span>
     <span class='ocr_line' id='line_1_5' title="bbox 530 1103 1491 1196; baseline 0.004 -16"><span class='ocrx_word' id='word_1_30' title='bbox 530 1107 670 1190; x_wconf 80' lang='lat' dir='ltr'>diabolo,</span> <span class='ocrx_word' id='word_1_31' title='bbox 689 1107 769 1196; x_wconf 62' lang='lat' dir='ltr'>&lt;qaia</span> <span class='ocrx_word' id='word_1_32' title='bbox 791 1103 983 1176; x_wconf 80' lang='lat' dir='ltr'>noo··loeutt.</span> <span class='ocrx_word' id='word_1_33' title='bbox 1004 1117 1077 1178; x_wconf 85' lang='lat' dir='ltr'>sunt</span> <span class='ocrx_word' id='word_1_34' title='bbox 1100 1109 1170 1176; x_wconf 89' lang='lat' dir='ltr'>nisi</span> <span class='ocrx_word' id='word_1_35' title='bbox 1187 1111 1219 1176; x_wconf 93' lang='lat' dir='ltr'>in</span> <span class='ocrx_word' id='word_1_36' title='bbox 1243 1111 1380 1194; x_wconf 82' lang='lat' dir='ltr'>Christ03</span> <span class='ocrx_word' id='word_1_37' title='bbox 1405 1115 1491 1186; x_wconf 90' lang='lat' dir='ltr'>unde</span> 
     </span>
     <span class='ocr_line' id='line_1_6' title="bbox 527 1211 1490 1302; baseline 0.008 -20"><span class='ocrx_word' id='word_1_38' title='bbox 527 1215 696 1302; x_wconf 71' lang='lat' dir='ltr'><strong>Apostolus</strong></span> <span class='ocrx_word' id='word_1_39' title='bbox 717 1215 993 1300; x_wconf 80' lang='lat' dir='ltr'>aorhtlippenses</span> <span class='ocrx_word' id='word_1_40' title='bbox 1014 1211 1141 1284; x_wconf 86' lang='lat' dir='ltr'>ultiato:</span> <span class='ocrx_word' id='word_1_41' title='bbox 1174 1217 1341 1288; x_wconf 74' lang='lat' dir='ltr'>«Gaudete</span> <span class='ocrx_word' id='word_1_42' title='bbox 1373 1221 1404 1288; x_wconf 92' lang='lat' dir='ltr'>iu</span> <span class='ocrx_word' id='word_1_43' title='bbox 1429 1223 1490 1290; x_wconf 82' lang='lat' dir='ltr'>Do</span> 
     </span>
     <span class='ocr_line' id='line_1_7' title="bbox 529 1317 1488 1408; baseline 0.008 -20"><span class='ocrx_word' id='word_1_44' title='bbox 529 1319 616 1388; x_wconf 88' lang='lat' dir='ltr'>mino</span> <span class='ocrx_word' id='word_1_45' title='bbox 646 1317 769 1406; x_wconf 84' lang='lat' dir='ltr'>semper</span> <span class='ocrx_word' id='word_1_46' title='bbox 785 1317 817 1386; x_wconf 67' lang='lat' dir='ltr'>us</span> <span class='ocrx_word' id='word_1_47' title='bbox 833 1323 882 1388; x_wconf 90' lang='lat' dir='ltr'>ln</span> <span class='ocrx_word' id='word_1_48' title='bbox 906 1321 1044 1388; x_wconf 88' lang='lat' dir='ltr'>Domino</span> <span class='ocrx_word' id='word_1_49' title='bbox 1067 1327 1120 1390; x_wconf 89' lang='lat' dir='ltr'>est</span> <span class='ocrx_word' id='word_1_50' title='bbox 1145 1323 1338 1408; x_wconf 84' lang='lat' dir='ltr'>laetaniam,</span> <span class='ocrx_word' id='word_1_51' title='bbox 1370 1347 1433 1394; x_wconf 93' lang='lat' dir='ltr'>non</span> <span class='ocrx_word' id='word_1_52' title='bbox 1454 1329 1488 1396; x_wconf 92' lang='lat' dir='ltr'>in</span> 
     </span>
     <span class='ocr_line' id='line_1_8' title="bbox 528 1423 1416 1492; baseline 0.002 0"><span class='ocrx_word' id='word_1_53' title='bbox 528 1423 738 1492; x_wconf 56' lang='lat' dir='ltr'>Diabolus&amp;</span> <span class='ocrx_word' id='word_1_54' title='bbox 872 1431 873 1436; x_wconf 77' lang='grc'>’</span> <span class='ocrx_word' id='word_1_55' title='bbox 1052 1473 1053 1476; x_wconf 63' lang='lat'>,</span> <span class='ocrx_word' id='word_1_56' title='bbox 1199 1447 1203 1454; x_wconf 92' lang='grc'><strong><em>·</em></strong></span> <span class='ocrx_word' id='word_1_57' title='bbox 1415 1465 1416 1468; x_wconf 61' lang='lat'><em>=</em></span> 
     </span>
    </p>
   </div>
   <div class='ocr_carea' id='block_1_2' title="bbox 386 1633 1490 1946">
    <p class='ocr_par' dir='ltr' id='par_1_2' title="bbox 386 1633 1490 1946">
     <span class='ocr_line' id='line_1_9' title="bbox 386 1633 1490 1732; baseline 0.01 -29"><span class='ocrx_word' id='word_1_58' title='bbox 386 1663 408 1710; x_wconf 68' lang='lat'>¹,</span> <span class='ocrx_word' id='word_1_59' title='bbox 430 1713 432 1716; x_wconf 45' lang='grc'><strong>,</strong></span> <span class='ocrx_word' id='word_1_60' title='bbox 530 1633 834 1708; x_wconf 74' lang='lat' dir='ltr'>Partiscecumioe</span> <span class='ocrx_word' id='word_1_61' title='bbox 847 1635 1042 1710; x_wconf 62' lang='lat' dir='ltr'>&#39;membrum</span> <span class='ocrx_word' id='word_1_62' title='bbox 1066 1645 1109 1712; x_wconf 92' lang='grc' dir='ltr'>ΙΙ.</span> <span class='ocrx_word' id='word_1_63' title='bbox 1126 1647 1181 1714; x_wconf 44' lang='lat' dir='ltr'>‘De</span> <span class='ocrx_word' id='word_1_64' title='bbox 1202 1647 1347 1714; x_wconf 87' lang='lat' dir='ltr'>retnedio</span> <span class='ocrx_word' id='word_1_65' title='bbox 1364 1647 1490 1732; x_wconf 85' lang='lat' dir='ltr'>triplici</span> 
     </span>
     <span class='ocr_line' id='line_1_10' title="bbox 601 1745 1487 1840; baseline 0.005 -28"><span class='ocrx_word' id='word_1_66' title='bbox 601 1761 602 1766; x_wconf 73' lang='grc'>’</span> <span class='ocrx_word' id='word_1_67' title='bbox 619 1749 737 1812; x_wconf 84' lang='lat' dir='ltr'>contro</span> <span class='ocrx_word' id='word_1_68' title='bbox 752 1745 914 1834; x_wconf 84' lang='lat' dir='ltr'>triplicem</span> <span class='ocrx_word' id='word_1_69' title='bbox 929 1745 1107 1818; x_wconf 88' lang='lat' dir='ltr'>uanitatem</span> <span class='ocrx_word' id='word_1_70' title='bbox 1130 1753 1264 1840; x_wconf 75' lang='lat' dir='ltr'>culpem,</span> <span class='ocrx_word' id='word_1_71' title='bbox 1282 1753 1317 1818; x_wconf 89' lang='lat' dir='ltr'>id</span> <span class='ocrx_word' id='word_1_72' title='bbox 1332 1759 1394 1830; x_wconf 82' lang='lat' dir='ltr'>ert,</span> <span class='ocrx_word' id='word_1_73' title='bbox 1412 1771 1487 1818; x_wconf 92' lang='lat' dir='ltr'>eon-</span> 
     </span>
     <span class='ocr_line' id='line_1_11' title="bbox 563 1845 1458 1946; baseline 0.009 -28"><span class='ocrx_word' id='word_1_74' title='bbox 563 1881 565 1884; x_wconf 96' lang='lat'>·</span> <span class='ocrx_word' id='word_1_75' title='bbox 599 1861 672 1918; x_wconf 85' lang='lat' dir='ltr'>tra</span> <span class='ocrx_word' id='word_1_76' title='bbox 695 1845 841 1934; x_wconf 80' lang='lat' dir='ltr'>annium,</span> <span class='ocrx_word' id='word_1_77' title='bbox 866 1857 952 1944; x_wconf 77' lang='lat' dir='ltr'>quod</span> <span class='ocrx_word' id='word_1_78' title='bbox 976 1851 1185 1946; x_wconf 83' lang='lat' dir='ltr'>concep-nitur</span> <span class='ocrx_word' id='word_1_79' title='bbox 1207 1857 1383 1928; x_wconf 86' lang='lat' dir='ltr'>mal&#39;tiam.</span> <span class='ocrx_word' id='word_1_80' title='bbox 1457 1907 1458 1910; x_wconf 63' lang='lat'>,</span> 
     </span>
    </p>
   </div>
   <div class='ocr_carea' id='block_1_3' title="bbox 372 2065 1533 3424">
    <p class='ocr_par' dir='ltr' id='par_1_3' title="bbox 372 2065 1533 3424">
     <span class='ocr_line' id='line_1_12' title="bbox 620 2065 1485 2154; baseline -0.005 -20"><span class='ocrx_word' id='word_1_81' title='bbox 620 2065 754 2134; x_wconf 83' lang='lat' dir='ltr'>Cttstodi</span> <span class='ocrx_word' id='word_1_82' title='bbox 771 2069 885 2154; x_wconf 80' lang='lat' dir='ltr'>penem</span> <span class='ocrx_word' id='word_1_83' title='bbox 911 2065 1021 2136; x_wconf 78' lang='lat' dir='ltr'>totana</span> <span class='ocrx_word' id='word_1_84' title='bbox 1040 2071 1149 2136; x_wconf 82' lang='lat' dir='ltr'>letam</span> <span class='ocrx_word' id='word_1_85' title='bbox 1173 2075 1220 2134; x_wconf 91' lang='lat' dir='ltr'>est</span> <span class='ocrx_word' id='word_1_86' title='bbox 1241 2083 1340 2152; x_wconf 87' lang='lat' dir='ltr'>supra</span> <span class='ocrx_word' id='word_1_87' title='bbox 1365 2065 1404 2132; x_wconf 89' lang='lat' dir='ltr'>de</span> <span class='ocrx_word' id='word_1_88' title='bbox 1427 2083 1485 2130; x_wconf 90' lang='lat' dir='ltr'>oa-</span> 
     </span>
     <span class='ocr_line' id='line_1_13' title="bbox 418 2171 1486 2266; baseline -0.004 -26"><span class='ocrx_word' id='word_1_89' title='bbox 418 2183 508 2230; x_wconf 73' lang='lat' dir='ltr'>Divisio·</span> <span class='ocrx_word' id='word_1_90' title='bbox 528 2173 630 2242; x_wconf 89' lang='lat' dir='ltr'>nitate</span> <span class='ocrx_word' id='word_1_91' title='bbox 653 2175 771 2266; x_wconf 89' lang='lat' dir='ltr'>culpae.</span> <span class='ocrx_word' id='word_1_92' title='bbox 806 2175 958 2260; x_wconf 80' lang='lat' dir='ltr'>Quoniam</span> <span class='ocrx_word' id='word_1_93' title='bbox 983 2177 1048 2242; x_wconf 87' lang='lat' dir='ltr'>illa</span> <span class='ocrx_word' id='word_1_94' title='bbox 1065 2173 1186 2242; x_wconf 80' lang='lat' dir='ltr'>vanitas</span> <span class='ocrx_word' id='word_1_95' title='bbox 1209 2179 1256 2240; x_wconf 85' lang='lat' dir='ltr'>est</span> <span class='ocrx_word' id='word_1_96' title='bbox 1289 2171 1430 2238; x_wconf 89' lang='lat' dir='ltr'>mortalis</span> <span class='ocrx_word' id='word_1_97' title='bbox 1453 2175 1486 2236; x_wconf 92' lang='lat' dir='ltr'>et</span> 
     </span>
     <span class='ocr_line' id='line_1_14' title="bbox 527 2271 1485 2366; baseline -0.006 -20"><span class='ocrx_word' id='word_1_98' title='bbox 527 2271 785 2364; x_wconf 57' lang='lat' dir='ltr'>pestileraaideo</span> <span class='ocrx_word' id='word_1_99' title='bbox 814 2281 920 2366; x_wconf 81' lang='lat' dir='ltr'>agitur</span> <span class='ocrx_word' id='word_1_100' title='bbox 949 2281 1000 2348; x_wconf 88' lang='lat' dir='ltr'>bic</span> <span class='ocrx_word' id='word_1_101' title='bbox 1025 2281 1068 2344; x_wconf 71' lang='lat' dir='ltr'>&#39;De</span> <span class='ocrx_word' id='word_1_102' title='bbox 1093 2277 1236 2344; x_wconf 86' lang='lat' dir='ltr'>remedio</span> <span class='ocrx_word' id='word_1_103' title='bbox 1258 2281 1368 2342; x_wconf 87' lang='lat' dir='ltr'>contra</span> <span class='ocrx_word' id='word_1_104' title='bbox 1400 2275 1485 2340; x_wconf 89' lang='lat' dir='ltr'>illam</span> 
     </span>
     <span class='ocr_line' id='line_1_15' title="bbox 527 2381 1522 2472; baseline -0.004 -20"><span class='ocrx_word' id='word_1_105' title='bbox 527 2387 703 2454; x_wconf 79' lang='lat' dir='ltr'>vanitatem.</span> <span class='ocrx_word' id='word_1_106' title='bbox 733 2389 771 2452; x_wconf 86' lang='lat' dir='ltr'>Et</span> <span class='ocrx_word' id='word_1_107' title='bbox 790 2389 864 2472; x_wconf 84' lang='lat' dir='ltr'>qnia</span> <span class='ocrx_word' id='word_1_108' title='bbox 881 2387 998 2472; x_wconf 79' lang='lat' dir='ltr'>triplex</span> <span class='ocrx_word' id='word_1_109' title='bbox 1022 2383 1191 2470; x_wconf 75' lang='lat' dir='ltr'>praecessit</span> <span class='ocrx_word' id='word_1_110' title='bbox 1206 2381 1347 2458; x_wconf 66' lang='lat' dir='ltr'>canitae,</span> <span class='ocrx_word' id='word_1_111' title='bbox 1367 2381 1485 2448; x_wconf 91' lang='lat' dir='ltr'>scilicet</span> <span class='ocrx_word' id='word_1_112' title='bbox 1520 2427 1522 2430; x_wconf 92' lang='lat'>-</span> 
     </span>
     <span class='ocr_line' id='line_1_16' title="bbox 526 2485 1484 2576; baseline -0.005 -16"><span class='ocrx_word' id='word_1_113' title='bbox 526 2491 677 2572; x_wconf 80' lang='lat' dir='ltr'>malitiae,</span> <span class='ocrx_word' id='word_1_114' title='bbox 698 2493 864 2572; x_wconf 86' lang='lat' dir='ltr'>avaritiae,</span> <span class='ocrx_word' id='word_1_115' title='bbox 885 2489 1128 2576; x_wconf 69' lang='lat' dir='ltr'>imprudentiae</span> <span class='ocrx_word' id='word_1_116' title='bbox 1154 2487 1224 2554; x_wconf 89' lang='lat' dir='ltr'>ideo</span> <span class='ocrx_word' id='word_1_117' title='bbox 1238 2487 1290 2554; x_wconf 89' lang='lat' dir='ltr'>bic</span> <span class='ocrx_word' id='word_1_118' title='bbox 1311 2485 1401 2572; x_wconf 89' lang='lat' dir='ltr'>ponit</span> <span class='ocrx_word' id='word_1_119' title='bbox 1423 2487 1484 2554; x_wconf 89' lang='lat' dir='ltr'>tria</span> 
     </span>
     <span class='ocr_line' id='line_1_17' title="bbox 528 2593 1482 2682; baseline -0.004 -20"><span class='ocrx_word' id='word_1_120' title='bbox 528 2593 675 2664; x_wconf 88' lang='lat' dir='ltr'>remedia.</span> <span class='ocrx_word' id='word_1_121' title='bbox 698 2597 736 2664; x_wconf 89' lang='lat' dir='ltr'>Et</span> <span class='ocrx_word' id='word_1_122' title='bbox 757 2599 861 2682; x_wconf 92' lang='lat' dir='ltr'>primo</span> <span class='ocrx_word' id='word_1_123' title='bbox 882 2597 936 2662; x_wconf 90' lang='lat' dir='ltr'>dat</span> <span class='ocrx_word' id='word_1_124' title='bbox 964 2593 1136 2662; x_wconf 89' lang='lat' dir='ltr'>remedium</span> <span class='ocrx_word' id='word_1_125' title='bbox 1153 2599 1270 2660; x_wconf 83' lang='lat' dir='ltr'>contra</span> <span class='ocrx_word' id='word_1_126' title='bbox 1296 2593 1482 2670; x_wconf 87' lang='lat' dir='ltr'>mol&#39;tiom;</span> 
     </span>
     <span class='ocr_line' id='line_1_18' title="bbox 524 2685 1482 2786; baseline -0.006 -16"><span class='ocrx_word' id='word_1_127' title='bbox 524 2703 663 2770; x_wconf 90' lang='lat' dir='ltr'>secundo</span> <span class='ocrx_word' id='word_1_128' title='bbox 685 2709 795 2770; x_wconf 87' lang='lat' dir='ltr'>contra</span> <span class='ocrx_word' id='word_1_129' title='bbox 810 2701 1009 2780; x_wconf 84' lang='lat' dir='ltr'>auaritiam,</span> <span class='ocrx_word' id='word_1_130' title='bbox 1036 2699 1076 2766; x_wconf 90' lang='lat' dir='ltr'>lbi</span> <span class='ocrx_word' id='word_1_131' title='bbox 1092 2701 1117 2764; x_wconf 92' lang='lat'>¹:</span> <span class='ocrx_word' id='word_1_132' title='bbox 1133 2685 1274 2764; x_wconf 69' lang='lat' dir='ltr'>Acarna</span> <span class='ocrx_word' id='word_1_133' title='bbox 1288 2719 1356 2764; x_wconf 91' lang='lat' dir='ltr'>noa</span> <span class='ocrx_word' id='word_1_134' title='bbox 1370 2699 1482 2786; x_wconf 80' lang='lat' dir='ltr'>imple-</span> 
     </span>
     <span class='ocr_line' id='line_1_19' title="bbox 524 2803 1482 2892; baseline -0.004 -16"><span class='ocrx_word' id='word_1_135' title='bbox 524 2809 615 2878; x_wconf 87' lang='lat' dir='ltr'>bitur</span> <span class='ocrx_word' id='word_1_136' title='bbox 622 2835 633 2890; x_wconf 89' lang='lat'><em>;</em></span> <span class='ocrx_word' id='word_1_137' title='bbox 659 2811 751 2878; x_wconf 88' lang='lat' dir='ltr'>tertio</span> <span class='ocrx_word' id='word_1_138' title='bbox 774 2815 882 2876; x_wconf 88' lang='lat' dir='ltr'>contra</span> <span class='ocrx_word' id='word_1_139' title='bbox 898 2807 1176 2892; x_wconf 75' lang='lat' dir='ltr'>imprudentiam,</span> <span class='ocrx_word' id='word_1_140' title='bbox 1201 2805 1257 2872; x_wconf 92' lang='lat' dir='ltr'>ibi:</span> <span class='ocrx_word' id='word_1_141' title='bbox 1278 2807 1366 2890; x_wconf 84' lang='lat' dir='ltr'>Quid</span> <span class='ocrx_word' id='word_1_142' title='bbox 1388 2803 1482 2872; x_wconf 86' lang='lat' dir='ltr'>babet</span> 
     </span>
     <span class='ocr_line' id='line_1_20' title="bbox 523 2911 1533 3002; baseline -0.001 -20"><span class='ocrx_word' id='word_1_143' title='bbox 523 2913 670 3002; x_wconf 80' lang='lat' dir='ltr'>otttpliuc</span> <span class='ocrx_word' id='word_1_144' title='bbox 684 2923 742 2984; x_wconf 91' lang='lat' dir='ltr'>etc.</span> <span class='ocrx_word' id='word_1_145' title='bbox 767 2915 825 2980; x_wconf 86' lang='lat' dir='ltr'>Sed</span> <span class='ocrx_word' id='word_1_146' title='bbox 842 2911 988 3000; x_wconf 89' lang='lat' dir='ltr'>quoniam</span> <span class='ocrx_word' id='word_1_147' title='bbox 1002 2911 1139 2980; x_wconf 83' lang='lat' dir='ltr'>malitiae</span> <span class='ocrx_word' id='word_1_148' title='bbox 1163 2913 1294 2980; x_wconf 83' lang='lat' dir='ltr'>morbus</span> <span class='ocrx_word' id='word_1_149' title='bbox 1319 2913 1359 2980; x_wconf 91' lang='lat' dir='ltr'>dc</span> <span class='ocrx_word' id='word_1_150' title='bbox 1382 2931 1416 2980; x_wconf 89' lang='lat' dir='ltr'>se</span> <span class='ocrx_word' id='word_1_151' title='bbox 1433 2921 1481 2982; x_wconf 92' lang='lat' dir='ltr'>est</span> <span class='ocrx_word' id='word_1_152' title='bbox 1530 2929 1533 2938; x_wconf 81' lang='grc'><strong>“</strong></span> 
     </span>
     <span class='ocr_line' id='line_1_21' title="bbox 523 3019 1479 3106; baseline -0.002 -18"><span class='ocrx_word' id='word_1_153' title='bbox 523 3021 760 3090; x_wconf 88' lang='lat' dir='ltr'>irremediabilis</span> <span class='ocrx_word' id='word_1_154' title='bbox 796 3025 825 3088; x_wconf 93' lang='lat' dir='ltr'>et</span> <span class='ocrx_word' id='word_1_155' title='bbox 850 3019 984 3086; x_wconf 87' lang='lat' dir='ltr'>ulterius</span> <span class='ocrx_word' id='word_1_156' title='bbox 1016 3019 1095 3086; x_wconf 88' lang='lat' dir='ltr'>alios</span> <span class='ocrx_word' id='word_1_157' title='bbox 1127 3037 1335 3106; x_wconf 88' lang='lat' dir='ltr'>corrumpere</span> <span class='ocrx_word' id='word_1_158' title='bbox 1361 3025 1479 3104; x_wconf 89' lang='lat' dir='ltr'>potest;</span> 
     </span>
     <span class='ocr_line' id='line_1_22' title="bbox 372 3121 1480 3214; baseline -0.005 -17"><span class='ocrx_word' id='word_1_159' title='bbox 372 3139 502 3186; x_wconf 72' lang='lat' dir='ltr'>Notandum·</span> <span class='ocrx_word' id='word_1_160' title='bbox 523 3129 593 3196; x_wconf 91' lang='lat' dir='ltr'>ideo</span> <span class='ocrx_word' id='word_1_161' title='bbox 608 3127 737 3214; x_wconf 90' lang='lat' dir='ltr'>ponitur</span> <span class='ocrx_word' id='word_1_162' title='bbox 759 3127 810 3192; x_wconf 88' lang='lat' dir='ltr'>hic</span> <span class='ocrx_word' id='word_1_163' title='bbox 827 3121 1000 3194; x_wconf 90' lang='lat' dir='ltr'>remedium</span> <span class='ocrx_word' id='word_1_164' title='bbox 1026 3143 1087 3190; x_wconf 92' lang='lat' dir='ltr'>non</span> <span class='ocrx_word' id='word_1_165' title='bbox 1106 3131 1215 3192; x_wconf 90' lang='lat' dir='ltr'>contra</span> <span class='ocrx_word' id='word_1_166' title='bbox 1229 3125 1410 3206; x_wconf 74' lang='lat' dir='ltr'>paetitiam,</span> <span class='ocrx_word' id='word_1_167' title='bbox 1426 3127 1480 3192; x_wconf 89' lang='lat' dir='ltr'>sed</span> 
     </span>
     <span class='ocr_line' id='line_1_23' title="bbox 522 3231 1480 3318; baseline -0.004 -16"><span class='ocrx_word' id='word_1_168' title='bbox 522 3241 630 3302; x_wconf 88' lang='lat' dir='ltr'>contra</span> <span class='ocrx_word' id='word_1_169' title='bbox 647 3233 892 3318; x_wconf 84' lang='lat' dir='ltr'>eotn·uptionent</span> <span class='ocrx_word' id='word_1_170' title='bbox 909 3231 1056 3300; x_wconf 82' lang='lat' dir='ltr'>malitiae</span> <span class='ocrx_word' id='word_1_171' title='bbox 1070 3233 1137 3298; x_wconf 87' lang='lat' dir='ltr'>sive</span> <span class='ocrx_word' id='word_1_172' title='bbox 1154 3235 1290 3312; x_wconf 89' lang='lat' dir='ltr'>malum,</span> <span class='ocrx_word' id='word_1_173' title='bbox 1304 3233 1391 3318; x_wconf 85' lang='lat' dir='ltr'>qnod</span> <span class='ocrx_word' id='word_1_174' title='bbox 1407 3251 1480 3298; x_wconf 92' lang='lat' dir='ltr'>cou-</span> 
     </span>
     <span class='ocr_line' id='line_1_24' title="bbox 521 3337 1330 3424; baseline -0.002 -18"><span class='ocrx_word' id='word_1_175' title='bbox 521 3341 666 3424; x_wconf 85' lang='lat' dir='ltr'>sequitnr</span> <span class='ocrx_word' id='word_1_176' title='bbox 686 3339 720 3406; x_wconf 94' lang='lat' dir='ltr'>in</span> <span class='ocrx_word' id='word_1_177' title='bbox 743 3339 811 3406; x_wconf 89' lang='lat' dir='ltr'>aliis</span> <span class='ocrx_word' id='word_1_178' title='bbox 835 3357 875 3406; x_wconf 82' lang='lat' dir='ltr'>en</span> <span class='ocrx_word' id='word_1_179' title='bbox 900 3343 1028 3424; x_wconf 89' lang='lat' dir='ltr'>aspectu</span> <span class='ocrx_word' id='word_1_180' title='bbox 1049 3337 1185 3406; x_wconf 87' lang='lat' dir='ltr'>malitiae</span> <span class='ocrx_word' id='word_1_181' title='bbox 1202 3337 1330 3406; x_wconf 88' lang='lat' dir='ltr'>alienae.</span> 
     </span>
    </p>
   </div>
   <div class='ocr_carea' id='block_1_4' title="bbox 551 3551 1448 3748">
    <p class='ocr_par' dir='ltr' id='par_1_4' title="bbox 551 3551 1448 3748">
     <span class='ocr_line' id='line_1_25' title="bbox 551 3551 1448 3634; baseline 0.002 -16"><span class='ocrx_word' id='word_1_182' title='bbox 551 3553 621 3620; x_wconf 76' lang='lat' dir='ltr'>iar.</span> <span class='ocrx_word' id='word_1_183' title='bbox 650 3555 676 3618; x_wconf 92' lang='lat' dir='ltr'>l.</span> <span class='ocrx_word' id='word_1_184' title='bbox 701 3553 748 3618; x_wconf 89' lang='lat' dir='ltr'>Do</span> <span class='ocrx_word' id='word_1_185' title='bbox 772 3551 913 3618; x_wconf 82' lang='lat' dir='ltr'>retnedio</span> <span class='ocrx_word' id='word_1_186' title='bbox 935 3559 1056 3618; x_wconf 87' lang='lat' dir='ltr'>contra</span> <span class='ocrx_word' id='word_1_187' title='bbox 1076 3551 1257 3618; x_wconf 75' lang='lat' dir='ltr'>caetitatem</span> <span class='ocrx_word' id='word_1_188' title='bbox 1281 3551 1448 3634; x_wconf 86' lang='lat' dir='ltr'>malitiae,</span> 
     </span>
     <span class='ocr_line' id='line_1_26' title="bbox 674 3651 1320 3748; baseline 0 -24"><span class='ocrx_word' id='word_1_189' title='bbox 674 3679 715 3724; x_wconf 84' lang='lat' dir='ltr'>ac</span> <span class='ocrx_word' id='word_1_190' title='bbox 737 3677 804 3748; x_wconf 79' lang='lat' dir='ltr'>quo</span> <span class='ocrx_word' id='word_1_191' title='bbox 828 3651 938 3724; x_wconf 87' lang='lat' dir='ltr'>oritur</span> <span class='ocrx_word' id='word_1_192' title='bbox 964 3657 1081 3744; x_wconf 80' lang='lat' dir='ltr'>impleor</span> <span class='ocrx_word' id='word_1_193' title='bbox 1105 3657 1320 3724; x_wconf 85' lang='lat' dir='ltr'>inordinatio.</span> 
     </span>
    </p>
   </div>
   <div class='ocr_carea' id='block_1_5' title="bbox 368 3869 1511 5236">
    <p class='ocr_par' dir='ltr' id='par_1_5' title="bbox 368 3869 1478 4916">
     <span class='ocr_line' id='line_1_27' title="bbox 608 3869 1478 3954; baseline 0 -14"><span class='ocrx_word' id='word_1_194' title='bbox 608 3873 719 3940; x_wconf 84' lang='lat' dir='ltr'>Oritur</span> <span class='ocrx_word' id='word_1_195' title='bbox 740 3877 846 3940; x_wconf 86' lang='lat' dir='ltr'>autem</span> <span class='ocrx_word' id='word_1_196' title='bbox 861 3889 904 3936; x_wconf 84' lang='lat' dir='ltr'>en</span> <span class='ocrx_word' id='word_1_197' title='bbox 919 3869 978 3938; x_wconf 90' lang='lat' dir='ltr'>hoc</span> <span class='ocrx_word' id='word_1_198' title='bbox 994 3871 1110 3954; x_wconf 83' lang='lat' dir='ltr'>triplex</span> <span class='ocrx_word' id='word_1_199' title='bbox 1135 3869 1337 3950; x_wconf 88' lang='lat' dir='ltr'>inordinatio,</span> <span class='ocrx_word' id='word_1_200' title='bbox 1360 3869 1478 3940; x_wconf 89' lang='lat' dir='ltr'>seilicet</span> 
     </span>
     <span class='ocr_line' id='line_1_28' title="bbox 368 3969 1477 4066; baseline -0.005 -17"><span class='ocrx_word' id='word_1_201' title='bbox 368 3989 496 4036; x_wconf 73' lang='lat' dir='ltr'>sonoram.</span> <span class='ocrx_word' id='word_1_202' title='bbox 521 3981 552 4048; x_wconf 91' lang='lat' dir='ltr'>io</span> <span class='ocrx_word' id='word_1_203' title='bbox 575 3999 670 4066; x_wconf 85' lang='lat' dir='ltr'>opere</span> <span class='ocrx_word' id='word_1_204' title='bbox 694 3997 749 4064; x_wconf 94' lang='lat' dir='ltr'>per</span> <span class='ocrx_word' id='word_1_205' title='bbox 773 3977 1047 4064; x_wconf 83' lang='lat' dir='ltr'>praevaricationis</span> <span class='ocrx_word' id='word_1_206' title='bbox 1081 3969 1350 4056; x_wconf 63' lang='lat' dir='ltr'>annotationem</span> <span class='ocrx_word' id='word_1_207' title='bbox 1373 3977 1405 4042; x_wconf 92' lang='lat' dir='ltr'>iu</span> <span class='ocrx_word' id='word_1_208' title='bbox 1421 3997 1477 4044; x_wconf 87' lang='lat' dir='ltr'>ore</span> 
     </span>
     <span class='ocr_line' id='line_1_29' title="bbox 518 4081 1478 4174; baseline -0.006 -18"><span class='ocrx_word' id='word_1_209' title='bbox 518 4105 575 4174; x_wconf 84' lang='lat' dir='ltr'>per</span> <span class='ocrx_word' id='word_1_210' title='bbox 599 4083 765 4152; x_wconf 88' lang='lat' dir='ltr'>locutionis</span> <span class='ocrx_word' id='word_1_211' title='bbox 787 4083 963 4150; x_wconf 74' lang='lat' dir='ltr'>stultitiam</span> <span class='ocrx_word' id='word_1_212' title='bbox 970 4107 981 4162; x_wconf 90' lang='lat'><em>;</em></span> <span class='ocrx_word' id='word_1_213' title='bbox 995 4081 1030 4150; x_wconf 91' lang='lat' dir='ltr'>in</span> <span class='ocrx_word' id='word_1_214' title='bbox 1052 4081 1150 4148; x_wconf 85' lang='lat' dir='ltr'>carole</span> <span class='ocrx_word' id='word_1_215' title='bbox 1169 4099 1226 4168; x_wconf 89' lang='lat' dir='ltr'>per</span> <span class='ocrx_word' id='word_1_216' title='bbox 1249 4083 1478 4168; x_wconf 85' lang='lat' dir='ltr'>capitationem</span> 
     </span>
     <span class='ocr_line' id='line_1_30' title="bbox 520 4187 1477 4276; baseline -0.004 -18"><span class='ocrx_word' id='word_1_217' title='bbox 520 4209 702 4258; x_wconf 77' lang='lat' dir='ltr'>erumnam.</span> <span class='ocrx_word' id='word_1_218' title='bbox 726 4189 779 4256; x_wconf 83' lang='lat' dir='ltr'>lo.</span> <span class='ocrx_word' id='word_1_219' title='bbox 792 4207 873 4276; x_wconf 83' lang='lat' dir='ltr'>quae</span> <span class='ocrx_word' id='word_1_220' title='bbox 890 4189 992 4256; x_wconf 85' lang='lat' dir='ltr'>otnnia</span> <span class='ocrx_word' id='word_1_221' title='bbox 1018 4187 1083 4256; x_wconf 88' lang='lat' dir='ltr'>ruit</span> <span class='ocrx_word' id='word_1_222' title='bbox 1097 4189 1242 4264; x_wconf 88' lang='lat' dir='ltr'>incautus</span> <span class='ocrx_word' id='word_1_223' title='bbox 1267 4189 1477 4256; x_wconf 89' lang='lat' dir='ltr'>considerator</span> 
     </span>
     <span class='ocr_line' id='line_1_31' title="bbox 521 4287 1478 4382; baseline -0.006 -16"><span class='ocrx_word' id='word_1_224' title='bbox 521 4287 656 4366; x_wconf 88' lang='lat' dir='ltr'>malitiae</span> <span class='ocrx_word' id='word_1_225' title='bbox 677 4297 805 4364; x_wconf 91' lang='lat' dir='ltr'>alienae.</span> <span class='ocrx_word' id='word_1_226' title='bbox 843 4297 923 4362; x_wconf 89' lang='lat' dir='ltr'>Dum</span> <span class='ocrx_word' id='word_1_227' title='bbox 947 4293 1030 4362; x_wconf 90' lang='lat' dir='ltr'>enim</span> <span class='ocrx_word' id='word_1_228' title='bbox 1064 4295 1137 4382; x_wconf 89' lang='lat' dir='ltr'>quis</span> <span class='ocrx_word' id='word_1_229' title='bbox 1169 4297 1269 4362; x_wconf 89' lang='lat' dir='ltr'>malos</span> <span class='ocrx_word' id='word_1_230' title='bbox 1301 4297 1478 4362; x_wconf 87' lang='lat' dir='ltr'>considerat</span> 
     </span>
     <span class='ocr_line' id='line_1_32' title="bbox 520 4401 1476 4490; baseline -0.002 -20"><span class='ocrx_word' id='word_1_231' title='bbox 520 4403 705 4490; x_wconf 77' lang='lat' dir='ltr'>impunitae,</span> <span class='ocrx_word' id='word_1_232' title='bbox 729 4403 850 4480; x_wconf 56' lang='lat' dir='ltr'>cecedit,</span> <span class='ocrx_word' id='word_1_233' title='bbox 866 4421 929 4468; x_wconf 92' lang='lat' dir='ltr'>non</span> <span class='ocrx_word' id='word_1_234' title='bbox 954 4419 1022 4468; x_wconf 88' lang='lat' dir='ltr'>csse</span> <span class='ocrx_word' id='word_1_235' title='bbox 1043 4401 1289 4486; x_wconf 80' lang='lat' dir='ltr'>proviaentiam3</span> <span class='ocrx_word' id='word_1_236' title='bbox 1316 4419 1401 4482; x_wconf 90' lang='lat' dir='ltr'>ecce,</span> <span class='ocrx_word' id='word_1_237' title='bbox 1425 4421 1476 4468; x_wconf 91' lang='lat' dir='ltr'>eo-</span> 
     </span>
     <span class='ocr_line' id='line_1_33' title="bbox 517 4507 1477 4600; baseline -0.005 -23"><span class='ocrx_word' id='word_1_238' title='bbox 517 4511 635 4600; x_wconf 81' lang='lat' dir='ltr'>pitatio</span> <span class='ocrx_word' id='word_1_239' title='bbox 659 4529 814 4586; x_wconf 66' lang='lat' dir='ltr'>erro-uem</span> <span class='ocrx_word' id='word_1_240' title='bbox 838 4513 868 4576; x_wconf 87' lang='lat' dir='ltr'>et</span> <span class='ocrx_word' id='word_1_241' title='bbox 884 4525 940 4594; x_wconf 90' lang='lat' dir='ltr'>per</span> <span class='ocrx_word' id='word_1_242' title='bbox 964 4509 1026 4576; x_wconf 91' lang='lat' dir='ltr'>hoc</span> <span class='ocrx_word' id='word_1_243' title='bbox 1045 4507 1145 4576; x_wconf 90' lang='lat' dir='ltr'>libere</span> <span class='ocrx_word' id='word_1_244' title='bbox 1160 4507 1240 4576; x_wconf 83' lang='lat' dir='ltr'>dicit</span> <span class='ocrx_word' id='word_1_245' title='bbox 1262 4509 1388 4588; x_wconf 76' lang='lat' dir='ltr'>stata,</span> <span class='ocrx_word' id='word_1_246' title='bbox 1403 4509 1477 4594; x_wconf 88' lang='lat' dir='ltr'>quia</span> 
     </span>
     <span class='ocr_line' id='line_1_34' title="bbox 520 4613 1476 4702; baseline -0.004 -18"><span class='ocrx_word' id='word_1_247' title='bbox 520 4617 634 4696; x_wconf 89' lang='lat' dir='ltr'>credit,</span> <span class='ocrx_word' id='word_1_248' title='bbox 663 4615 747 4702; x_wconf 87' lang='lat' dir='ltr'>quod</span> <span class='ocrx_word' id='word_1_249' title='bbox 779 4633 841 4682; x_wconf 92' lang='lat' dir='ltr'>non</span> <span class='ocrx_word' id='word_1_250' title='bbox 871 4615 911 4680; x_wconf 88' lang='lat' dir='ltr'>sit</span> <span class='ocrx_word' id='word_1_251' title='bbox 941 4613 995 4700; x_wconf 88' lang='lat' dir='ltr'>qni</span> <span class='ocrx_word' id='word_1_252' title='bbox 1027 4613 1257 4698; x_wconf 88' lang='lat' dir='ltr'>reprehendat;</span> <span class='ocrx_word' id='word_1_253' title='bbox 1281 4621 1313 4680; x_wconf 89' lang='lat' dir='ltr'>et</span> <span class='ocrx_word' id='word_1_254' title='bbox 1343 4615 1476 4680; x_wconf 91' lang='lat' dir='ltr'>ulterius</span> 
     </span>
     <span class='ocr_line' id='line_1_35' title="bbox 520 4711 1477 4808; baseline -0.004 -18"><span class='ocrx_word' id='word_1_255' title='bbox 520 4723 770 4808; x_wconf 78' lang='lat' dir='ltr'>tranopreclitur</span> <span class='ocrx_word' id='word_1_256' title='bbox 791 4711 972 4800; x_wconf 84' lang='lat' dir='ltr'>mamiato,</span> <span class='ocrx_word' id='word_1_257' title='bbox 997 4717 1157 4804; x_wconf 88' lang='lat' dir='ltr'>quianon</span> <span class='ocrx_word' id='word_1_258' title='bbox 1181 4717 1293 4798; x_wconf 90' lang='lat' dir='ltr'>eredit,</span> <span class='ocrx_word' id='word_1_259' title='bbox 1327 4719 1410 4806; x_wconf 90' lang='lat' dir='ltr'>quod</span> <span class='ocrx_word' id='word_1_260' title='bbox 1438 4719 1477 4786; x_wconf 89' lang='lat' dir='ltr'>sit</span> 
     </span>
     <span class='ocr_line' id='line_1_36' title="bbox 519 4827 719 4916; baseline -0.005 -22"><span class='ocrx_word' id='word_1_261' title='bbox 519 4829 573 4916; x_wconf 83' lang='lat' dir='ltr'>qui</span> <span class='ocrx_word' id='word_1_262' title='bbox 599 4827 719 4914; x_wconf 90' lang='lat' dir='ltr'>puniat.</span> 
     </span>
    </p>

    <p class='ocr_par' dir='ltr' id='par_1_6' title="bbox 520 4929 1511 5236">
     <span class='ocr_line' id='line_1_37' title="bbox 607 4929 1476 5020; baseline -0.007 -18"><span class='ocrx_word' id='word_1_263' title='bbox 607 4935 712 5002; x_wconf 84' lang='lat' dir='ltr'>Primo</span> <span class='ocrx_word' id='word_1_264' title='bbox 733 4933 831 5020; x_wconf 79' lang='lat' dir='ltr'>igitur</span> <span class='ocrx_word' id='word_1_265' title='bbox 863 4933 916 4998; x_wconf 91' lang='lat' dir='ltr'>dat</span> <span class='ocrx_word' id='word_1_266' title='bbox 941 4931 1113 5000; x_wconf 91' lang='lat' dir='ltr'>remedium</span> <span class='ocrx_word' id='word_1_267' title='bbox 1151 4939 1261 4996; x_wconf 89' lang='lat' dir='ltr'>contra</span> <span class='ocrx_word' id='word_1_268' title='bbox 1293 4929 1476 4996; x_wconf 87' lang='lat' dir='ltr'>inobedien-</span> 
     </span>
     <span class='ocr_line' id='line_1_38' title="bbox 521 5025 1511 5212; baseline -0.006 -104"><span class='ocrx_word' id='word_1_269' title='bbox 521 5041 621 5120; x_wconf 88' lang='lat' dir='ltr'>tiam;</span> <span class='ocrx_word' id='word_1_270' title='bbox 647 5041 796 5120; x_wconf 79' lang='lat' dir='ltr'>sectando,</span> <span class='ocrx_word' id='word_1_271' title='bbox 815 5045 923 5106; x_wconf 88' lang='lat' dir='ltr'>contra</span> <span class='ocrx_word' id='word_1_272' title='bbox 948 5025 1114 5128; x_wconf 74' lang='lat' dir='ltr'>toaculam</span> <span class='ocrx_word' id='word_1_273' title='bbox 1133 5039 1286 5116; x_wconf 81' lang='lat' dir='ltr'>stultam,</span> <span class='ocrx_word' id='word_1_274' title='bbox 1316 5035 1357 5104; x_wconf 93' lang='lat' dir='ltr'>ibi</span> <span class='ocrx_word' id='word_1_275' title='bbox 1376 5037 1404 5102; x_wconf 71' lang='grc' dir='ltr'>2ε</span> <span class='ocrx_word' id='word_1_276' title='bbox 1430 5035 1476 5102; x_wconf 87' lang='lat' dir='ltr'>Ne</span> <span class='ocrx_word' id='word_1_277' title='bbox 1507 5049 1511 5212; x_wconf 42' lang='grc' dir='ltr'><strong><em>μ</em></strong></span> 
     </span>
     <span class='ocr_line' id='line_1_39' title="bbox 520 5143 1476 5236; baseline -0.006 -22"><span class='ocrx_word' id='word_1_278' title='bbox 520 5157 635 5214; x_wconf 83' lang='lat' dir='ltr'>temore</span> <span class='ocrx_word' id='word_1_279' title='bbox 657 5147 738 5236; x_wconf 82' lang='lat' dir='ltr'>ponii</span> <span class='ocrx_word' id='word_1_280' title='bbox 763 5143 918 5236; x_wconf 64' lang='lat' dir='ltr'>&#39;loquaris</span> <span class='ocrx_word' id='word_1_281' title='bbox 943 5149 1019 5224; x_wconf 90' lang='lat' dir='ltr'>etc.;</span> <span class='ocrx_word' id='word_1_282' title='bbox 1043 5143 1150 5224; x_wconf 88' lang='lat' dir='ltr'>tertio,</span> <span class='ocrx_word' id='word_1_283' title='bbox 1175 5149 1284 5212; x_wconf 87' lang='lat' dir='ltr'>contra</span> <span class='ocrx_word' id='word_1_284' title='bbox 1309 5143 1476 5230; x_wconf 80' lang='lat' dir='ltr'>capitatio</span> 
     </span>
    </p>
   </div>
   <div class='ocr_carea' id='block_1_6' title="bbox 1187 611 1857 688">
    <p class='ocr_par' dir='ltr' id='par_1_7' title="bbox 1187 611 1857 688">
     <span class='ocr_line' id='line_1_40' title="bbox 1187 611 1857 688; baseline 0.022 -15"><span class='ocrx_word' id='word_1_285' title='bbox 1187 611 1386 684; x_wconf 75' lang='lat' dir='ltr'>tollamur.</span> <span class='ocrx_word' id='word_1_286' title='bbox 1412 619 1448 684; x_wconf 92' lang='lat' dir='ltr'>lN</span> <span class='ocrx_word' id='word_1_287' title='bbox 1469 615 1742 688; x_wconf 68' lang='lat' dir='ltr'>‘cccttsllsrtu</span> <span class='ocrx_word' id='word_1_288' title='bbox 1763 619 1805 688; x_wconf 56' lang='lat' dir='ltr'>C,</span> <span class='ocrx_word' id='word_1_289' title='bbox 1821 621 1857 688; x_wconf 86' lang='lat' dir='ltr'>V.</span> 
     </span>
    </p>
   </div>
   <div class='ocr_carea' id='block_1_7' title="bbox 1555 799 2511 974">
    <p class='ocr_par' dir='ltr' id='par_1_8' title="bbox 1555 799 2511 974">
     <span class='ocr_line' id='line_1_41' title="bbox 1556 799 2511 888; baseline 0.006 -26"><span class='ocrx_word' id='word_1_290' title='bbox 1556 817 1629 864; x_wconf 88' lang='lat' dir='ltr'>nent</span> <span class='ocrx_word' id='word_1_291' title='bbox 1660 819 1853 882; x_wconf 72' lang='lat' dir='ltr'>erroneam,</span> <span class='ocrx_word' id='word_1_292' title='bbox 1876 801 1937 868; x_wconf 88' lang='lat' dir='ltr'>ibi:</span> <span class='ocrx_word' id='word_1_293' title='bbox 1970 803 2007 870; x_wconf 91' lang='lat' dir='ltr'>Si</span> <span class='ocrx_word' id='word_1_294' title='bbox 2029 799 2153 868; x_wconf 76' lang='lat' dir='ltr'>uideris</span> <span class='ocrx_word' id='word_1_295' title='bbox 2183 801 2373 868; x_wconf 73' lang='lat' dir='ltr'>cataloniae</span> <span class='ocrx_word' id='word_1_296' title='bbox 2401 799 2511 888; x_wconf 82' lang='lat' dir='ltr'>epente-</span> 
     </span>
     <span class='ocr_line' id='line_1_42' title="bbox 1555 913 2238 974; baseline 0.01 -4"><span class='ocrx_word' id='word_1_297' title='bbox 1555 925 1632 970; x_wconf 85' lang='lat' dir='ltr'>rum</span> <span class='ocrx_word' id='word_1_298' title='bbox 1652 913 1710 974; x_wconf 92' lang='lat' dir='ltr'>etc.</span> <span class='ocrx_word' id='word_1_299' title='bbox 2236 913 2238 918; x_wconf 83' lang='lat'>&#39;</span> 
     </span>
    </p>
   </div>
   <div class='ocr_carea' id='block_1_8' title="bbox 1568 1113 2445 1192">
    <p class='ocr_par' dir='ltr' id='par_1_9' title="bbox 1568 1077 2445 1192">
     <span class='ocr_line' id='line_1_43' title="bbox 1568 1113 2445 1192; baseline -0.003 -5"><span class='ocrx_word' id='word_1_300' title='bbox 1568 1139 1569 1142; x_wconf 41' lang='lat'>¹</span> <span class='ocrx_word' id='word_1_301' title='bbox 1613 1113 1717 1188; x_wconf 87' lang='lat' dir='ltr'>Primo</span> <span class='ocrx_word' id='word_1_302' title='bbox 1740 1117 1837 1192; x_wconf 82' lang='lat' dir='ltr'>dator</span> <span class='ocrx_word' id='word_1_303' title='bbox 1862 1119 2034 1192; x_wconf 83' lang='lat' dir='ltr'>remedium</span> <span class='ocrx_word' id='word_1_304' title='bbox 2056 1117 2168 1190; x_wconf 74' lang='lat' dir='ltr'>maun</span> <span class='ocrx_word' id='word_1_305' title='bbox 2189 1113 2445 1186; x_wconf 81' lang='lat' dir='ltr'>inobedientiam.</span> 
     </span>
    </p>
   </div>
   <div class='ocr_carea' id='block_1_9' title="bbox 1640 1327 2637 1438">
    <p class='ocr_par' dir='ltr' id='par_1_10' title="bbox 1640 1327 2637 1438">
     <span class='ocr_line' id='line_1_44' title="bbox 1640 1327 2637 1438; baseline -0.005 -38"><span class='ocrx_word' id='word_1_306' title='bbox 1640 1335 1742 1414; x_wconf 81' lang='lat' dir='ltr'>(vers.</span> <span class='ocrx_word' id='word_1_307' title='bbox 1770 1339 1845 1416; x_wconf 68' lang='lat' dir='ltr'>lm).</span> <span class='ocrx_word' id='word_1_308' title='bbox 1860 1337 1891 1402; x_wconf 93' lang='lat' dir='ltr'>ln</span> <span class='ocrx_word' id='word_1_309' title='bbox 1910 1335 2048 1402; x_wconf 90' lang='lat' dir='ltr'>remedio</span> <span class='ocrx_word' id='word_1_310' title='bbox 2062 1339 2172 1402; x_wconf 90' lang='lat' dir='ltr'>contra</span> <span class='ocrx_word' id='word_1_311' title='bbox 2194 1327 2445 1400; x_wconf 87' lang='lat' dir='ltr'>inobedientiam</span> <span class='ocrx_word' id='word_1_312' title='bbox 2462 1327 2508 1394; x_wconf 92' lang='lat' dir='ltr'>in·</span> <span class='ocrx_word' id='word_1_313' title='bbox 2528 1341 2637 1438; x_wconf 54' lang='lat' dir='ltr'>ffiggffigo</span> 
     </span>
    </p>
   </div>
   <div class='ocr_carea' id='block_1_10' title="bbox 1446 1435 2507 1524">
    <p class='ocr_par' dir='ltr' id='par_1_11' title="bbox 1446 1435 2507 1524">
     <span class='ocr_line' id='line_1_45' title="bbox 1446 1435 2507 1524; baseline -0.004 -20"><span class='ocrx_word' id='word_1_314' title='bbox 1446 1467 1447 1470; x_wconf 39' lang='lat'>¹</span> <span class='ocrx_word' id='word_1_315' title='bbox 1551 1437 1679 1504; x_wconf 85' lang='lat' dir='ltr'>ducitur</span> <span class='ocrx_word' id='word_1_316' title='bbox 1701 1435 1901 1516; x_wconf 82' lang='lat' dir='ltr'>eubortatio,</span> <span class='ocrx_word' id='word_1_317' title='bbox 1919 1443 1949 1504; x_wconf 92' lang='lat' dir='ltr'>et</span> <span class='ocrx_word' id='word_1_318' title='bbox 1973 1439 2175 1524; x_wconf 79' lang='lat' dir='ltr'>subiungitur</span> <span class='ocrx_word' id='word_1_319' title='bbox 2189 1435 2427 1504; x_wconf 67' lang='lat' dir='ltr'>exhortationis</span> <span class='ocrx_word' id='word_1_320' title='bbox 2450 1453 2507 1500; x_wconf 83' lang='lat' dir='ltr'>ro-</span> 
     </span>
    </p>
   </div>
   <div class='ocr_carea' id='block_1_11' title="bbox 1544 1535 2651 3214">
    <p class='ocr_par' dir='ltr' id='par_1_12' title="bbox 1550 1535 2651 1838">
     <span class='ocr_line' id='line_1_46' title="bbox 1552 1535 2646 1650; baseline 0.001 -44"><span class='ocrx_word' id='word_1_321' title='bbox 1552 1541 1605 1608; x_wconf 91' lang='lat' dir='ltr'>tio.</span> <span class='ocrx_word' id='word_1_322' title='bbox 1629 1535 1825 1608; x_wconf 83' lang='lat' dir='ltr'>Exhortotnr</span> <span class='ocrx_word' id='word_1_323' title='bbox 1859 1549 1965 1610; x_wconf 87' lang='lat' dir='ltr'>autem</span> <span class='ocrx_word' id='word_1_324' title='bbox 1997 1545 2039 1610; x_wconf 89' lang='lat' dir='ltr'>ad</span> <span class='ocrx_word' id='word_1_325' title='bbox 2060 1545 2238 1630; x_wconf 80' lang='lat' dir='ltr'>diligentem</span> <span class='ocrx_word' id='word_1_326' title='bbox 2266 1543 2381 1630; x_wconf 91' lang='lat' dir='ltr'>pedum</span> <span class='ocrx_word' id='word_1_327' title='bbox 2405 1547 2508 1608; x_wconf 90' lang='lat' dir='ltr'>custo-</span> <span class='ocrx_word' id='word_1_328' title='bbox 2524 1553 2646 1650; x_wconf 48' lang='lat' dir='ltr'>3233th</span> 
     </span>
     <span class='ocr_line' id='line_1_47' title="bbox 1550 1639 2651 1732; baseline 0.002 -20"><span class='ocrx_word' id='word_1_329' title='bbox 1550 1645 1651 1724; x_wconf 86' lang='lat' dir='ltr'>diam,</span> <span class='ocrx_word' id='word_1_330' title='bbox 1675 1665 1715 1712; x_wconf 92' lang='lat' dir='ltr'>ne</span> <span class='ocrx_word' id='word_1_331' title='bbox 1739 1647 1988 1732; x_wconf 83' lang='lat' dir='ltr'>transgrediatur</span> <span class='ocrx_word' id='word_1_332' title='bbox 2009 1651 2157 1714; x_wconf 86' lang='lat' dir='ltr'>mandata</span> <span class='ocrx_word' id='word_1_333' title='bbox 2177 1649 2394 1728; x_wconf 75' lang='lat' dir='ltr'>divina3&#39;ideo</span> <span class='ocrx_word' id='word_1_334' title='bbox 2415 1647 2506 1716; x_wconf 91' lang='lat' dir='ltr'>dicit:</span> <span class='ocrx_word' id='word_1_335' title='bbox 2645 1639 2651 1650; x_wconf 76' lang='grc'>’</span> 
     </span>
     <span class='ocr_line' id='line_1_48' title="bbox 1553 1749 2507 1838; baseline 0.004 -22"><span class='ocrx_word' id='word_1_336' title='bbox 1553 1749 1689 1816; x_wconf 73' lang='lat' dir='ltr'>Custodi</span> <span class='ocrx_word' id='word_1_337' title='bbox 1706 1751 1821 1834; x_wconf 79' lang='lat' dir='ltr'>peden</span> <span class='ocrx_word' id='word_1_338' title='bbox 1839 1759 1949 1828; x_wconf 84' lang='lat' dir='ltr'>tutam,</span> <span class='ocrx_word' id='word_1_339' title='bbox 1974 1771 2013 1816; x_wconf 87' lang='lat' dir='ltr'>ne</span> <span class='ocrx_word' id='word_1_340' title='bbox 2027 1749 2112 1838; x_wconf 76' lang='lat' dir='ltr'>[orte</span> <span class='ocrx_word' id='word_1_341' title='bbox 2131 1753 2303 1822; x_wconf 76' lang='lat' dir='ltr'>declinata</span> <span class='ocrx_word' id='word_1_342' title='bbox 2327 1755 2384 1822; x_wconf 85' lang='lat' dir='ltr'>ota</span> <span class='ocrx_word' id='word_1_343' title='bbox 2401 1763 2507 1830; x_wconf 85' lang='lat' dir='ltr'>recta;</span> 
     </span>
    </p>

    <p class='ocr_par' dir='ltr' id='par_1_13' title="bbox 1550 1855 2508 1944">
     <span class='ocr_line' id='line_1_49' title="bbox 1550 1855 2508 1944; baseline 0.007 -24"><span class='ocrx_word' id='word_1_344' title='bbox 1550 1855 1589 1922; x_wconf 85' lang='lat' dir='ltr'>od</span> <span class='ocrx_word' id='word_1_345' title='bbox 1613 1855 1767 1922; x_wconf 86' lang='lat' dir='ltr'>Hebraeos</span> <span class='ocrx_word' id='word_1_346' title='bbox 1790 1855 1974 1922; x_wconf 91' lang='lat' dir='ltr'>duodecimo</span> <span class='ocrx_word' id='word_1_347' title='bbox 1987 1857 2014 1922; x_wconf 85' lang='lat'>³:</span> <span class='ocrx_word' id='word_1_348' title='bbox 2037 1857 2200 1924; x_wconf 83' lang='lat' dir='ltr'>«Gressus</span> <span class='ocrx_word' id='word_1_349' title='bbox 2224 1865 2325 1924; x_wconf 91' lang='lat' dir='ltr'>rectos</span> <span class='ocrx_word' id='word_1_350' title='bbox 2348 1859 2438 1940; x_wconf 86' lang='lat' dir='ltr'>tacite</span> <span class='ocrx_word' id='word_1_351' title='bbox 2454 1877 2508 1944; x_wconf 95' lang='lat' dir='ltr'>pe-</span> 
     </span>
    </p>

    <p class='ocr_par' dir='ltr' id='par_1_14' title="bbox 1549 1959 2508 2050">
     <span class='ocr_line' id='line_1_50' title="bbox 1549 1959 2508 2050; baseline 0.002 -24"><span class='ocrx_word' id='word_1_352' title='bbox 1549 1959 1641 2028; x_wconf 87' lang='lat' dir='ltr'>dibus</span> <span class='ocrx_word' id='word_1_353' title='bbox 1666 1961 1793 2040; x_wconf 86' lang='lat' dir='ltr'>vestris,</span> <span class='ocrx_word' id='word_1_354' title='bbox 1815 1968 1854 2027; x_wconf 93' lang='lat' dir='ltr'>ut</span> <span class='ocrx_word' id='word_1_355' title='bbox 1872 1979 1937 2026; x_wconf 96' lang='lat' dir='ltr'>non</span> <span class='ocrx_word' id='word_1_356' title='bbox 1954 1961 2131 2030; x_wconf 89' lang='lat' dir='ltr'>claudicans</span> <span class='ocrx_word' id='word_1_357' title='bbox 2155 1963 2226 2049; x_wconf 84' lang='lat' dir='ltr'>quis</span> <span class='ocrx_word' id='word_1_358' title='bbox 2239 1969 2367 2030; x_wconf 75' lang='lat' dir='ltr'>erret».</span> <span class='ocrx_word' id='word_1_359' title='bbox 2395 1967 2508 2050; x_wconf 79' lang='lat' dir='ltr'>Depre-</span> 
     </span>
    </p>

    <p class='ocr_par' dir='ltr' id='par_1_15' title="bbox 1548 2059 2508 2362">
     <span class='ocr_line' id='line_1_51' title="bbox 1549 2059 2508 2148; baseline 0.004 -18"><span class='ocrx_word' id='word_1_360' title='bbox 1549 2059 1641 2132; x_wconf 77' lang='lat' dir='ltr'>&#39;dieas</span> <span class='ocrx_word' id='word_1_361' title='bbox 1665 2065 1700 2132; x_wconf 89' lang='lat' dir='ltr'>in</span> <span class='ocrx_word' id='word_1_362' title='bbox 1724 2061 1859 2132; x_wconf 74' lang='lat' dir='ltr'>(lamam</span> <span class='ocrx_word' id='word_1_363' title='bbox 1887 2067 1963 2146; x_wconf 90' lang='lat' dir='ltr'>Dei,</span> <span class='ocrx_word' id='word_1_364' title='bbox 1986 2065 2019 2134; x_wconf 90' lang='lat' dir='ltr'>id</span> <span class='ocrx_word' id='word_1_365' title='bbox 2042 2072 2105 2146; x_wconf 88' lang='lat' dir='ltr'>est,</span> <span class='ocrx_word' id='word_1_366' title='bbox 2134 2069 2166 2134; x_wconf 93' lang='lat' dir='ltr'>in</span> <span class='ocrx_word' id='word_1_367' title='bbox 2189 2067 2370 2148; x_wconf 90' lang='lat' dir='ltr'>ecclesiam,</span> <span class='ocrx_word' id='word_1_368' title='bbox 2396 2069 2445 2136; x_wconf 82' lang='lat' dir='ltr'>vel</span> <span class='ocrx_word' id='word_1_369' title='bbox 2475 2069 2508 2134; x_wconf 93' lang='lat' dir='ltr'>iu</span> 
     </span>
     <span class='ocr_line' id='line_1_52' title="bbox 1549 2169 2507 2260; baseline 0.004 -24"><span class='ocrx_word' id='word_1_370' title='bbox 1549 2169 1733 2238; x_wconf 87' lang='lat' dir='ltr'>servitutem</span> <span class='ocrx_word' id='word_1_371' title='bbox 1765 2173 1839 2252; x_wconf 90' lang='lat' dir='ltr'>Dei,</span> <span class='ocrx_word' id='word_1_372' title='bbox 1863 2173 1895 2238; x_wconf 91' lang='lat' dir='ltr'>in</span> <span class='ocrx_word' id='word_1_373' title='bbox 1926 2191 2022 2260; x_wconf 78' lang='lat' dir='ltr'>uttam</span> <span class='ocrx_word' id='word_1_374' title='bbox 2045 2191 2116 2240; x_wconf 92' lang='lat' dir='ltr'>cum</span> <span class='ocrx_word' id='word_1_375' title='bbox 2150 2173 2261 2240; x_wconf 89' lang='lat' dir='ltr'>timore</span> <span class='ocrx_word' id='word_1_376' title='bbox 2291 2173 2384 2242; x_wconf 92' lang='lat' dir='ltr'>debet</span> <span class='ocrx_word' id='word_1_377' title='bbox 2413 2173 2507 2240; x_wconf 89' lang='lat' dir='ltr'>homo</span> 
     </span>
     <span class='ocr_line' id='line_1_53' title="bbox 1548 2275 2505 2362; baseline 0.006 -20"><span class='ocrx_word' id='word_1_378' title='bbox 1548 2275 1683 2362; x_wconf 84' lang='lat' dir='ltr'>ingredi;</span> <span class='ocrx_word' id='word_1_379' title='bbox 1700 2277 1785 2344; x_wconf 91' lang='lat' dir='ltr'>unde</span> <span class='ocrx_word' id='word_1_380' title='bbox 1806 2277 1840 2344; x_wconf 92' lang='lat' dir='ltr'>in</span> <span class='ocrx_word' id='word_1_381' title='bbox 1856 2279 1992 2346; x_wconf 88' lang='lat' dir='ltr'>Psalmo:</span> <span class='ocrx_word' id='word_1_382' title='bbox 2024 2305 2040 2338; x_wconf 88' lang='lat'>«</span> <span class='ocrx_word' id='word_1_383' title='bbox 2055 2279 2191 2346; x_wconf 87' lang='lat' dir='ltr'>introibo</span> <span class='ocrx_word' id='word_1_384' title='bbox 2208 2279 2238 2346; x_wconf 92' lang='lat' dir='ltr'>in</span> <span class='ocrx_word' id='word_1_385' title='bbox 2255 2281 2384 2346; x_wconf 91' lang='lat' dir='ltr'>domum</span> <span class='ocrx_word' id='word_1_386' title='bbox 2403 2285 2505 2360; x_wconf 87' lang='lat' dir='ltr'>tuom,</span> 
     </span>
    </p>

    <p class='ocr_par' dir='ltr' id='par_1_16' title="bbox 1547 2375 2545 2578">
     <span class='ocr_line' id='line_1_54' title="bbox 1547 2375 2545 2470; baseline 0.006 -22"><span class='ocrx_word' id='word_1_387' title='bbox 1547 2389 1579 2448; x_wconf 91' lang='lat' dir='ltr'>et</span> <span class='ocrx_word' id='word_1_388' title='bbox 1601 2383 1738 2450; x_wconf 87' lang='lat' dir='ltr'>adorabo</span> <span class='ocrx_word' id='word_1_389' title='bbox 1772 2383 1809 2452; x_wconf 86' lang='lat' dir='ltr'>ad</span> <span class='ocrx_word' id='word_1_390' title='bbox 1834 2385 1988 2470; x_wconf 90' lang='lat' dir='ltr'>templum</span> <span class='ocrx_word' id='word_1_391' title='bbox 2024 2395 2165 2456; x_wconf 88' lang='lat' dir='ltr'>sanetum</span> <span class='ocrx_word' id='word_1_392' title='bbox 2202 2393 2292 2452; x_wconf 92' lang='lat' dir='ltr'>tuum</span> <span class='ocrx_word' id='word_1_393' title='bbox 2328 2387 2359 2452; x_wconf 92' lang='lat' dir='ltr'>in</span> <span class='ocrx_word' id='word_1_394' title='bbox 2395 2387 2505 2454; x_wconf 92' lang='lat' dir='ltr'>timore</span> <span class='ocrx_word' id='word_1_395' title='bbox 2543 2375 2545 2378; x_wconf 62' lang='grc'><strong>’</strong></span> 
     </span>
     <span class='ocr_line' id='line_1_55' title="bbox 1547 2491 2505 2578; baseline 0.002 -22"><span class='ocrx_word' id='word_1_396' title='bbox 1547 2497 1650 2556; x_wconf 76' lang='lat' dir='ltr'>tuo».</span> <span class='ocrx_word' id='word_1_397' title='bbox 1675 2491 1720 2556; x_wconf 87' lang='lat' dir='ltr'>lta</span> <span class='ocrx_word' id='word_1_398' title='bbox 1739 2491 1834 2560; x_wconf 90' lang='lat' dir='ltr'>debet</span> <span class='ocrx_word' id='word_1_399' title='bbox 1855 2493 1968 2578; x_wconf 90' lang='lat' dir='ltr'>pedem</span> <span class='ocrx_word' id='word_1_400' title='bbox 1991 2495 2086 2560; x_wconf 83' lang='lat' dir='ltr'>snum</span> <span class='ocrx_word' id='word_1_401' title='bbox 2109 2511 2236 2562; x_wconf 82' lang='lat' dir='ltr'>serrare</span> <span class='ocrx_word' id='word_1_402' title='bbox 2260 2493 2298 2560; x_wconf 92' lang='lat' dir='ltr'>ab</span> <span class='ocrx_word' id='word_1_403' title='bbox 2328 2491 2505 2560; x_wconf 87' lang='lat' dir='ltr'>inobedien-</span> 
     </span>
    </p>

    <p class='ocr_par' dir='ltr' id='par_1_17' title="bbox 1546 2595 2505 2686">
     <span class='ocr_line' id='line_1_56' title="bbox 1546 2595 2505 2686; baseline 0.004 -24"><span class='ocrx_word' id='word_1_404' title='bbox 1546 2595 1590 2662; x_wconf 89' lang='lat' dir='ltr'>tia</span> <span class='ocrx_word' id='word_1_405' title='bbox 1610 2603 1644 2662; x_wconf 93' lang='lat' dir='ltr'>et</span> <span class='ocrx_word' id='word_1_406' title='bbox 1677 2603 1860 2682; x_wconf 91' lang='lat' dir='ltr'>promptam</span> <span class='ocrx_word' id='word_1_407' title='bbox 1891 2599 2008 2668; x_wconf 87' lang='lat' dir='ltr'>habere</span> <span class='ocrx_word' id='word_1_408' title='bbox 2042 2599 2082 2666; x_wconf 88' lang='lat' dir='ltr'>ad</span> <span class='ocrx_word' id='word_1_409' title='bbox 2115 2599 2341 2680; x_wconf 89' lang='lat' dir='ltr'>obedientiam;</span> <span class='ocrx_word' id='word_1_410' title='bbox 2376 2605 2505 2686; x_wconf 90' lang='lat' dir='ltr'>propter</span> 
     </span>
    </p>

    <p class='ocr_par' dir='ltr' id='par_1_18' title="bbox 1546 2703 2505 2792">
     <span class='ocr_line' id='line_1_57' title="bbox 1546 2703 2505 2792; baseline 0.004 -22"><span class='ocrx_word' id='word_1_411' title='bbox 1546 2703 1631 2788; x_wconf 87' lang='lat' dir='ltr'>quod</span> <span class='ocrx_word' id='word_1_412' title='bbox 1655 2703 1744 2770; x_wconf 91' lang='lat' dir='ltr'>dicit:</span> <span class='ocrx_word' id='word_1_413' title='bbox 1764 2707 1804 2770; x_wconf 79' lang='lat' dir='ltr'>Iit</span> <span class='ocrx_word' id='word_1_414' title='bbox 1826 2705 2077 2792; x_wconf 78' lang='lat' dir='ltr'>appropinqua,</span> <span class='ocrx_word' id='word_1_415' title='bbox 2094 2713 2130 2772; x_wconf 90' lang='lat' dir='ltr'>at</span> <span class='ocrx_word' id='word_1_416' title='bbox 2154 2707 2292 2784; x_wconf 85' lang='lat' dir='ltr'>audiar,</span> <span class='ocrx_word' id='word_1_417' title='bbox 2315 2705 2346 2772; x_wconf 91' lang='lat' dir='ltr'>id</span> <span class='ocrx_word' id='word_1_418' title='bbox 2369 2713 2415 2774; x_wconf 89' lang='lat' dir='ltr'>est</span> <span class='ocrx_word' id='word_1_419' title='bbox 2431 2707 2505 2774; x_wconf 89' lang='lat' dir='ltr'>obc-</span> 
     </span>
    </p>

    <p class='ocr_par' dir='ltr' id='par_1_19' title="bbox 1545 2809 2504 2896">
     <span class='ocr_line' id='line_1_58' title="bbox 1545 2809 2504 2896; baseline 0.004 -22"><span class='ocrx_word' id='word_1_420' title='bbox 1545 2809 1629 2876; x_wconf 90' lang='lat' dir='ltr'>dias:</span> <span class='ocrx_word' id='word_1_421' title='bbox 1649 2809 1899 2896; x_wconf 79' lang='lat' dir='ltr'>appropinqua,</span> <span class='ocrx_word' id='word_1_422' title='bbox 1922 2809 1996 2896; x_wconf 88' lang='lat' dir='ltr'>quia</span> <span class='ocrx_word' id='word_1_423' title='bbox 2013 2811 2246 2878; x_wconf 90' lang='lat' dir='ltr'>Deuteronomii</span> <span class='ocrx_word' id='word_1_424' title='bbox 2264 2811 2423 2896; x_wconf 82' lang='lat' dir='ltr'>trigesimo</span> <span class='ocrx_word' id='word_1_425' title='bbox 2440 2819 2504 2880; x_wconf 91' lang='lat' dir='ltr'>ter-</span> 
     </span>
    </p>

    <p class='ocr_par' dir='ltr' id='par_1_20' title="bbox 1544 2915 2504 3214">
     <span class='ocr_line' id='line_1_59' title="bbox 1547 2915 2504 3004; baseline 0.008 -24"><span class='ocrx_word' id='word_1_426' title='bbox 1547 2915 1631 2980; x_wconf 74' lang='lat' dir='ltr'>tio⁴:</span> <span class='ocrx_word' id='word_1_427' title='bbox 1663 2915 1748 3000; x_wconf 82' lang='lat' dir='ltr'>«Qui</span> <span class='ocrx_word' id='word_1_428' title='bbox 1770 2915 2023 3000; x_wconf 86' lang='lat' dir='ltr'>appropinquant</span> <span class='ocrx_word' id='word_1_429' title='bbox 2044 2917 2176 3002; x_wconf 90' lang='lat' dir='ltr'>pedibus</span> <span class='ocrx_word' id='word_1_430' title='bbox 2201 2919 2269 2986; x_wconf 91' lang='lat' dir='ltr'>eius</span> <span class='ocrx_word' id='word_1_431' title='bbox 2290 2919 2443 3004; x_wconf 85' lang='lat' dir='ltr'>accipient</span> <span class='ocrx_word' id='word_1_432' title='bbox 2465 2919 2504 2988; x_wconf 91' lang='lat' dir='ltr'>dc</span> 
     </span>
     <span class='ocr_line' id='line_1_60' title="bbox 1544 3019 2504 3104; baseline 0.004 -18"><span class='ocrx_word' id='word_1_433' title='bbox 1544 3019 1687 3088; x_wconf 87' lang='lat' dir='ltr'>doctrina</span> <span class='ocrx_word' id='word_1_434' title='bbox 1704 3019 1836 3102; x_wconf 58' lang='lat' dir='ltr'>illius»,</span> <span class='ocrx_word' id='word_1_435' title='bbox 1859 3021 2000 3102; x_wconf 74' lang='lat' dir='ltr'>aaudiat,</span> <span class='ocrx_word' id='word_1_436' title='bbox 2018 3019 2204 3104; x_wconf 81' lang='lat' dir='ltr'>obediend03</span> <span class='ocrx_word' id='word_1_437' title='bbox 2220 3023 2367 3092; x_wconf 89' lang='lat' dir='ltr'>leremiae</span> <span class='ocrx_word' id='word_1_438' title='bbox 2384 3025 2504 3090; x_wconf 89' lang='lat' dir='ltr'>decimo</span> 
     </span>
     <span class='ocr_line' id='line_1_61' title="bbox 1544 3127 2503 3214; baseline 0.002 -20"><span class='ocrx_word' id='word_1_439' title='bbox 1544 3127 1692 3212; x_wconf 87' lang='lat' dir='ltr'>septimo:</span> <span class='ocrx_word' id='word_1_440' title='bbox 1723 3155 1737 3186; x_wconf 88' lang='lat'>«</span> <span class='ocrx_word' id='word_1_441' title='bbox 1754 3127 1863 3196; x_wconf 80' lang='lat' dir='ltr'>ludite</span> <span class='ocrx_word' id='word_1_442' title='bbox 1887 3129 2022 3196; x_wconf 85' lang='lat' dir='ltr'>verbum</span> <span class='ocrx_word' id='word_1_443' title='bbox 2042 3127 2176 3208; x_wconf 88' lang='lat' dir='ltr'>Domini,</span> <span class='ocrx_word' id='word_1_444' title='bbox 2202 3127 2355 3208; x_wconf 83' lang='lat' dir='ltr'>universi,</span> <span class='ocrx_word' id='word_1_445' title='bbox 2381 3129 2435 3214; x_wconf 87' lang='lat' dir='ltr'>qui</span> <span class='ocrx_word' id='word_1_446' title='bbox 2455 3129 2503 3196; x_wconf 88' lang='lat' dir='ltr'>in-</span> 
     </span>
    </p>
   </div>
   <div class='ocr_carea' id='block_1_12' title="bbox 1543 3231 2501 3320">
    <p class='ocr_par' dir='ltr' id='par_1_21' title="bbox 1543 3231 2501 3320">
     <span class='ocr_line' id='line_1_62' title="bbox 1543 3231 2501 3320; baseline 0.004 -22"><span class='ocrx_word' id='word_1_447' title='bbox 1543 3231 1708 3318; x_wconf 83' lang='lat' dir='ltr'>gredimini</span> <span class='ocrx_word' id='word_1_448' title='bbox 1731 3253 1789 3318; x_wconf 88' lang='lat' dir='ltr'>per</span> <span class='ocrx_word' id='word_1_449' title='bbox 1808 3241 1915 3320; x_wconf 87' lang='lat' dir='ltr'>portas</span> <span class='ocrx_word' id='word_1_450' title='bbox 1930 3235 1997 3302; x_wconf 87' lang='lat' dir='ltr'>has.</span> <span class='ocrx_word' id='word_1_451' title='bbox 2016 3235 2094 3304; x_wconf 82' lang='lat' dir='ltr'>llaec</span> <span class='ocrx_word' id='word_1_452' title='bbox 2117 3235 2193 3302; x_wconf 89' lang='lat' dir='ltr'>dicit</span> <span class='ocrx_word' id='word_1_453' title='bbox 2208 3235 2373 3304; x_wconf 88' lang='lat' dir='ltr'>Dominus:</span> <span class='ocrx_word' id='word_1_454' title='bbox 2397 3241 2501 3304; x_wconf 75' lang='lat' dir='ltr'>ousta</span> 
     </span>
    </p>
   </div>
   <div class='ocr_carea' id='block_1_13' title="bbox 1542 3337 2762 3428">
    <p class='ocr_par' dir='ltr' id='par_1_22' title="bbox 1542 3337 2762 3428">
     <span class='ocr_line' id='line_1_63' title="bbox 1542 3337 2762 3428; baseline 0.001 -22"><span class='ocrx_word' id='word_1_455' title='bbox 1542 3341 1605 3406; x_wconf 92' lang='lat' dir='ltr'>dite</span> <span class='ocrx_word' id='word_1_456' title='bbox 1622 3341 1741 3406; x_wconf 88' lang='lat' dir='ltr'>animas</span> <span class='ocrx_word' id='word_1_457' title='bbox 1757 3346 1878 3409; x_wconf 84' lang='lat' dir='ltr'>vestras</span> <span class='ocrx_word' id='word_1_458' title='bbox 1894 3369 1923 3406; x_wconf 77' lang='lat' dir='ltr'>o.</span> <span class='ocrx_word' id='word_1_459' title='bbox 1938 3343 2031 3408; x_wconf 88' lang='lat' dir='ltr'>-Et</span> <span class='ocrx_word' id='word_1_460' title='bbox 2045 3341 2249 3428; x_wconf 81' lang='lat' dir='ltr'>subiungitur</span> <span class='ocrx_word' id='word_1_461' title='bbox 2266 3337 2502 3410; x_wconf 80' lang='lat' dir='ltr'>enitortotionis</span> <span class='ocrx_word' id='word_1_462' title='bbox 2514 3355 2613 3400; x_wconf 74' lang='lat' dir='ltr'>seeundo</span> <span class='ocrx_word' id='word_1_463' title='bbox 2629 3355 2665 3400; x_wconf 74' lang='lat' dir='ltr'>ac·</span> <span class='ocrx_word' id='word_1_464' title='bbox 2761 3347 2762 3352; x_wconf 78' lang='grc'>’</span> 
     </span>
    </p>
   </div>
   <div class='ocr_carea' id='block_1_14' title="bbox 1541 3409 2653 3538">
    <p class='ocr_par' dir='ltr' id='par_1_23' title="bbox 1541 3409 2653 3538">
     <span class='ocr_line' id='line_1_64' title="bbox 1541 3409 2653 3538; baseline -0.007 -26"><span class='ocrx_word' id='word_1_465' title='bbox 1541 3445 1652 3514; x_wconf 83' lang='lat' dir='ltr'>ratio:</span> <span class='ocrx_word' id='word_1_466' title='bbox 1674 3447 1776 3514; x_wconf 65' lang='lat' dir='ltr'>,liutto</span> <span class='ocrx_word' id='word_1_467' title='bbox 1790 3443 1890 3514; x_wconf 77' lang='lat' dir='ltr'>entim</span> <span class='ocrx_word' id='word_1_468' title='bbox 1904 3447 2019 3516; x_wconf 83' lang='lat' dir='ltr'>melior</span> <span class='ocrx_word' id='word_1_469' title='bbox 2040 3457 2089 3516; x_wconf 80' lang='lat' dir='ltr'>eat</span> <span class='ocrx_word' id='word_1_470' title='bbox 2102 3449 2283 3516; x_wconf 84' lang='lat' dir='ltr'>obedientia</span> <span class='ocrx_word' id='word_1_471' title='bbox 2303 3469 2404 3538; x_wconf 78' lang='lat' dir='ltr'>potam</span> <span class='ocrx_word' id='word_1_472' title='bbox 2419 3449 2501 3516; x_wconf 82' lang='lat' dir='ltr'>otal—</span> <span class='ocrx_word' id='word_1_473' title='bbox 2519 3409 2577 3454; x_wconf 50' lang='lat'>⁶⁸⁰¹</span> <span class='ocrx_word' id='word_1_474' title='bbox 2590 3413 2653 3454; x_wconf 61' lang='lat'>&#39;³⁸¹⁰&#39;</span> 
     </span>
    </p>
   </div>
   <div class='ocr_carea' id='block_1_15' title="bbox 1539 3553 2501 5230">
    <p class='ocr_par' dir='ltr' id='par_1_24' title="bbox 1539 3553 2501 5230">
     <span class='ocr_line' id='line_1_65' title="bbox 1542 3553 2499 3644; baseline 0.004 -26"><span class='ocrx_word' id='word_1_475' title='bbox 1542 3561 1654 3620; x_wconf 89' lang='lat' dir='ltr'>torum</span> <span class='ocrx_word' id='word_1_476' title='bbox 1676 3553 1843 3634; x_wconf 87' lang='lat' dir='ltr'>uictimae,</span> <span class='ocrx_word' id='word_1_477' title='bbox 1865 3555 1926 3644; x_wconf 80' lang='lat' dir='ltr'>qui</span> <span class='ocrx_word' id='word_1_478' title='bbox 1947 3555 2110 3634; x_wconf 79' lang='lat' dir='ltr'>nesciunt,</span> <span class='ocrx_word' id='word_1_479' title='bbox 2137 3555 2218 3644; x_wconf 80' lang='lat' dir='ltr'>plaid</span> <span class='ocrx_word' id='word_1_480' title='bbox 2243 3553 2378 3642; x_wconf 84' lang='lat' dir='ltr'>faciunt</span> <span class='ocrx_word' id='word_1_481' title='bbox 2397 3555 2499 3636; x_wconf 86' lang='lat' dir='ltr'>mali,</span> 
     </span>
     <span class='ocr_line' id='line_1_66' title="bbox 1541 3649 2501 3748; baseline 0.006 -24"><span class='ocrx_word' id='word_1_482' title='bbox 1541 3659 1597 3745; x_wconf 90' lang='lat' dir='ltr'>qni</span> <span class='ocrx_word' id='word_1_483' title='bbox 1619 3679 1682 3726; x_wconf 90' lang='lat' dir='ltr'>non</span> <span class='ocrx_word' id='word_1_484' title='bbox 1714 3667 1942 3744; x_wconf 81' lang='lat' dir='ltr'>recognoseunt</span> <span class='ocrx_word' id='word_1_485' title='bbox 1964 3649 2037 3728; x_wconf 87' lang='lat' dir='ltr'>suas</span> <span class='ocrx_word' id='word_1_486' title='bbox 2068 3661 2330 3748; x_wconf 81' lang='lat' dir='ltr'>transgressiones</span> <span class='ocrx_word' id='word_1_487' title='bbox 2359 3681 2416 3730; x_wconf 93' lang='lat' dir='ltr'>nec</span> <span class='ocrx_word' id='word_1_488' title='bbox 2445 3683 2501 3730; x_wconf 90' lang='lat' dir='ltr'>eu-</span> 
     </span>
     <span class='ocr_line' id='line_1_67' title="bbox 1541 3765 2501 3854; baseline 0.004 -22"><span class='ocrx_word' id='word_1_489' title='bbox 1541 3771 1613 3832; x_wconf 90' lang='lat' dir='ltr'>rant</span> <span class='ocrx_word' id='word_1_490' title='bbox 1647 3765 1790 3846; x_wconf 75' lang='lat' dir='ltr'>obedire,</span> <span class='ocrx_word' id='word_1_491' title='bbox 1828 3767 1997 3854; x_wconf 81' lang='lat' dir='ltr'>Gregorius</span> <span class='ocrx_word' id='word_1_492' title='bbox 2013 3769 2042 3832; x_wconf 80' lang='lat'>5:</span> <span class='ocrx_word' id='word_1_493' title='bbox 2075 3769 2211 3836; x_wconf 73' lang='lat' dir='ltr'>«Melior</span> <span class='ocrx_word' id='word_1_494' title='bbox 2246 3773 2292 3838; x_wconf 87' lang='lat' dir='ltr'>est</span> <span class='ocrx_word' id='word_1_495' title='bbox 2327 3769 2501 3838; x_wconf 87' lang='lat' dir='ltr'>obedientia</span> 
     </span>
     <span class='ocr_line' id='line_1_68' title="bbox 1541 3873 2500 3960; baseline 0 -18"><span class='ocrx_word' id='word_1_496' title='bbox 1541 3877 1638 3958; x_wconf 86' lang='lat' dir='ltr'>quom</span> <span class='ocrx_word' id='word_1_497' title='bbox 1662 3873 1821 3954; x_wconf 87' lang='lat' dir='ltr'>victimae,</span> <span class='ocrx_word' id='word_1_498' title='bbox 1838 3875 1911 3960; x_wconf 91' lang='lat' dir='ltr'>quia</span> <span class='ocrx_word' id='word_1_499' title='bbox 1928 3875 1960 3940; x_wconf 92' lang='lat' dir='ltr'>iu</span> <span class='ocrx_word' id='word_1_500' title='bbox 1982 3873 2157 3942; x_wconf 89' lang='lat' dir='ltr'>obedientia</span> <span class='ocrx_word' id='word_1_501' title='bbox 2177 3882 2332 3942; x_wconf 84' lang='lat' dir='ltr'>mactator</span> <span class='ocrx_word' id='word_1_502' title='bbox 2355 3877 2500 3942; x_wconf 87' lang='lat' dir='ltr'>voluntas</span> 
     </span>
     <span class='ocr_line' id='line_1_69' title="bbox 1541 3977 2501 4072; baseline 0.002 -28"><span class='ocrx_word' id='word_1_503' title='bbox 1541 3979 1688 4062; x_wconf 88' lang='lat' dir='ltr'>propria,</span> <span class='ocrx_word' id='word_1_504' title='bbox 1712 3977 1743 4042; x_wconf 91' lang='lat' dir='ltr'>in</span> <span class='ocrx_word' id='word_1_505' title='bbox 1768 3979 1896 4044; x_wconf 87' lang='lat' dir='ltr'>victima</span> <span class='ocrx_word' id='word_1_506' title='bbox 1917 3997 1992 4072; x_wconf 89' lang='lat' dir='ltr'>caro</span> <span class='ocrx_word' id='word_1_507' title='bbox 2015 3977 2114 4044; x_wconf 90' lang='lat' dir='ltr'>aliena</span> <span class='ocrx_word' id='word_1_508' title='bbox 2130 4007 2160 4044; x_wconf 72' lang='lat' dir='ltr'>a.</span> <span class='ocrx_word' id='word_1_509' title='bbox 2180 3979 2331 4048; x_wconf 81' lang='lat' dir='ltr'>Abusina</span> <span class='ocrx_word' id='word_1_510' title='bbox 2353 3985 2400 4048; x_wconf 92' lang='lat' dir='ltr'>est</span> <span class='ocrx_word' id='word_1_511' title='bbox 2415 3997 2501 4048; x_wconf 88' lang='lat' dir='ltr'>com-</span> 
     </span>
     <span class='ocr_line' id='line_1_70' title="bbox 1541 4083 2498 4172; baseline 0.004 -22"><span class='ocrx_word' id='word_1_512' title='bbox 1541 4083 1677 4168; x_wconf 87' lang='lat' dir='ltr'>paratio,</span> <span class='ocrx_word' id='word_1_513' title='bbox 1709 4083 1783 4168; x_wconf 88' lang='lat' dir='ltr'>quio</span> <span class='ocrx_word' id='word_1_514' title='bbox 1814 4083 1989 4152; x_wconf 81' lang='lat' dir='ltr'>obedientia</span> <span class='ocrx_word' id='word_1_515' title='bbox 2020 4091 2067 4150; x_wconf 89' lang='lat' dir='ltr'>est</span> <span class='ocrx_word' id='word_1_516' title='bbox 2096 4085 2194 4166; x_wconf 90' lang='lat' dir='ltr'>bona,</span> <span class='ocrx_word' id='word_1_517' title='bbox 2225 4091 2258 4152; x_wconf 91' lang='lat' dir='ltr'>et</span> <span class='ocrx_word' id='word_1_518' title='bbox 2286 4085 2355 4152; x_wconf 92' lang='lat' dir='ltr'>ideo</span> <span class='ocrx_word' id='word_1_519' title='bbox 2383 4087 2498 4172; x_wconf 81' lang='lat' dir='ltr'>placct3</span> 
     </span>
     <span class='ocr_line' id='line_1_71' title="bbox 1540 4189 2499 4270; baseline 0.004 -16"><span class='ocrx_word' id='word_1_520' title='bbox 1540 4189 1625 4256; x_wconf 89' lang='lat' dir='ltr'>unde</span> <span class='ocrx_word' id='word_1_521' title='bbox 1657 4189 1855 4256; x_wconf 87' lang='lat' dir='ltr'>Thronorum</span> <span class='ocrx_word' id='word_1_522' title='bbox 1889 4189 2024 4258; x_wconf 70' lang='lat' dir='ltr'>tertioi:</span> <span class='ocrx_word' id='word_1_523' title='bbox 2056 4217 2071 4250; x_wconf 73' lang='grc' dir='ltr'>ιε</span> <span class='ocrx_word' id='word_1_524' title='bbox 2086 4189 2205 4258; x_wconf 61' lang='lat' dir='ltr'>monto</span> <span class='ocrx_word' id='word_1_525' title='bbox 2237 4197 2283 4258; x_wconf 90' lang='lat' dir='ltr'>est</span> <span class='ocrx_word' id='word_1_526' title='bbox 2312 4191 2394 4270; x_wconf 82' lang='lat' dir='ltr'>niro,</span> <span class='ocrx_word' id='word_1_527' title='bbox 2426 4209 2499 4258; x_wconf 92' lang='lat' dir='ltr'>cnm</span> 
     </span>
     <span class='ocr_line' id='line_1_72' title="bbox 1540 4293 2499 4380; baseline 0.002 -18"><span class='ocrx_word' id='word_1_528' title='bbox 1540 4293 1714 4378; x_wconf 80' lang='lat' dir='ltr'>portaverit</span> <span class='ocrx_word' id='word_1_529' title='bbox 1736 4293 1845 4380; x_wconf 81' lang='lat' dir='ltr'>iugum</span> <span class='ocrx_word' id='word_1_530' title='bbox 1870 4295 1908 4360; x_wconf 89' lang='lat' dir='ltr'>ab</span> <span class='ocrx_word' id='word_1_531' title='bbox 1933 4295 2139 4364; x_wconf 87' lang='lat' dir='ltr'>adolescentia</span> <span class='ocrx_word' id='word_1_532' title='bbox 2153 4315 2261 4378; x_wconf 86' lang='lat' dir='ltr'>sua»;</span> <span class='ocrx_word' id='word_1_533' title='bbox 2277 4297 2331 4364; x_wconf 92' lang='lat' dir='ltr'>sed</span> <span class='ocrx_word' id='word_1_534' title='bbox 2355 4297 2499 4366; x_wconf 83' lang='lat' dir='ltr'>victimae</span> 
     </span>
     <span class='ocr_line' id='line_1_73' title="bbox 1540 4401 2498 4490; baseline 0 -22"><span class='ocrx_word' id='word_1_535' title='bbox 1540 4403 1712 4468; x_wconf 92' lang='lat' dir='ltr'>stultorum</span> <span class='ocrx_word' id='word_1_536' title='bbox 1738 4401 1915 4486; x_wconf 88' lang='lat' dir='ltr'>displicent;</span> <span class='ocrx_word' id='word_1_537' title='bbox 1952 4401 2193 4470; x_wconf 85' lang='lat' dir='ltr'>Proverbiornm</span> <span class='ocrx_word' id='word_1_538' title='bbox 2215 4403 2336 4472; x_wconf 77' lang='lat' dir='ltr'>declino</span> <span class='ocrx_word' id='word_1_539' title='bbox 2372 4405 2498 4490; x_wconf 90' lang='lat' dir='ltr'>quinto:</span> 
     </span>
     <span class='ocr_line' id='line_1_74' title="bbox 1546 4507 2499 4594; baseline 0.005 -22"><span class='ocrx_word' id='word_1_540' title='bbox 1546 4533 1563 4564; x_wconf 85' lang='grc'>«</span> <span class='ocrx_word' id='word_1_541' title='bbox 1579 4507 1727 4576; x_wconf 76' lang='lat' dir='ltr'>victimae</span> <span class='ocrx_word' id='word_1_542' title='bbox 1751 4507 1922 4594; x_wconf 86' lang='lat' dir='ltr'>impiorum</span> <span class='ocrx_word' id='word_1_543' title='bbox 1953 4507 2178 4576; x_wconf 82' lang='lat' dir='ltr'>abominabiles</span> <span class='ocrx_word' id='word_1_544' title='bbox 2199 4509 2331 4576; x_wconf 90' lang='lat' dir='ltr'>Domino</span> <span class='ocrx_word' id='word_1_545' title='bbox 2346 4537 2382 4590; x_wconf 79' lang='lat'>»3</span> <span class='ocrx_word' id='word_1_546' title='bbox 2414 4509 2499 4576; x_wconf 90' lang='lat' dir='ltr'>unde</span> 
     </span>
     <span class='ocr_line' id='line_1_75' title="bbox 1541 4613 2499 4698; baseline 0.005 -20"><span class='ocrx_word' id='word_1_547' title='bbox 1541 4613 1616 4678; x_wconf 86' lang='lat' dir='ltr'>Saul</span> <span class='ocrx_word' id='word_1_548' title='bbox 1639 4615 1851 4698; x_wconf 89' lang='lat' dir='ltr'>reprehensus</span> <span class='ocrx_word' id='word_1_549' title='bbox 1875 4613 1951 4692; x_wconf 90' lang='lat' dir='ltr'>luit,</span> <span class='ocrx_word' id='word_1_550' title='bbox 1975 4615 2057 4698; x_wconf 88' lang='lat' dir='ltr'>qnia.</span> <span class='ocrx_word' id='word_1_551' title='bbox 2073 4633 2179 4680; x_wconf 89' lang='lat' dir='ltr'>amore</span> <span class='ocrx_word' id='word_1_552' title='bbox 2201 4615 2366 4682; x_wconf 87' lang='lat' dir='ltr'>oblationis</span> <span class='ocrx_word' id='word_1_553' title='bbox 2395 4621 2499 4682; x_wconf 87' lang='lat' dir='ltr'>trans-</span> 
     </span>
     <span class='ocr_line' id='line_1_76' title="bbox 1540 4717 2499 4806; baseline 0.003 -22"><span class='ocrx_word' id='word_1_554' title='bbox 1540 4735 1668 4804; x_wconf 84' lang='lat' dir='ltr'>gressus</span> <span class='ocrx_word' id='word_1_555' title='bbox 1692 4723 1739 4786; x_wconf 85' lang='lat' dir='ltr'>est</span> <span class='ocrx_word' id='word_1_556' title='bbox 1761 4717 1901 4786; x_wconf 89' lang='lat' dir='ltr'>divinum</span> <span class='ocrx_word' id='word_1_557' title='bbox 1917 4717 2106 4804; x_wconf 89' lang='lat' dir='ltr'>imperium;</span> <span class='ocrx_word' id='word_1_558' title='bbox 2127 4719 2219 4804; x_wconf 90' lang='lat' dir='ltr'>primi</span> <span class='ocrx_word' id='word_1_559' title='bbox 2247 4723 2365 4806; x_wconf 79' lang='lat' dir='ltr'>begam</span> <span class='ocrx_word' id='word_1_560' title='bbox 2379 4721 2499 4788; x_wconf 91' lang='lat' dir='ltr'>decimo</span> 
     </span>
     <span class='ocr_line' id='line_1_77' title="bbox 1540 4823 2499 4908; baseline 0.005 -19"><span class='ocrx_word' id='word_1_561' title='bbox 1540 4823 1669 4908; x_wconf 88' lang='lat' dir='ltr'>quinto:</span> <span class='ocrx_word' id='word_1_562' title='bbox 1700 4849 1715 4882; x_wconf 86' lang='lat'>«</span> <span class='ocrx_word' id='word_1_563' title='bbox 1740 4825 1886 4908; x_wconf 87' lang='lat' dir='ltr'>Numquid</span> <span class='ocrx_word' id='word_1_564' title='bbox 1921 4825 1989 4890; x_wconf 89' lang='lat' dir='ltr'>vult</span> <span class='ocrx_word' id='word_1_565' title='bbox 2024 4825 2177 4892; x_wconf 89' lang='lat' dir='ltr'>Dominus</span> <span class='ocrx_word' id='word_1_566' title='bbox 2210 4827 2408 4906; x_wconf 89' lang='lat' dir='ltr'>holocausta,</span> <span class='ocrx_word' id='word_1_567' title='bbox 2443 4833 2499 4894; x_wconf 92' lang='lat' dir='ltr'>ant</span> 
     </span>
     <span class='ocr_line' id='line_1_78' title="bbox 1540 4929 2499 5014; baseline 0.004 -18"><span class='ocrx_word' id='word_1_568' title='bbox 1540 4929 1700 5010; x_wconf 80' lang='lat' dir='ltr'>victimas,</span> <span class='ocrx_word' id='word_1_569' title='bbox 1723 4937 1755 4996; x_wconf 91' lang='lat' dir='ltr'>et</span> <span class='ocrx_word' id='word_1_570' title='bbox 1777 4947 1839 4996; x_wconf 91' lang='lat' dir='ltr'>non</span> <span class='ocrx_word' id='word_1_571' title='bbox 1864 4929 1977 5014; x_wconf 88' lang='lat' dir='ltr'>potius,</span> <span class='ocrx_word' id='word_1_572' title='bbox 2003 4935 2038 4996; x_wconf 91' lang='lat' dir='ltr'>ut</span> <span class='ocrx_word' id='word_1_573' title='bbox 2061 4931 2224 4998; x_wconf 89' lang='lat' dir='ltr'>obediatur</span> <span class='ocrx_word' id='word_1_574' title='bbox 2248 4933 2299 5000; x_wconf 83' lang='lat' dir='ltr'>ei?</span> <span class='ocrx_word' id='word_1_575' title='bbox 2321 4933 2429 5000; x_wconf 86' lang='lat' dir='ltr'>Melior</span> <span class='ocrx_word' id='word_1_576' title='bbox 2450 4939 2499 5002; x_wconf 89' lang='lat' dir='ltr'>est</span> 
     </span>
     <span class='ocr_line' id='line_1_79' title="bbox 1540 5035 2498 5126; baseline 0.005 -22"><span class='ocrx_word' id='word_1_577' title='bbox 1540 5035 1623 5104; x_wconf 89' lang='lat' dir='ltr'>enim</span> <span class='ocrx_word' id='word_1_578' title='bbox 1646 5035 1822 5102; x_wconf 88' lang='lat' dir='ltr'>obedientia</span> <span class='ocrx_word' id='word_1_579' title='bbox 1843 5055 1940 5122; x_wconf 87' lang='lat' dir='ltr'>quam</span> <span class='ocrx_word' id='word_1_580' title='bbox 1963 5035 2124 5116; x_wconf 91' lang='lat' dir='ltr'>victimae,</span> <span class='ocrx_word' id='word_1_581' title='bbox 2147 5045 2180 5104; x_wconf 92' lang='lat' dir='ltr'>et</span> <span class='ocrx_word' id='word_1_582' title='bbox 2201 5041 2380 5108; x_wconf 90' lang='lat' dir='ltr'>auscultare</span> <span class='ocrx_word' id='word_1_583' title='bbox 2399 5041 2498 5126; x_wconf 76' lang='lat' dir='ltr'>magis</span> 
     </span>
     <span class='ocr_line' id='line_1_80' title="bbox 1539 5141 2125 5230; baseline 0 -22"><span class='ocrx_word' id='word_1_584' title='bbox 1539 5161 1637 5230; x_wconf 87' lang='lat' dir='ltr'>quam</span> <span class='ocrx_word' id='word_1_585' title='bbox 1660 5143 1773 5208; x_wconf 90' lang='lat' dir='ltr'>ollerre</span> <span class='ocrx_word' id='word_1_586' title='bbox 1797 5141 1919 5228; x_wconf 88' lang='lat' dir='ltr'>adipem</span> <span class='ocrx_word' id='word_1_587' title='bbox 1943 5143 2078 5210; x_wconf 88' lang='lat' dir='ltr'>arietum</span> <span class='ocrx_word' id='word_1_588' title='bbox 2093 5169 2125 5208; x_wconf 89' lang='lat'>».</span> 
     </span>
    </p>
   </div>
   <div class='ocr_carea' id='block_1_16' title="bbox 1284 5365 1628 5432">
    <p class='ocr_par' dir='ltr' id='par_1_25' title="bbox 1284 5365 1628 5432">
     <span class='ocr_line' id='line_1_81' title="bbox 1284 5365 1628 5432; baseline 0.009 -3"><span class='ocrx_word' id='word_1_589' title='bbox 1284 5369 1285 5372; x_wconf 76' lang='grc'>’</span> <span class='ocrx_word' id='word_1_590' title='bbox 1385 5365 1569 5432; x_wconf 73' lang='lat' dir='ltr'>Ceutronum</span> <span class='ocrx_word' id='word_1_591' title='bbox 1592 5365 1628 5432; x_wconf 91' lang='lat' dir='ltr'>V.</span> 
     </span>
    </p>
   </div>
   <div class='ocr_carea' id='block_1_17' title="bbox 598 5587 1395 5788">
    <p class='ocr_par' dir='ltr' id='par_1_26' title="bbox 598 5587 1395 5788">
     <span class='ocr_line' id='line_1_82' title="bbox 598 5587 1395 5662; baseline -0.009 0"><span class='ocrx_word' id='word_1_592' title='bbox 598 5591 735 5662; x_wconf 80' lang='lat' dir='ltr'>Smuudo</span> <span class='ocrx_word' id='word_1_593' title='bbox 759 5589 855 5662; x_wconf 86' lang='lat' dir='ltr'>dator</span> <span class='ocrx_word' id='word_1_594' title='bbox 881 5588 1053 5662; x_wconf 86' lang='lat' dir='ltr'>remedium</span> <span class='ocrx_word' id='word_1_595' title='bbox 1077 5587 1188 5660; x_wconf 87' lang='lat' dir='ltr'>contra</span> <span class='ocrx_word' id='word_1_596' title='bbox 1209 5587 1395 5658; x_wconf 86' lang='lat' dir='ltr'>locationem</span> 
     </span>
     <span class='ocr_line' id='line_1_83' title="bbox 702 5691 1284 5788; baseline -0.01 -20"><span class='ocrx_word' id='word_1_597' title='bbox 702 5695 855 5782; x_wconf 80' lang='lat' dir='ltr'>sttrltam,</span> <span class='ocrx_word' id='word_1_598' title='bbox 881 5717 960 5788; x_wconf 87' lang='lat' dir='ltr'>quae</span> <span class='ocrx_word' id='word_1_599' title='bbox 981 5691 1025 5776; x_wconf 84' lang='lat' dir='ltr'>nt</span> <span class='ocrx_word' id='word_1_600' title='bbox 1043 5693 1164 5786; x_wconf 85' lang='lat' dir='ltr'>triplici</span> <span class='ocrx_word' id='word_1_601' title='bbox 1189 5695 1284 5764; x_wconf 92' lang='lat' dir='ltr'>modo.</span> 
     </span>
    </p>
   </div>
   <div class='ocr_carea' id='block_1_18' title="bbox 408 5881 1475 6102">
    <p class='ocr_par' dir='ltr' id='par_1_27' title="bbox 408 5881 1475 6102">
     <span class='ocr_line' id='line_1_84' title="bbox 560 5881 1473 6000; baseline -0.004 -22"><span class='ocrx_word' id='word_1_602' title='bbox 560 5881 654 5978; x_wconf 65' lang='lat' dir='ltr'>&#39;No</span> <span class='ocrx_word' id='word_1_603' title='bbox 677 5919 790 5980; x_wconf 85' lang='lat' dir='ltr'>temere</span> <span class='ocrx_word' id='word_1_604' title='bbox 826 5911 906 6000; x_wconf 82' lang='lat' dir='ltr'>quid</span> <span class='ocrx_word' id='word_1_605' title='bbox 941 5895 1108 5998; x_wconf 54' lang='lat' dir='ltr'>loquaris(</span> <span class='ocrx_word' id='word_1_606' title='bbox 1125 5907 1179 5974; x_wconf 93' lang='lat' dir='ltr'>llic</span> <span class='ocrx_word' id='word_1_607' title='bbox 1211 5909 1270 5974; x_wconf 90' lang='lat' dir='ltr'>dat</span> <span class='ocrx_word' id='word_1_608' title='bbox 1300 5907 1473 5976; x_wconf 87' lang='lat' dir='ltr'>remedimn</span> 
     </span>
     <span class='ocr_line' id='line_1_85' title="bbox 408 6009 1475 6102; baseline -0.009 -14"><span class='ocrx_word' id='word_1_609' title='bbox 408 6009 627 6088; x_wconf 65' lang='lat' dir='ltr'>annocentia</span> <span class='ocrx_word' id='word_1_610' title='bbox 650 6013 844 6084; x_wconf 83' lang='lat' dir='ltr'>lactationem</span> <span class='ocrx_word' id='word_1_611' title='bbox 866 6023 896 6082; x_wconf 81' lang='lat' dir='ltr'>ct</span> <span class='ocrx_word' id='word_1_612' title='bbox 914 6017 1004 6092; x_wconf 82' lang='lat' dir='ltr'>itam</span> <span class='ocrx_word' id='word_1_613' title='bbox 1025 6011 1090 6082; x_wconf 84' lang='lat' dir='ltr'>sive</span> <span class='ocrx_word' id='word_1_614' title='bbox 1105 6013 1332 6102; x_wconf 89' lang='lat' dir='ltr'>inordinatam.</span> <span class='ocrx_word' id='word_1_615' title='bbox 1358 6013 1475 6084; x_wconf 89' lang='lat' dir='ltr'>lnordi-</span> 
     </span>
    </p>
   </div>
   <div class='ocr_carea' id='block_1_19' title="bbox 517 6313 1477 7006">
    <p class='ocr_par' dir='ltr' id='par_1_28' title="bbox 518 6313 1477 6472">
     <span class='ocr_line' id='line_1_86' title="bbox 589 6313 1477 6388; baseline -0.008 -13"><span class='ocrx_word' id='word_1_616' title='bbox 589 6321 597 6356; x_wconf 80' lang='lat'><strong>¹</strong></span> <span class='ocrx_word' id='word_1_617' title='bbox 617 6321 680 6388; x_wconf 84' lang='lat' dir='ltr'>Cep.</span> <span class='ocrx_word' id='word_1_618' title='bbox 701 6321 731 6384; x_wconf 86' lang='lat'>5,</span> <span class='ocrx_word' id='word_1_619' title='bbox 752 6323 775 6372; x_wconf 86' lang='lat' dir='ltr'>D.</span> <span class='ocrx_word' id='word_1_620' title='bbox 793 6347 829 6360; x_wconf 89' lang='lat'><em>-</em></span> <span class='ocrx_word' id='word_1_621' title='bbox 847 6321 910 6386; x_wconf 79' lang='lat' dir='ltr'>Sep.</span> <span class='ocrx_word' id='word_1_622' title='bbox 928 6319 1000 6370; x_wconf 76' lang='lat' dir='ltr'>locris</span> <span class='ocrx_word' id='word_1_623' title='bbox 1014 6317 1085 6382; x_wconf 85' lang='lat' dir='ltr'>Quid</span> <span class='ocrx_word' id='word_1_624' title='bbox 1097 6313 1176 6372; x_wconf 87' lang='lat' dir='ltr'>babet</span> <span class='ocrx_word' id='word_1_625' title='bbox 1187 6315 1307 6384; x_wconf 85' lang='lat' dir='ltr'>otnplius</span> <span class='ocrx_word' id='word_1_626' title='bbox 1319 6321 1359 6368; x_wconf 86' lang='lat' dir='ltr'>est</span> <span class='ocrx_word' id='word_1_627' title='bbox 1372 6331 1394 6368; x_wconf 88' lang='lat' dir='ltr'>e.</span> <span class='ocrx_word' id='word_1_628' title='bbox 1408 6319 1437 6380; x_wconf 81' lang='lat'>6,</span> <span class='ocrx_word' id='word_1_629' title='bbox 1451 6317 1477 6368; x_wconf 88' lang='lat'>8.</span> 
     </span>
     <span class='ocr_line' id='line_1_87' title="bbox 518 6405 1441 6472; baseline -0.002 -12"><span class='ocrx_word' id='word_1_630' title='bbox 518 6411 576 6462; x_wconf 80' lang='lat' dir='ltr'>Vnt.</span> <span class='ocrx_word' id='word_1_631' title='bbox 594 6411 768 6464; x_wconf 57' lang='lat' dir='ltr'>boc‘tertium</span> <span class='ocrx_word' id='word_1_632' title='bbox 786 6409 952 6472; x_wconf 88' lang='lat' dir='ltr'>membrum,</span> <span class='ocrx_word' id='word_1_633' title='bbox 971 6405 1209 6462; x_wconf 80' lang='lat' dir='ltr'>contradicentibus</span> <span class='ocrx_word' id='word_1_634' title='bbox 1229 6407 1319 6472; x_wconf 74' lang='lat' dir='ltr'>codd,</span> <span class='ocrx_word' id='word_1_635' title='bbox 1337 6405 1441 6458; x_wconf 88' lang='lat' dir='ltr'>omittit.</span> 
     </span>
    </p>

    <p class='ocr_par' dir='ltr' id='par_1_29' title="bbox 587 6495 1089 6566">
     <span class='ocr_line' id='line_1_88' title="bbox 587 6495 1089 6566; baseline -0.004 -14"><span class='ocrx_word' id='word_1_636' title='bbox 587 6495 597 6526; x_wconf 78' lang='lat'>²</span> <span class='ocrx_word' id='word_1_637' title='bbox 617 6499 681 6564; x_wconf 87' lang='lat' dir='ltr'>Cap.</span> <span class='ocrx_word' id='word_1_638' title='bbox 701 6499 729 6566; x_wconf 82' lang='lat'>5,</span> <span class='ocrx_word' id='word_1_639' title='bbox 752 6501 778 6564; x_wconf 84' lang='lat' dir='ltr'>·l;</span> <span class='ocrx_word' id='word_1_640' title='bbox 799 6501 916 6566; x_wconf 82' lang='lat' dir='ltr'>sequitur</span> <span class='ocrx_word' id='word_1_641' title='bbox 936 6499 1001 6552; x_wconf 89' lang='lat' dir='ltr'>ibid.</span> <span class='ocrx_word' id='word_1_642' title='bbox 1018 6513 1044 6550; x_wconf 83' lang='lat' dir='ltr'>v.</span> <span class='ocrx_word' id='word_1_643' title='bbox 1064 6499 1089 6550; x_wconf 85' lang='lat'>7.</span> 
     </span>
    </p>

    <p class='ocr_par' dir='ltr' id='par_1_30' title="bbox 586 6583 1104 6658">
     <span class='ocr_line' id='line_1_89' title="bbox 586 6583 1104 6658; baseline 0.004 -20"><span class='ocrx_word' id='word_1_644' title='bbox 586 6583 597 6612; x_wconf 85' lang='lat'>³</span> <span class='ocrx_word' id='word_1_645' title='bbox 618 6589 693 6640; x_wconf 81' lang='lat' dir='ltr'>Vens.</span> <span class='ocrx_word' id='word_1_646' title='bbox 713 6589 755 6640; x_wconf 88' lang='lat' dir='ltr'>t3.</span> <span class='ocrx_word' id='word_1_647' title='bbox 773 6617 809 6630; x_wconf 90' lang='lat'><em>-</em></span> <span class='ocrx_word' id='word_1_648' title='bbox 828 6587 950 6658; x_wconf 82' lang='lat' dir='ltr'>Sequitur</span> <span class='ocrx_word' id='word_1_649' title='bbox 967 6589 1009 6640; x_wconf 87' lang='lat' dir='ltr'>Ds.</span> <span class='ocrx_word' id='word_1_650' title='bbox 1027 6587 1059 6652; x_wconf 84' lang='lat'>5,</span> <span class='ocrx_word' id='word_1_651' title='bbox 1077 6589 1104 6640; x_wconf 86' lang='lat'>8.</span> 
     </span>
    </p>

    <p class='ocr_par' dir='ltr' id='par_1_31' title="bbox 517 6669 1477 6916">
     <span class='ocr_line' id='line_1_90' title="bbox 542 6669 1476 6744; baseline -0.005 -19"><span class='ocrx_word' id='word_1_652' title='bbox 542 6709 544 6712; x_wconf 90' lang='lat'>-</span> <span class='ocrx_word' id='word_1_653' title='bbox 587 6669 598 6700; x_wconf 82' lang='lat'>⁴</span> <span class='ocrx_word' id='word_1_654' title='bbox 620 6675 694 6728; x_wconf 83' lang='lat' dir='ltr'>Vens.</span> <span class='ocrx_word' id='word_1_655' title='bbox 713 6677 745 6728; x_wconf 88' lang='grc'>3,·</span> <span class='ocrx_word' id='word_1_656' title='bbox 758 6703 792 6716; x_wconf 92' lang='lat'>-··</span> <span class='ocrx_word' id='word_1_657' title='bbox 813 6679 936 6744; x_wconf 84' lang='lat' dir='ltr'>Sequitur</span> <span class='ocrx_word' id='word_1_658' title='bbox 953 6679 1001 6730; x_wconf 91' lang='lat' dir='ltr'>ler.</span> <span class='ocrx_word' id='word_1_659' title='bbox 1019 6675 1067 6742; x_wconf 77' lang='lat' dir='ltr'>lt,</span> <span class='ocrx_word' id='word_1_660' title='bbox 1085 6677 1129 6730; x_wconf 76' lang='lat'>20.</span> <span class='ocrx_word' id='word_1_661' title='bbox 1146 6681 1173 6728; x_wconf 87' lang='lat' dir='ltr'>ot</span> <span class='ocrx_word' id='word_1_662' title='bbox 1191 6675 1219 6726; x_wconf 73' lang='lat' dir='ltr'>ll</span> <span class='ocrx_word' id='word_1_663' title='bbox 1232 6693 1239 6728; x_wconf 90' lang='lat'><strong>:</strong></span> <span class='ocrx_word' id='word_1_664' title='bbox 1252 6673 1345 6728; x_wconf 79' lang='lat' dir='ltr'>Attdite</span> <span class='ocrx_word' id='word_1_665' title='bbox 1363 6669 1476 6724; x_wconf 91' lang='lat' dir='ltr'>verbum</span> 
     </span>
     <span class='ocr_line' id='line_1_91' title="bbox 517 6761 1477 6832; baseline -0.006 -18"><span class='ocrx_word' id='word_1_666' title='bbox 517 6761 636 6826; x_wconf 90' lang='lat' dir='ltr'>Domini,</span> <span class='ocrx_word' id='word_1_667' title='bbox 653 6777 730 6826; x_wconf 78' lang='lat' dir='ltr'>reges</span> <span class='ocrx_word' id='word_1_668' title='bbox 749 6765 811 6816; x_wconf 84' lang='lat' dir='ltr'>luda</span> <span class='ocrx_word' id='word_1_669' title='bbox 829 6771 855 6816; x_wconf 90' lang='lat' dir='ltr'>et</span> <span class='ocrx_word' id='word_1_670' title='bbox 874 6767 957 6818; x_wconf 87' lang='lat' dir='ltr'>omnis</span> <span class='ocrx_word' id='word_1_671' title='bbox 971 6767 1033 6820; x_wconf 88' lang='lat' dir='ltr'>ludo</span> <span class='ocrx_word' id='word_1_672' title='bbox 1047 6765 1187 6832; x_wconf 86' lang='lat' dir='ltr'>cunctique</span> <span class='ocrx_word' id='word_1_673' title='bbox 1204 6763 1364 6816; x_wconf 86' lang='lat' dir='ltr'>habitatores</span> <span class='ocrx_word' id='word_1_674' title='bbox 1380 6761 1477 6812; x_wconf 90' lang='lat' dir='ltr'>ierusa-</span> 
     </span>
     <span class='ocr_line' id='line_1_92' title="bbox 517 6847 1249 6916; baseline 0.007 -17"><span class='ocrx_word' id='word_1_675' title='bbox 517 6848 581 6914; x_wconf 88' lang='lat' dir='ltr'>lem,</span> <span class='ocrx_word' id='word_1_676' title='bbox 601 6847 646 6914; x_wconf 88' lang='lat' dir='ltr'>qui</span> <span class='ocrx_word' id='word_1_677' title='bbox 660 6847 831 6912; x_wconf 80' lang='lat' dir='ltr'>ingredimini</span> <span class='ocrx_word' id='word_1_678' title='bbox 851 6865 899 6916; x_wconf 90' lang='lat' dir='ltr'>per</span> <span class='ocrx_word' id='word_1_679' title='bbox 918 6859 1006 6916; x_wconf 88' lang='lat' dir='ltr'>portes</span> <span class='ocrx_word' id='word_1_680' title='bbox 1024 6851 1095 6904; x_wconf 85' lang='lat' dir='ltr'>istas.</span> <span class='ocrx_word' id='word_1_681' title='bbox 1114 6853 1183 6904; x_wconf 86' lang='lat' dir='ltr'>Haec</span> <span class='ocrx_word' id='word_1_682' title='bbox 1199 6857 1249 6904; x_wconf 85' lang='lat' dir='ltr'>etc.</span> 
     </span>
    </p>

    <p class='ocr_par' dir='ltr' id='par_1_32' title="bbox 587 6931 1474 7006">
     <span class='ocr_line' id='line_1_93' title="bbox 587 6931 1474 7006; baseline 0 -18"><span class='ocrx_word' id='word_1_683' title='bbox 587 6931 598 6964; x_wconf 76' lang='lat'><strong>⁶</strong></span> <span class='ocrx_word' id='word_1_684' title='bbox 618 6933 690 6988; x_wconf 86' lang='lat' dir='ltr'>Libr.</span> <span class='ocrx_word' id='word_1_685' title='bbox 707 6935 817 6988; x_wconf 77' lang='lat' dir='ltr'>XXXV.</span> <span class='ocrx_word' id='word_1_686' title='bbox 835 6937 922 6992; x_wconf 84' lang='lat' dir='ltr'>lloral.</span> <span class='ocrx_word' id='word_1_687' title='bbox 942 6955 964 6990; x_wconf 86' lang='lat' dir='ltr'>c.</span> <span class='ocrx_word' id='word_1_688' title='bbox 987 6939 1017 6990; x_wconf 80' lang='lat' dir='ltr'>ll</span> <span class='ocrx_word' id='word_1_689' title='bbox 1038 6955 1065 6992; x_wconf 89' lang='lat' dir='ltr'>n.</span> <span class='ocrx_word' id='word_1_690' title='bbox 1082 6943 1132 6992; x_wconf 79' lang='lat'>28:</span> <span class='ocrx_word' id='word_1_691' title='bbox 1151 6941 1215 6992; x_wconf 88' lang='lat' dir='ltr'>Hinc</span> <span class='ocrx_word' id='word_1_692' title='bbox 1236 6939 1339 6994; x_wconf 83' lang='lat' dir='ltr'>Samuel</span> <span class='ocrx_word' id='word_1_693' title='bbox 1362 6937 1388 7006; x_wconf 85' lang='lat' dir='ltr'>[l.</span> <span class='ocrx_word' id='word_1_694' title='bbox 1408 6937 1474 7000; x_wconf 78' lang='lat' dir='ltr'>bag.</span> 
     </span>
    </p>
   </div>
   <div class='ocr_carea' id='block_1_20' title="bbox 1537 5587 2496 5886">
    <p class='ocr_par' dir='ltr' id='par_1_33' title="bbox 1537 5587 2496 5886">
     <span class='ocr_line' id='line_1_94' title="bbox 1538 5587 2496 5674; baseline 0 -18"><span class='ocrx_word' id='word_1_695' title='bbox 1538 5593 1612 5656; x_wconf 84' lang='lat' dir='ltr'>nata</span> <span class='ocrx_word' id='word_1_696' title='bbox 1634 5593 1740 5656; x_wconf 89' lang='lat' dir='ltr'>autem</span> <span class='ocrx_word' id='word_1_697' title='bbox 1762 5596 1810 5656; x_wconf 87' lang='lat' dir='ltr'>est</span> <span class='ocrx_word' id='word_1_698' title='bbox 1832 5587 1961 5668; x_wconf 91' lang='lat' dir='ltr'>locatio,</span> <span class='ocrx_word' id='word_1_699' title='bbox 1987 5593 2042 5656; x_wconf 89' lang='lat' dir='ltr'>aut</span> <span class='ocrx_word' id='word_1_700' title='bbox 2063 5591 2137 5674; x_wconf 83' lang='lat' dir='ltr'>quia</span> <span class='ocrx_word' id='word_1_701' title='bbox 2162 5587 2426 5670; x_wconf 69' lang='lat' dir='ltr'>innominatum</span> <span class='ocrx_word' id='word_1_702' title='bbox 2441 5595 2496 5656; x_wconf 84' lang='lat' dir='ltr'>aut</span> 
     </span>
     <span class='ocr_line' id='line_1_95' title="bbox 1538 5693 2495 5782; baseline 0.002 -20"><span class='ocrx_word' id='word_1_703' title='bbox 1538 5695 1613 5782; x_wconf 84' lang='lat' dir='ltr'>qnia</span> <span class='ocrx_word' id='word_1_704' title='bbox 1645 5693 1753 5782; x_wconf 80' lang='lat' dir='ltr'>saba,</span> <span class='ocrx_word' id='word_1_705' title='bbox 1776 5701 1809 5762; x_wconf 94' lang='lat' dir='ltr'>et</span> <span class='ocrx_word' id='word_1_706' title='bbox 1842 5695 1924 5762; x_wconf 88' lang='lat' dir='ltr'>hanc</span> <span class='ocrx_word' id='word_1_707' title='bbox 1957 5695 2122 5782; x_wconf 87' lang='lat' dir='ltr'>probibet,</span> <span class='ocrx_word' id='word_1_708' title='bbox 2145 5695 2205 5764; x_wconf 91' lang='lat' dir='ltr'>ibi:</span> <span class='ocrx_word' id='word_1_709' title='bbox 2243 5695 2382 5782; x_wconf 83' lang='lat' dir='ltr'>Siquid</span> <span class='ocrx_word' id='word_1_710' title='bbox 2406 5697 2495 5764; x_wconf 73' lang='lat' dir='ltr'>notri-</span> 
     </span>
     <span class='ocr_line' id='line_1_96' title="bbox 1537 5801 2494 5886; baseline 0.002 -20"><span class='ocrx_word' id='word_1_711' title='bbox 1537 5803 1581 5868; x_wconf 83' lang='lat' dir='ltr'>sti</span> <span class='ocrx_word' id='word_1_712' title='bbox 1604 5807 1678 5882; x_wconf 72' lang='lat' dir='ltr'>eto,</span> <span class='ocrx_word' id='word_1_713' title='bbox 1700 5807 1757 5868; x_wconf 90' lang='lat' dir='ltr'>aut</span> <span class='ocrx_word' id='word_1_714' title='bbox 1772 5801 1847 5886; x_wconf 87' lang='lat' dir='ltr'>quia</span> <span class='ocrx_word' id='word_1_715' title='bbox 1862 5821 2019 5880; x_wconf 81' lang='lat' dir='ltr'>mroneo,</span> <span class='ocrx_word' id='word_1_716' title='bbox 2044 5807 2082 5868; x_wconf 80' lang='lat' dir='ltr'>et¹</span> <span class='ocrx_word' id='word_1_717' title='bbox 2097 5803 2178 5868; x_wconf 87' lang='lat' dir='ltr'>hanc</span> <span class='ocrx_word' id='word_1_718' title='bbox 2199 5801 2242 5866; x_wconf 90' lang='lat' dir='ltr'>ihi</span> <span class='ocrx_word' id='word_1_719' title='bbox 2258 5801 2422 5884; x_wconf 89' lang='lat' dir='ltr'>prohibet:</span> <span class='ocrx_word' id='word_1_720' title='bbox 2446 5801 2494 5868; x_wconf 84' lang='lat' dir='ltr'>Ne</span> 
     </span>
    </p>
   </div>
   <div class='ocr_carea' id='block_1_21' title="bbox 1538 5905 2664 6104">
    <p class='ocr_par' dir='ltr' id='par_1_34' title="bbox 1538 5905 2664 6104">
     <span class='ocr_line' id='line_1_97' title="bbox 1538 5905 2647 5996; baseline 0.002 -22"><span class='ocrx_word' id='word_1_721' title='bbox 1538 5909 1667 5976; x_wconf 71' lang='lat' dir='ltr'>deuterio</span> <span class='ocrx_word' id='word_1_722' title='bbox 1693 5927 1731 5974; x_wconf 84' lang='lat' dir='ltr'>oc</span> <span class='ocrx_word' id='word_1_723' title='bbox 1759 5917 1870 5988; x_wconf 88' lang='lat' dir='ltr'>tuum,</span> <span class='ocrx_word' id='word_1_724' title='bbox 1901 5917 1939 5974; x_wconf 90' lang='lat' dir='ltr'>ut</span> <span class='ocrx_word' id='word_1_725' title='bbox 1961 5927 2100 5996; x_wconf 88' lang='lat' dir='ltr'>peccare</span> <span class='ocrx_word' id='word_1_726' title='bbox 2121 5905 2235 5992; x_wconf 80' lang='lat' dir='ltr'>facino</span> <span class='ocrx_word' id='word_1_727' title='bbox 2255 5913 2314 5974; x_wconf 89' lang='lat' dir='ltr'>etc.</span> <span class='ocrx_word' id='word_1_728' title='bbox 2338 5947 2383 5956; x_wconf 99' lang='lat'>—</span> <span class='ocrx_word' id='word_1_729' title='bbox 2405 5909 2493 5978; x_wconf 83' lang='lat' dir='ltr'>ctroa</span> <span class='ocrx_word' id='word_1_730' title='bbox 2514 5929 2647 5994; x_wconf 67' lang='lat' dir='ltr'>noioean-</span> 
     </span>
     <span class='ocr_line' id='line_1_98' title="bbox 1538 5995 2664 6104; baseline 0.002 -24"><span class='ocrx_word' id='word_1_731' title='bbox 1538 6015 1727 6084; x_wconf 86' lang='lat' dir='ltr'>locutionem</span> <span class='ocrx_word' id='word_1_732' title='bbox 1757 6013 2039 6104; x_wconf 75' lang='lat' dir='ltr'>inconsideratam</span> <span class='ocrx_word' id='word_1_733' title='bbox 2065 6011 2217 6100; x_wconf 85' lang='lat' dir='ltr'>probibet</span> <span class='ocrx_word' id='word_1_734' title='bbox 2246 6013 2495 6102; x_wconf 75' lang='lat' dir='ltr'>praecipitatio·</span> <span class='ocrx_word' id='word_1_735' title='bbox 2535 5995 2664 6082; x_wconf 44' lang='lat' dir='ltr'>iiiiii&amp;</span> 
     </span>
    </p>
   </div>
   <div class='ocr_carea' id='block_1_22' title="bbox 1539 6313 2496 7004">
    <p class='ocr_par' dir='ltr' id='par_1_35' title="bbox 1540 6313 2494 6564">
     <span class='ocr_line' id='line_1_99' title="bbox 1543 6313 2494 6388; baseline 0 -18"><span class='ocrx_word' id='word_1_736' title='bbox 1543 6319 1589 6380; x_wconf 82' lang='lat' dir='ltr'>lb,</span> <span class='ocrx_word' id='word_1_737' title='bbox 1610 6319 1663 6388; x_wconf 69' lang='lat' dir='ltr'>aa]</span> <span class='ocrx_word' id='word_1_738' title='bbox 1684 6319 1731 6372; x_wconf 86' lang='lat' dir='ltr'>ait:</span> <span class='ocrx_word' id='word_1_739' title='bbox 1750 6315 1845 6374; x_wconf 81' lang='lat' dir='ltr'>Melior·</span> <span class='ocrx_word' id='word_1_740' title='bbox 1865 6319 1904 6370; x_wconf 83' lang='lat' dir='ltr'>cot</span> <span class='ocrx_word' id='word_1_741' title='bbox 1922 6313 2067 6370; x_wconf 88' lang='lat' dir='ltr'>obedientia</span> <span class='ocrx_word' id='word_1_742' title='bbox 2085 6329 2169 6384; x_wconf 82' lang='lat' dir='ltr'>quom</span> <span class='ocrx_word' id='word_1_743' title='bbox 2180 6315 2329 6372; x_wconf 85' lang='lat' dir='ltr'>oicllinac...</span> <span class='ocrx_word' id='word_1_744' title='bbox 2343 6319 2494 6372; x_wconf 86' lang='lat' dir='ltr'>Dbedientio</span> 
     </span>
     <span class='ocr_line' id='line_1_100' title="bbox 1540 6405 2494 6472; baseline 0.002 -14"><span class='ocrx_word' id='word_1_745' title='bbox 1540 6407 1638 6472; x_wconf 78' lang='lat' dir='ltr'>quippe</span> <span class='ocrx_word' id='word_1_746' title='bbox 1658 6407 1770 6460; x_wconf 88' lang='lat' dir='ltr'>victimis</span> <span class='ocrx_word' id='word_1_747' title='bbox 1789 6409 1845 6460; x_wconf 89' lang='lat' dir='ltr'>iore</span> <span class='ocrx_word' id='word_1_748' title='bbox 1859 6405 2043 6472; x_wconf 85' lang='lat' dir='ltr'>praeponitur,</span> <span class='ocrx_word' id='word_1_749' title='bbox 2060 6405 2120 6470; x_wconf 86' lang='lat' dir='ltr'>quia</span> <span class='ocrx_word' id='word_1_750' title='bbox 2133 6419 2182 6468; x_wconf 88' lang='lat' dir='ltr'>per</span> <span class='ocrx_word' id='word_1_751' title='bbox 2193 6405 2313 6460; x_wconf 90' lang='lat' dir='ltr'>victimas</span> <span class='ocrx_word' id='word_1_752' title='bbox 2326 6409 2409 6460; x_wconf 84' lang='lat' dir='ltr'>altena</span> <span class='ocrx_word' id='word_1_753' title='bbox 2422 6421 2494 6470; x_wconf 87' lang='lat' dir='ltr'>earo,</span> 
     </span>
     <span class='ocr_line' id='line_1_101' title="bbox 1540 6493 2283 6564; baseline 0.005 -20"><span class='ocrx_word' id='word_1_754' title='bbox 1540 6509 1587 6558; x_wconf 92' lang='lat' dir='ltr'>per</span> <span class='ocrx_word' id='word_1_755' title='bbox 1607 6493 1781 6548; x_wconf 87' lang='lat' dir='ltr'>obedientiam</span> <span class='ocrx_word' id='word_1_756' title='bbox 1802 6507 1865 6546; x_wconf 88' lang='lat' dir='ltr'>vero</span> <span class='ocrx_word' id='word_1_757' title='bbox 1883 6495 2004 6564; x_wconf 82' lang='lat' dir='ltr'>¹voluntas</span> <span class='ocrx_word' id='word_1_758' title='bbox 2022 6493 2127 6558; x_wconf 89' lang='lat' dir='ltr'>proprio</span> <span class='ocrx_word' id='word_1_759' title='bbox 2148 6495 2283 6548; x_wconf 74' lang='lat' dir='ltr'>uinciatur.</span> 
     </span>
    </p>

    <p class='ocr_par' dir='ltr' id='par_1_36' title="bbox 1539 6579 2496 7004">
     <span class='ocr_line' id='line_1_102' title="bbox 1611 6579 2492 6646; baseline 0 -12"><span class='ocrx_word' id='word_1_760' title='bbox 1611 6579 1715 6634; x_wconf 69' lang='lat' dir='ltr'>“Vers</span> <span class='ocrx_word' id='word_1_761' title='bbox 1735 6583 1777 6636; x_wconf 78' lang='lat' dir='ltr'>nt.</span> <span class='ocrx_word' id='word_1_762' title='bbox 1795 6611 1830 6624; x_wconf 85' lang='lat'>—-</span> <span class='ocrx_word' id='word_1_763' title='bbox 1850 6583 1957 6634; x_wconf 88' lang='lat' dir='ltr'>interius</span> <span class='ocrx_word' id='word_1_764' title='bbox 1977 6583 2121 6646; x_wconf 85' lang='lat' dir='ltr'>allegantur</span> <span class='ocrx_word' id='word_1_765' title='bbox 2138 6583 2217 6636; x_wconf 84' lang='lat' dir='ltr'>Pron.</span> <span class='ocrx_word' id='word_1_766' title='bbox 2237 6583 2284 6646; x_wconf 79' lang='lat' dir='ltr'>la,</span> <span class='ocrx_word' id='word_1_767' title='bbox 2303 6585 2327 6634; x_wconf 89' lang='lat'>8.</span> <span class='ocrx_word' id='word_1_768' title='bbox 2348 6589 2371 6634; x_wconf 90' lang='lat' dir='ltr'>et</span> <span class='ocrx_word' id='word_1_769' title='bbox 2390 6583 2409 6634; x_wconf 92' lang='grc'>1.</span> <span class='ocrx_word' id='word_1_770' title='bbox 2426 6583 2492 6646; x_wconf 76' lang='lat' dir='ltr'>neg.</span> 
     </span>
     <span class='ocr_line' id='line_1_103' title="bbox 1541 6669 2496 6740; baseline 0.005 -20"><span class='ocrx_word' id='word_1_771' title='bbox 1541 6669 1589 6732; x_wconf 78' lang='lat' dir='ltr'>tt,</span> <span class='ocrx_word' id='word_1_772' title='bbox 1610 6673 1658 6736; x_wconf 76' lang='lat'>22,</span> <span class='ocrx_word' id='word_1_773' title='bbox 1678 6671 1723 6724; x_wconf 91' lang='lat' dir='ltr'>obi</span> <span class='ocrx_word' id='word_1_774' title='bbox 1742 6673 1854 6738; x_wconf 79' lang='lat' dir='ltr'>Vulgata</span> <span class='ocrx_word' id='word_1_775' title='bbox 1873 6685 1923 6736; x_wconf 88' lang='lat' dir='ltr'>pro</span> <span class='ocrx_word' id='word_1_776' title='bbox 1940 6675 1989 6726; x_wconf 88' lang='lat' dir='ltr'>out</span> <span class='ocrx_word' id='word_1_777' title='bbox 2006 6671 2139 6726; x_wconf 87' lang='lat' dir='ltr'>substituit</span> <span class='ocrx_word' id='word_1_778' title='bbox 2159 6675 2190 6740; x_wconf 87' lang='lat' dir='ltr'>et,</span> <span class='ocrx_word' id='word_1_779' title='bbox 2205 6687 2236 6726; x_wconf 89' lang='lat' dir='ltr'>oc</span> <span class='ocrx_word' id='word_1_780' title='bbox 2248 6685 2298 6736; x_wconf 89' lang='lat' dir='ltr'>pro</span> <span class='ocrx_word' id='word_1_781' title='bbox 2315 6671 2342 6724; x_wconf 91' lang='lat' dir='ltr'>ei</span> <span class='ocrx_word' id='word_1_782' title='bbox 2353 6671 2425 6736; x_wconf 88' lang='lat' dir='ltr'>pouit</span> <span class='ocrx_word' id='word_1_783' title='bbox 2437 6669 2496 6724; x_wconf 86' lang='lat' dir='ltr'>uoci</span> 
     </span>
     <span class='ocr_line' id='line_1_104' title="bbox 1539 6757 2493 6828; baseline 0.004 -20"><span class='ocrx_word' id='word_1_784' title='bbox 1539 6757 1656 6810; x_wconf 87' lang='lat' dir='ltr'>Domini.</span> <span class='ocrx_word' id='word_1_785' title='bbox 1674 6785 1709 6798; x_wconf 89' lang='lat'><em>-</em></span> <span class='ocrx_word' id='word_1_786' title='bbox 1727 6763 1764 6812; x_wconf 89' lang='lat' dir='ltr'>De</span> <span class='ocrx_word' id='word_1_787' title='bbox 1793 6759 1986 6814; x_wconf 85' lang='lat' dir='ltr'>conditionibus</span> <span class='ocrx_word' id='word_1_788' title='bbox 1993 6799 2000 6826; x_wconf 92' lang='lat'>,</span> <span class='ocrx_word' id='word_1_789' title='bbox 2029 6775 2097 6828; x_wconf 80' lang='lat' dir='ltr'>quoe</span> <span class='ocrx_word' id='word_1_790' title='bbox 2122 6763 2294 6828; x_wconf 84' lang='lat' dir='ltr'>requiruntur</span> <span class='ocrx_word' id='word_1_791' title='bbox 2318 6761 2367 6812; x_wconf 57' lang='lat' dir='ltr'>ad,</span> <span class='ocrx_word' id='word_1_792' title='bbox 2380 6761 2493 6812; x_wconf 84' lang='lat' dir='ltr'>strictam</span> 
     </span>
     <span class='ocr_line' id='line_1_105' title="bbox 1541 6845 2493 6916; baseline 0.002 -18"><span class='ocrx_word' id='word_1_793' title='bbox 1541 6845 1761 6910; x_wconf 86' lang='lat' dir='ltr'>comparationem</span> <span class='ocrx_word' id='word_1_794' title='bbox 1788 6849 1864 6916; x_wconf 85' lang='lat' dir='ltr'>(inter</span> <span class='ocrx_word' id='word_1_795' title='bbox 1886 6865 1929 6902; x_wconf 85' lang='lat' dir='ltr'>res</span> <span class='ocrx_word' id='word_1_796' title='bbox 1952 6849 2070 6904; x_wconf 83' lang='lat' dir='ltr'>eiusdem</span> <span class='ocrx_word' id='word_1_797' title='bbox 2096 6847 2218 6916; x_wconf 84' lang='lat' dir='ltr'>speciei),</span> <span class='ocrx_word' id='word_1_798' title='bbox 2236 6851 2284 6902; x_wconf 86' lang='lat' dir='ltr'>olr.</span> <span class='ocrx_word' id='word_1_799' title='bbox 2307 6847 2424 6912; x_wconf 74' lang='lat' dir='ltr'>Ariston,</span> <span class='ocrx_word' id='word_1_800' title='bbox 2441 6849 2493 6900; x_wconf 86' lang='lat' dir='ltr'>Vll.</span> 
     </span>
     <span class='ocr_line' id='line_1_106' title="bbox 1541 6937 1971 7004; baseline 0.007 -16"><span class='ocrx_word' id='word_1_801' title='bbox 1541 6937 1617 7000; x_wconf 82' lang='lat' dir='ltr'>Phys.</span> <span class='ocrx_word' id='word_1_802' title='bbox 1636 6937 1695 6986; x_wconf 81' lang='lat' dir='ltr'>tent.</span> <span class='ocrx_word' id='word_1_803' title='bbox 1715 6937 1758 6986; x_wconf 78' lang='lat' dir='ltr'>at.</span> <span class='ocrx_word' id='word_1_804' title='bbox 1777 6951 1851 7002; x_wconf 84' lang='lat' dir='ltr'>seqq.</span> <span class='ocrx_word' id='word_1_805' title='bbox 1871 6937 1906 7002; x_wconf 86' lang='lat' dir='ltr'>(r.</span> <span class='ocrx_word' id='word_1_806' title='bbox 1925 6937 1971 7004; x_wconf 78' lang='grc'>4.).</span> 
     </span>
    </p>
   </div>
   <div class='ocr_carea' id='block_1_23' title="bbox 0 0 2954 8266">
    <p class='ocr_par' dir='ltr' id='par_1_37' title="bbox 0 0 2954 8266">
     <span class='ocr_line' id='line_1_107' title="bbox 0 0 2954 8266; baseline 0 2"><span class='ocrx_word' id='word_1_807' title='bbox 0 0 2954 8266; x_wconf 95' lang='lat' dir='ltr'> </span> 
     </span>
    </p>
   </div>
  </div>
 </body>
</html>
