5916 8276
554 569 617 632 lue

551 743 719 810 Dominum
750 757 872 818 meum,
895 755 967 806 cum
1000 737 1059 802 sim
1085 737 1190 822 pulvis
1220 741 1252 804 et
1282 733 1428 802 ciniso?
1451 737 1510 802 Per

552 847 801 924 cunsumliunem
824 845 906 912 enim
939 843 1060 908 humidi
1089 843 1244 910 naturalis
1265 861 1285 908 a
1309 841 1412 908 calore
1436 859 1509 908 nnn-

552 955 690 1022 sumitur
711 969 828 1036 corpns
849 955 882 1016 et
903 951 936 1016 in
958 949 1095 1016 cinerem
1119 949 1270 1028 vertitur:
1296 955 1325 1016 θῖ
1346 949 1507 1034 spiritua,

552 1049 731 1142 corporeas
761 1055 879 1136 vitalis,
901 1049 1121 1142 diffundetur,
1144 1055 1262 1122 scilicet
1284 1055 1445 1124 redeundo
1475 1057 1508 1124 in

553 1181 609 1232 sua
632 1161 785 1246 principia
809 1159 1037 1246 componentia3
1064 1167 1224 1250 tauquam
1248 1169 1308 1230 aer
1328 1163 1453 1244 mollis,
1479 1163 1509 1230 id

551 1273 597 1334 est
621 1265 753 1334 faciliter
775 1273 807 1334 et
821 1265 1035 1346 invisibiliter;
1061 1265 1166 1334 mollis
1183 1273 1288 1334 autem
1312 1267 1428 1335 dicitur
1443 1271 1508 1348 abr,

551 1373 627 1460 quia
641 1391 703 1458 non
717 1373 834 1440 resistit
858 1371 964 1440 tacturi.
991 1373 1063 1440 Vel:
1085 1375 1248 1462 spirituo,
1272 1377 1507 1460 incorporeas,

551 1479 582 1546 id
605 1487 652 1544 est
675 1477 795 1558 anima,
827 1475 1053 1566 diffundetur,
1067 1481 1099 1550 id
1121 1487 1167 1550 est
1198 1487 1362 1548 evanescet
1392 1485 1425 1544 et
1446 1473 1522 1544 dis?

482 1643 484 1650 .
522 1603 524 1606 ·
551 1583 705 1664 solvetur,
729 1583 901 1652 secundum
926 1603 996 1666 eos,
1012 1585 1103 1654 iuxta
1126 1587 1203 1654 illud
1226 1585 1336 1654 Psalmi
1352 1587 1378 1650 1:
1409 1609 1425 1642 c<
1441 1583 1508 1666 Spi-

550 1691 633 1758 ritus
653 1691 858 1774 pertransibit
884 1691 914 1758 in
947 1691 999 1758 illo
1022 1699 1053 1760 et
1079 1713 1142 1760 nun
1166 1693 1316 1760 subsistet
1330 1715 1346 1748 2>
1376 1695 1434 1754 etc.
1467 1689 1509 1754 Et

551 1793 706 1862 transibit
721 1795 791 1862 uita
806 1805 939 1876 nostra,
954 1797 1064 1880 idest,
1080 1817 1138 1884 per
1156 1793 1411 1864 annihilationem
1435 1811 1508 1858 suo-

551 1919 624 1968 rum
647 1901 876 1988 principiorum
909 1905 1046 1972 totaliter
1069 1903 1197 1986 desinet.
1223 1903 1263 1966 nt
1297 1899 1384 1964 sicat
1412 1899 1509 1964 uesti-

548 2009 644 2096 gianr
664 2009 778 2090 nabis,
811 2011 894 2096 quud
922 2031 984 2078 non
1014 2015 1144 2096 apparet
1166 2015 1237 2092 pust
1267 2003 1508 2072 nubisresolu-

477 2173 478 2178 ,
550 2115 684 2196 tionom3
707 2117 761 2184 lob
783 2117 971 2204 trigesimo:
991 2143 1007 2176 «
1022 2117 1116 2180 Velut
1137 2113 1239 2180 nubes
1254 2111 1437 2198 pertransiit
1459 2131 1507 2180 sa-

550 2225 600 2290 lus
617 2241 687 2288 mea
701 2249 732 2308 t,
758 2223 874 2290 scilicet
890 2221 1082 2306 temporalis;
1107 2219 1182 2284 item
1198 2219 1335 2302 capitulo
1360 2219 1506 2304 septimo:

557 2355 572 2388 «
587 2327 673 2396 Sicut
696 2329 892 2396 consumitur
914 2327 1016 2394 nubes
1038 2331 1069 2390 et
1091 2325 1279 2408 pertransit,
1305 2323 1348 2390 sic
1376 2325 1431 2408 qui
1454 2327 1508 2394 de-

542 2435 668 2502 scendit
692 2435 729 2500 ad
754 2423 870 2500 inferos
899 2435 960 2498 nun
986 2429 1185 2502 ascendet».
1211 2431 1252 2496 nt
1278 2429 1367 2498 sicat
1387 2429 1507 2498 nebula

549 2539 756 2618 circuiretur,
779 2557 861 2624 quae
884 2537 1002 2606 scilicet
1022 2541 1071 2602 est
1100 2535 1236 2620 reliquia
1258 2535 1373 2616 nubis;
1403 2537 1506 2602 nabar

550 2645 633 2714 enim
656 2663 699 2710 ex
731 2661 846 2728 uapore
881 2639 1028 2728 grossiori
1064 2645 1093 2706 et
1128 2639 1317 2724 depressiori
1352 2639 1506 2720 consistit,

550 2751 668 2818 turbata
692 2769 767 2816 vero
790 2769 831 2816 ex
863 2747 985 2816 rariori.
1013 2747 1119 2830 Quone,
1150 2747 1267 2814 scilicet
1291 2745 1420 2826 nebula,
1451 2743 1507 2832 fa-

548 2865 631 2944 ιθθῖθ.
653 2863 699 2922 θεῖ
717 2875 741 2922 a
763 2855 873 2922 radiis
888 2853 981 2932 sotis,
1002 2853 1104 2918 calore
1121 2853 1309 2920 continentis
1331 2851 1413 2918 aeris
1429 2852 1506 2919 adu-

548 2969 643 3030 nante
665 2961 846 3044 effugante
869 2965 973 3044 partes
997 2957 1100 3044 frigidi
1125 2959 1265 3044 vaporis3
1282 2965 1322 3048 wet
1344 2977 1368 3024 a
1397 2957 1507 3026 calore

549 3067 640 3136 illias
662 3073 869 3152 apprecatur,
892 3063 1001 3132 eodem
1024 3065 1128 3132 calore
1149 3065 1251 3150 frigus
1280 3063 1375 3132 nubis
1397 3065 1436 3130 ad
1458 3065 1506 3130 in-

491 3155 492 3160 *
549 3173 665 3242 teriora
689 3173 815 3256 fugante
837 3177 870 3236 et
891 3171 936 3238 sic
956 3189 1014 3254 per
1037 3171 1181 3238 accidens
1203 3177 1311 3254 partes
1331 3169 1417 3236 illius
1440 3189 1506 3236 rna-

549 3279 645 3346 teriae
668 3279 877 3344 condensante
908 3283 943 3374 et
975 3275 1019 3344 sio
1041 3283 1232 3362 aggravante
1266 3283 1298 3344 et
1325 3275 1357 3342 in
1391 3293 1506 3362 aquam

548 3389 655 3470 postea
679 3385 870 3464 resolvente:
894 3383 947 3450 lob
969 3383 1130 3468 trigesimo
1152 3383 1284 3468 septimo
1302 3383 1331 3446 2:
1362 3409 1378 3442 <r
1397 3383 1507 3450 Subito

548 3493 602 3560 adr
639 3497 768 3576 cogetur
803 3491 834 3554 in
862 3479 987 3568 nubes,
1021 3495 1056 3554 et
1085 3497 1200 3556 ventus
1229 3489 1384 3556 transiens
1418 3489 1513 3576 fuga-¹

548 3599 594 3666 bit
618 3617 669 3664 eas
686 3623 715 3662 u.

639 3705 678 3768 at
705 3723 822 3770 norrea
851 3711 1005 3770 uertunt
1034 3707 1092 3770 eto.
1127 3701 1179 3768 Hic
1210 3701 1385 3770 ostenditur
1412 3721 1508 3786 causa

385 3821 457 3866 terta
474 3821 529 3866 utto
547 3807 663 3876 motiva
687 3827 728 3874 eu
752 3815 840 3894 parte
863 3807 977 3896 samue
1002 3809 1050 3874 vel
1073 3807 1222 3888 numiuis;
1247 3809 1349 3892 primo
1367 3809 1506 3892 tangitur

397 3877 530 3974 11θὲὛοῖἶῖ
548 3917 648 3982 famae
669 3913 821 3994 abolito:
843 3913 996 3992 secunde,
1019 3913 1197 3980 abolitionis
1220 3913 1323 3992 racto,
1347 3913 1407 3979 ibi:
1432 3913 1507 3980 Unt-

397 3981 530 4078 ieui.d⁰⁹¹¹⁰¹'
548 4021 628 4088 brae
650 4021 737 4088 eratne
762 4021 935 4088 transitus.
1283 4105 1285 4112 Ι

638 4127 738 4212 (Vers.
764 4127 819 4210 1.).
842 4127 924 4194 Dicit
947 4145 1036 4212 ergo:
1063 4129 1102 4192 Et
1125 4145 1257 4206 numeru,
1289 4127 1380 4214 quasi
1402 4127 1506 4192 dicat:

450 4245 528 4290 erim¹
548 4253 608 4300 non
632 4229 752 4298 tantum
776 4235 908 4300 essentia
924 4235 972 4302 vel
998 4233 1171 4300 substantia
1187 4241 1294 4300 nostra
1314 4233 1459 4302 transibit
1474 4235 1507 4300 in

547 4337 701 4416 nihilum,
725 4333 831 4404 sedet
851 4355 968 4404 ruonaen
983 4343 1149 4414 nostram,
1176 4337 1207 4404 id
1229 4343 1277 4404 est
1301 4337 1382 4402 fania
1400 4337 1505 4422 quoad

547 4461 732 4530 personam,
758 4441 955 4520 obliuionem·
971 4441 1108 4526 accipiet
1127 4461 1190 4526 per
1220 4451 1366 4526 tempas,
1397 4439 1429 4508 id
1443 4427 1445 4436 ⁴
1460 4449 1507 4508 est

549 4543 699 4632 temporis
714 4547 966 4624 diuturnitatem
985 4547 1227 4614 Proverbiorum
1244 4547 1400 4614 deotmot:
1419 4573 1436 4604 «
1448 4549 1506 4614 No-

545 4671 618 4720 men
643 4653 814 4738 impiorum
840 4657 1046 4736 putrescet».
1075 4655 1113 4718 ut
1128 4669 1221 4718 uerno
1246 4649 1507 4742 tradendarum·

547 4761 639 4826 riam
661 4777 798 4844 operam
821 4763 1029 4836 rtoatruram,
1056 4758 1157 4842 quoad
1182 4741 1507 4838 cumulandarum

547 4871 674 4934 octavu:
705 4891 720 4924 θ
735 4865 883 4932 blemorla
905 4865 972 4930 eius
997 4869 1103 4948 pereat
1127 4863 1164 4930 de
1196 4871 1281 4932 terra
1306 4889 1340 4944 »3
1370 4865 1443 4932 item
1474 4865 1507 4930 in

548 4973 687 5042 Psalmo:
716 4971 841 5036 «Periit
863 4963 1021 5038 memoria
1049 4989 1159 5036 eorum
1192 4989 1262 5038 cum
1287 4971 1392 5040 sonitu
1415 4995 1451 5050 »ς
1475 4977 1507 5038 el

547 5086 693 5148 econtra:
721 5105 738 5138 «
755 5079 786 5144 ln
811 5079 960 5144 memoria
983 5081 1111 5144 aeterna
1135 5077 1195 5144 erit
1217 5077 1320 5145 iustus
1336 5103 1367 5140 u.

637 5187 696 5252 Sed
716 5183 884 5264 obiicitur,
915 5183 999 5270 quod
1029 5201 1126 5268 opera
1148 5183 1323 5252 multorum
1355 5183 1506 5268 reprobo-

392 5303 527 5360 braetot
547 5313 639 5374 rum,
662 5291 777 5360 scilicet
809 5291 900 5372 Cain,
924 5291 1110 5370 Pharaonis,
1142 5291 1272 5358 Neronis
1295 5297 1374 5370 etc,
1401 5291 1506 5358 adhuc

546 5405 772 5480 memorantur.

637 5505 823 5586 Dicendum,
846 5505 932 5588 quod
954 5503 1088 5570 verbum
1112 5503 1196 5570 istud
1219 5509 1267 5570 est
1298 5503 1432 5572 verbum
1455 5521 1506 5570 re-

464 5625 529 5680 uesr·
547 5613 737 5700 proborum3
762 5615 792 5678 et
809 5609 877 5678 iden
892 5627 954 5676 non
977 5615 1024 5676 est
1043 5609 1264 5678 inconveniens
1286 5611 1404 5690 dicere,
1429 5609 1507 5678 illud

546 5735 614 5788 esse
638 5717 761 5786 falsum.
785 5717 840 5784 Vel
871 5715 1051 5794 dicendum,
1084 5717 1164 5800 quud
1195 5735 1258 5782 non
1288 5721 1506 5782 memorantur

472 5813 481 5822 ”
546 5823 699 5892 memoria
722 5821 886 5888 luttdabr‘lr'
906 5822 957 5888 vel
987 5819 1031 5888 eis
1054 5819 1141 5900 utili;
1174 5821 1212 5888 de
1244 5823 1303 5888 hac
1330 5825 1437 5888 autem
1460 5821 1506 5886 lo-

547 5931 657 6018 quitur
682 5929 742 5996 hio.

619 6299 629 6332 ¹
648 6305 741 6356 Psalm.
763 6302 828 6368 1112,
848 6301 890 6354 16.
908 6329 944 6342 -
961 6299 1018 6352 Duo
1037 6313 1112 6368 seqq.
1137 6299 1187 6352 luci
1206 6305 1266 6352 sunt
1283 6299 1328 6352 lob
1346 6299 1389 6364 30,
1412 6299 1454 6350 lb.
1479 6303 1506 6350 et

548 6391 573 6452 7,
592 6391 617 6442 9.
638 6419 672 6428 -
692 6391 799 6444 inferius
819 6389 931 6444 vocibus
950 6387 1067 6442 totaliter
1083 6387 1185 6442 ῖῖθεῖθθῖ
1203 6389 1221 6440 Β
1242 6387 1370 6442 interserit
1388 6399 1450 6440 θεεθ.

619 6477 724 6534 211θθε.
751 6483 793 6534 21.
811 6509 847 6520 -
868 6481 906 6532 De
935 6477 1100 6546 generatione
1129 6479 1250 6544 vaporis,
1276 6477 1354 6532 nubis
1383 6481 1431 6530 etc.
1459 6475 1506 6528 cfr.

548 6567 660 6632 hristut,
680 6569 698 6620 1.
716 6569 822 6620 lleteor.
842 6569 914 6620 Sum.
934 6567 1008 6620 tertia
1025 6581 1047 6620 c.
1070 6569 1093 6620 l.
1115 6567 1146 6638 (a.
1165 6569 1192 6620 9.
1210 6565 1306 6636 seqq).

619 6649 723 6706 3ῖῖθθε.
743 6655 769 6708 7.
787 6683 822 6696 -
841 6657 990 6722 Sequuntur
1010 6653 1053 6708 lob
1076 6657 1122 6722 18,
1143 6653 1191 6720 tt,
1209 6657 1251 6708 Ps.
1269 6657 1294 6722 9,
1314 6655 1339 6706 7.
1358 6659 1384 6706 et
1403 6653 1462 6716 lll,
1478 6649 1505 6702 7.

618 6737 631 6768 4
648 6743 722 6794 Pers.
737 6745 780 6794 12.
792 6745 941 6798 Lectionum
954 6745 1081 6808 Vulgatae
1094 6745 1156 6798 vide
1169 6761 1251 6810 supra
1264 6759 1325 6812 pag.
1340 6743 1388 6810 92,
1400 6743 1462 6794 uota
1479 6741 1505 6792 9.

618 6821 630 6854 ⁵
648 6827 724 6878 Pers.
744 6829 786 6882 15.
798 6831 884 6884 —De
902 6829 1032 6898 requisitis
1050 6833 1086 6884 ad
1103 6833 1306 6884 memorandum
1325 6833 1372 6884 cfr.
1391 6827 1504 6894 bristou,

548 6917 583 6968 de
600 6909 731 6966 llemoria'
743 6921 769 6968 et
785 6917 918 6972 reminisc.
938 6931 960 6970 c.
980 6917 1006 6970 1.
1024 6933 1097 6986 seqq.

1241 557 1434 626 COMMENT.
1457 559 1496 626 IN
1519 559 1737 628 saciabuntur
1759 559 1791 626 C.
1816 561 1850 628 ll.

1662 737 1721 806 Sed
1745 737 1911 818 obiicitur,
1928 739 2012 826 quod
2036 737 2209 804 multorum
2226 735 2434 820 reproborum
2450 735 2531 802 facta
2549 747 2649 800 Quaestio
2661 749 2681 790 v.

1571 845 1706 912 celebria
1730 851 1760 912 et
1784 845 1949 912 laudabilia
1971 845 2196 912 memorantur.
2279 879 2282 884 ·

1660 949 1704 1016 nd
1728 951 1787 1018 buc
1811 951 1995 1030 dicendum,
2018 949 2105 1036 quod
2126 947 2265 1032 ipsorum
2292 965 2354 1012 non
2380 947 2528 1028 fuerunt,
2549 959 2613 1014 vesu·

1571 1057 1626 1124 sed
1655 1055 1711 1122 Dei
1747 1055 1777 1118 in
1813 1053 1905 1136 ipsis,
1938 1057 2112 1122 secundum
2138 1051 2217 1120 illud
2250 1051 2346 1118 Isaiae
2378 1051 2529 1138 vigesimo

1573 1163 1707 1228 sento4:
1739 1183 1753 1216 «
1767 1157 1880 1222 Omnia
1894 1175 1991 1244 opera
2012 1167 2121 1228 nostra
2142 1163 2292 1244 operatus
2310 1175 2344 1224 θε
2366 1157 2398 1224 in
2423 1157 2529 1236 nobis,

1572 1265 1703 1332 Domine
1718 1289 1750 1328 u.

1661 1367 1761 1452 (Vers.
1788 1367 1841 1452 5.).
1867 1367 1910 1434 ld
1933 1371 2171 1438 memorandum
2200 1379 2306 1440 autom
2336 1372 2399 1437 dun
2423 1367 2529 1454 r'equi-
2548 1379 2656 1424 secundo·

1571 1481 1700 1552 rantur,
1724 1473 1840 1539 scilicet
1857 1473 1945 1540 fortis
1964 1475 2128 1558 impressio
2144 1483 2176 1542 et
2189 1477 2339 1564 frequens
2355 1475 2528 1556 reiteratio,

1571 1587 1603 1648 et
1618 1585 1792 1664 utrumqne
1808 1579 1957 1658 excludit,
1971 1599 2044 1646 curn
2060 1581 2182 1648 subdit:
2200 1583 2341 1650 llutbrae
2354 1583 2438 1650 entra
2450 1587 2527 1662 etc.;

1572 1685 1710 1752 umbrae
1735 1685 1917 1766 transitur,
1942 1679 2070 1770 propter
2099 1689 2280 1754 transeundi
2311 1691 2528 1768 velocitatem;
2590 1739 2591 1742 ,

1571 1791 1665 1876 primi
1689 1791 1942 1878 Paralipomenon
1970 1791 2120 1876 vigesimo
2141 1793 2265 1858 nono⁵:
2297 1821 2312 1852 «
2327 1795 2400 1862 Dies
2429 1795 2528 1862 nostri

1571 1897 1660 1982 quasi
1685 1899 1800 1964 umbra
1815 1915 1911 1982 super
1929 1903 2061 1978 terram,
2084 1903 2116 1964 et
2130 1899 2218 1964 nulla
2240 1907 2288 1964 est
2303 1917 2391 1966 mora
2408 1925 2438 1980 »;
2454 1905 2529 1964 ant-

1572 2003 1670 2084 brue,
1687 2003 1829 2090 inquam,
1847 2003 2010 2072 tramitae
2025 2009 2072 2070 θεῖ
2088 2009 2215 2090 tempas
2240 2011 2406 2084 austrum,
2423 2003 2454 2072 ld
2471 2009 2527 2084 est,

1571 2111 1655 2194 quod
1667 2111 1704 2178 ad
1718 2111 1909 2178 voluntatem
1922 2117 2062 2180 nostram
2073 2109 2255 2190 faciendam,
2264 2129 2325 2176 non
2335 2111 2401 2190 Dei,
2411 2127 2528 2194 expen-

1570 2217 1695 2300 dimus;
1719 2217 1773 2284 sed
1796 2219 1948 2284 Dominus
1972 2215 2160 2304 quandoque
2184 2215 2242 2282 sibi
2264 2215 2403 2300 accipiet.
2424 2217 2526 2300 ipsum

1571 2331 1711 2408 tempus:
1745 2325 1884 2390 Psalmus
1907 2325 1938 2390 6:
1967 2351 1985 2384 «
2007 2325 2085 2392 Cum
2113 2340 2261 2408 accepero
2294 2327 2435 2408 tempus,
2471 2339 2528 2408 ego

1570 2429 1704 2496 iustitias
1727 2429 1871 2496 iudicabo
1886 2455 1917 2494 »,
1937 2431 1977 2494 Et
1991 2451 2058 2496 aon
2079 2437 2127 2496 θεῖ
2140 2429 2284 2496 reversio
2306 2429 2385 2514 linis
2405 2427 2527 2504 austri,

1570 2539 1698 2626 prepter
1722 2533 1874 2600 redeundi
1889 2535 2185 2618 impossibilitatem
2208 2537 2260 2602 lob
2276 2535 2411 2602 decimo:
2440 2559 2455 2592 r
2468 2535 2527 2600 dn-

1571 2644 1697 2724 tequam
1720 2637 1830 2704 vadam
1847 2645 1878 2704 et
1895 2657 1962 2710 ,nun
1980 2645 2148 2708 revertar»
2175 2649 2236 2724 etc.
2264 2641 2430 2726 Quoniam
2453 2659 2529 2706 cua-

1569 2745 1704 2832 signata
1720 2751 1779 2822 θεῖ,
1805 2743 1922 2810 scilicet
1937 2747 2075 2812 reversio
2090 2753 2207 2824 nostra,
2233 2747 2262 2812 id
2279 2753 2325 2814 θεῖ
2346 2747 2406 2816 sub
2429 2747 2529 2832 sigillo

1549 2851 1689 2940 ‚clausa;
1724 2849 1851 2918 Glossa:
1881 2875 1896 2910 «
1913 2851 2114 2936 Consignata,
2142 2853 2232 2936 quasi
2262 2873 2324 2918 non
2357 2871 2526 2938 apparens

1571 2957 1644 3042 quia
1667 2975 1730 3024 non
1754 2963 1801 3024 θεῖ
1816 2983 1845 3022 ε.
1872 2959 1911 3042 Et
1934 2979 1944 3022 r
1974 2977 2025 3024 rao
2051 2959 2228 3024 reuertitur
2246 2959 2286 3026 ad
2309 2959 2424 3040 vitam,
2446 2959 2528 3026 scili-

1570 3069 1619 3130 cet
1640 3061 1815 3130 secuudum
1846 3081 2043 3130 communem
2073 3063 2190 3148 legem;
2224 3065 2363 3132 Psalmus
2379 3065 2409 3132 ⁷:
2438 3065 2527 3132 «Se-

1569 3171 1680 3254 pulcra
1702 3185 1813 3236 eorum
1835 3169 1947 3236 domus
1976 3187 2085 3236 eorum
2110 3169 2141 3234 in
2170 3175 2332 3238 aeternum
2349 3197 2379 3250 u,
2412 3169 2527 3238 scilicet

1570 3275 1744 3342 secundnm
1766 3275 1943 3360 opinionem
1966 3275 2123 3360 ipsorum,
2147 3274 2200 3342 sod
2217 3275 2389 3344 secundum
2415 3277 2527 3344 verita-

1571 3385 1633 3446 tem
1656 3397 1764 3448 omnes
1787 3380 1976 3466 quandoque
1999 3387 2167 3466 resurgent
2196 3399 2253 3466 per
2276 3383 2427 3450 virtutem
2449 3383 2527 3448 divi-

1570 3507 1659 3568 nam;
1685 3488 1767 3555 unde
1802 3487 1922 3574 primae
1955 3487 1995 3554 ad
2029 3487 2205 3554 Corinthios
2242 3489 2361 3556 decimo
2395 3489 2526 3576 quinto:

1575 3593 1722 3662 «Omnes
1746 3593 1873 3678 quidem
1896 3611 2129 3680 resurgemus»
2158 3601 2215 3660 etc.
2268 3611 2270 3616 ·

1658 3701 1832 3770 Notandum
1857 3707 1977 3780 autem,
1995 3701 2078 3786 quod
2102 3701 2166 3768 vita
2182 3707 2212 3768 et
2237 3709 2335 3771 status
2359 3703 2527 3790 impiorum
2548 3709 2678 3756 Notandum·

1551 3809 1686 3898 dicitur
1701 3825 1768 3874 esse
1791 3805 1908 3892 famas
1925 3813 2054 3892 propter
2077 3807 2238 3876 rationalis
2259 3809 2526 3890 obcaecationem,

1570 3915 1650 3982 iufra
1675 3913 1781 3980 eodem
1805 3911 1985 3998 capitulo⁸z
2013 3939 2029 3972 «
2047 3915 2231 3980 Excaecavit
2253 3931 2306 3982 eos
2336 3917 2452 3982 malitia
2476 3935 2526 3984 eu-

1571 4039 1643 4088 rum
1661 4043 1695 4100 »3
1718 4019 1794 4086 item
1817 4019 1855 4086 ud
1879 4021 2031 4086 Romanos
2063 4019 2182 4104 primu:
2211 4047 2228 4078 «
2245 4019 2455 4088 Obscuratnm
2480 4031 2526 4088 est

1571 4127 1719 4210 insipiens
1744 4143 1797 4190 cur
1814 4143 1966 4190 eurunu».
1993 4125 2187 4190 Assimilatur
2206 4123 2307 4210 flatui
2327 4133 2455 4212 propter
2480 4127 2550 4194 11]--

1571 4225 1708 4316 quietam
1740 4231 1903 4298 irascibilis
1935 4231 2220 4318 perturbationem,
2252 4233 2354 4300 lsaiae-
2369 4235 2524 4318 quinqua-

1570 4339 1688 4424 gesimo
1711 4337 1861 4422 septimo:
1890 4337 2010 4422 «lmpii
2026 4337 2116 4424 quasi
2138 4355 2226 4404 mare
2244 4339 2366 4406 ferrcus
2381 4365 2416 4422 »3
2439 4341 2525 4406 schr-

1547 4451 1548 4454 ’
1571 4445 1674 4522 ῖῖῖῖθθ,
1691 4449 1820 4528 propter
1835 4445 2084 4528 concupiscibilis
2108 4445 2397 4526 inflammationem,
2425 4445 2525 4514 Eccle-

1571 4549 1686 4616 siastici
1708 4547 1857 4634 vigesimo
1880 4549 1999 4614 tertio:
2028 4575 2045 4608 c<
2066 4549 2175 4614 lnima
2197 4549 2296 4616 calida
2325 4553 2416 4634 quasi
2445 4551 2525 4636 ignis

1570 4655 1683 4722 ardens
1706 4671 1767 4718 nun
1791 4653 2012 4738 exstinguetur
2028 4679 2064 4734 »;
2088 4653 2178 4732 ae'ru',
2194 4661 2322 4738 propter
2346 4655 2525 4724 intentionis

1570 4761 1773 4838 vacuitatem3
1792 4759 1911 4838 eruat,
1928 4767 2057 4846 propter
2072 4777 2203 4844 operum
2228 4753 2524 4844 infructuositatem,

1571 4865 1651 4932 infra
1675 4865 1783 4934 tertio:
1814 4865 1955 4950 «Opera
1987 4883 2097 4934 eorum
2127 4865 2307 4946 inutilius:
2338 4867 2422 4934 habt
2450 4869 2526 4934 dea·

1570 4971 1668 5052 aori,
1694 4977 1822 5054 propter
1844 4971 1962 5056 gratiae
1979 4971 2221 5056 oppositionem:
2246 4973 2381 5040 :rabulae
2396 4973 2524 5054 lectori,

1571 5085 1699 5164 propter
1718 5077 1831 5144 mentis
1847 5075 2052 5144 elevationem
2075 5075 2139 5144 sive
2163 5078 2342 5160 elationem
2370 5081 2523 5162 cumbrae,

1569 5191 1699 5270 propter
1722 5183 1914 5252 exteriorem
1938 5183 2179 5252 simulationem.

1664 5291 1769 5356 Venite
1792 5309 1870 5376 ergo
1893 5297 1950 5358 etc.
1976 5287 2028 5356 llic
2052 5291 2199 5358 describit
2222 5291 2317 5356 vitam
2333 5291 2523 5374 iniustam⁹;
2540 5303 2690 5402 seqqtaqa-

1570 5405 1600 5466 et
1624 5399 1725 5484 primu
1749 5397 1887 5482 tangitur
1919 5397 2124 5464 truiastorain
2150 5401 2328 5466 eoncordia
2360 5405 2390 5466 et
2415 5405 2526 5466 mutua
2537 5369 2690 5506 litiisldiuvssn.

1570 5503 1743 5572 cohortatio
1765 5503 1805 5568 ad
1826 5505 1972 5588 propriae
1996 5503 2077 5570 uitae
2100 5503 2348 5584 dissolutionem:
2373 5489 2523 5586 secundo,
2538 5475 2557 5506 ⁰¹
2580 5475 2600 5508 ¹³

1570 5611 1737 5676 iustorum
1760 5609 1941 5696 oppressio,
1965 5609 2025 5676 ibi:
2054 5609 2291 5694 Opprintarnas
2314 5615 2372 5676 etc.
2397 5615 2400 5622 “
2544 5673 2625 5726 urimo,
2645 5687 2691 5718 mu·

1657 5715 1761 5782 Primo
1783 5733 1858 5800 ergo
1872 5707 1873 5710 ’
1889 5717 2094 5784 cohortantur
2118 5733 2150 5780 se
2178 5715 2215 5780 ad
2246 5717 2436 5784 bacandum
2458 5717 2525 5786 dis·
2544 5731 2580 5790 ua
2594 5729 2690 5772 cohoru-
2789 5757 2790 5762 κ

2545 5783 2691 5824 troadracan·

1569 5819 1739 5896 relationi,
1757 5821 1869 5902 primu,
1885 5821 2043 5900 celeratur,
2062 5819 2207 5898 secundo,
2225 5819 2449 5904 abundanter,
2467 5825 2523 5892 ibi:
2545 5833 2690 5898 domasa·
2791 5835 2792 5838 ’
2819 5827 2830 5894 '2

2539 5889 2614 5930 luttonr
2644 5901 2690 5932 urn-

1577 5927 1655 5990 Vt'uo
1685 5923 1827 6010 pretiose
1859 5929 1935 6004 etc.;
1958 5915 2067 6006 tertio,
2097 5925 2272 6006 euidenter,
2298 5927 2361 5996 ibi:
2387 5931 2524 6000 Corono—
2544 5951 2583 5994 nu
2599 5899 2676 5984 molis·

1640 6295 1763 6350 6Ρεθῖθῖ.
1784 6299 1833 6366 71,
1853 6299 1878 6350 3.
1896 6299 2097 6364 Explicatiouem
2126 6301 2189 6356 vide
2210 6309 2274 6358 tom.
2304 6305 2345 6360 lV.
2370 6319 2433 6372 pag.
2458 6305 2523 6366 182,

1568 6391 1629 6438 nuta
1649 6387 1674 6440 9.
1693 6393 1717 6440 et
1736 6401 1798 6452 pag.
1818 6389 1884 6452 922,
1908 6393 1970 6440 nuta
1997 6389 2022 6440 9.
2040 6419 2077 6430 -
2095 6391 2217 6458 Sequitur
2247 6391 2292 6444 lub
2317 6393 2364 6458 10,
2388 6387 2442 6446 21.”
2456 6391 2524 6444 Glos-

1569 6489 1641 6540 sam,
1665 6491 1734 6544 qnae
1753 6477 1866 6530 subinde
1884 6477 2016 6548 allegatur,
2036 6485 2062 6532 et
2079 6479 2178 6554 inqua
2196 6463 2245 6548 pro
2263 6497 2398 6552 apparens
2417 6483 2438 6536 A
2456 6493 2524 6536 cont-

1565 6575 1681 6632 pareas,
1702 6579 1788 6632 neque
1810 6563 1917 6618 strabus
1936 6579 2021 6634 neque
2039 6569 2157 6634 Lyranus
2178 6569 2307 6624 exhibent.

1640 6647 1650 6678 ⁷
1670 6653 1764 6704 Psalm.
1784 6653 1831 6718 18,
1853 6653 1895 6704 12.
1913 6673 1948 6692 ⁴-
1967 6655 2028 6722 Seq.
2047 6657 2120 6710 locus
2138 6663 2178 6710 est
2195 6659 2214 6710 l.
2233 6657 2291 6710 Cur.
2312 6659 2361 6724 15,
2380 6659 2424 6710 ut.

1640 6735 1650 6766 ⁸
1670 6743 1744 6794 Pers
1764 6743 1807 6796 21.
1826 6761 1860 6780 ³—
1881 6743 2030 6811 Sequuntur
2049 6749 2125 6800 Rom.
2148 6747 2169 6812 1,
2183 6749 2228 6812 21;
2248 6747 2304 6798 lsai.
2324 6747 2368 6814 57,
2381 6749 2428 6808 20,
2447 6743 2523 6794 Eccli.

1569 6827 1617 6894 23,
1636 6829 1679 6880 22.
1698 6835 1722 6880 et
1743 6831 1804 6894 Sap.
1823 6833 1852 6898 3,
1877 6833 1914 6884 ll.

1639 6911 1650 6942 ⁹
1671 6915 1736 6968 Vide
1755 6931 1817 6982 pag.
1840 6919 1887 6970 118
1906 6923 1953 6974 θοῖ.
1975 6923 2002 6974 l.
2017 6923 2051 6974 ad
2070 6921 2232 6976 Saddiur'sr'u.
