5916 8276
516 559 579 652 cett

362 777 491 836 1111111111.
512 761 594 830 citur
617 761 655 828 de
679 761 778 826 Petro.
797 797 838 808 —
854 761 950 836 Nota,
973 757 1059 842 quod
1079 773 1167 822 mare
1196 755 1343 822 natando
1370 749 1469 822 trans-

347 951 349 956 .
512 873 587 934 eunt
610 865 663 950 qui
690 865 844 932 inmundi
871 863 1133 932 sollicitudinibus
1147 881 1182 928 se
1205 863 1414 946 immergunt3
1440 869 1470 928 et

439 1027 445 1034 .,
511 973 560 1058 isti
584 969 805 1058 submergendi
823 971 963 1056 periculo
986 989 1020 1036 so
1043 975 1216 1052 exponunt.
1232 969 1371 1034 -llare
1394 983 1469 1034 vero

512 1079 770 1164 transnooipant
790 1077 843 1162 erni
862 1085 957 1142 carate
972 1073 1140 1142 mundanis
1161 1073 1422 1160 occupationibus
1438 1091 1469 1138 se

512 1191 669 1252 exercent.
685 1219 723 1232 -·
743 1185 826 1250 blare
848 1201 924 1250 vero
948 1181 1080 1246 canant
1097 1181 1151 1266 qui
1179 1181 1344 1248 omninoa
1361 1177 1468 1246 mundi

512 1289 771 1356 sollicitudinibus
794 1305 828 1354 se
850 1287 1039 1354 abstrabunt
1067 1290 1096 1352 et
1121 1283 1277 1352 mundana
1310 1283 1347 1350 ed
1373 1283 1468 1350 solem

512 1395 768 1472 sustentationem
791 1393 916 1460 babent.
944 1391 996 1458 lsti
1015 1391 1117 1456 ultimi
1139 1391 1253 1458 amari
1273 1397 1468 1478 portantur,

512 1499 564 1568 sed
580 1517 638 1566 nec
660 1499 804 1566 laborant
821 1517 878 1566 nec
892 1499 1142 1582 immerguntum
1160 1497 1282 1582 priores
1306 1513 1379 1562 vero
1390 1513 1469 1580 por-

512 1611 628 1670 tantur
643 1607 674 1670 et
691 1601 858 1682 laborant,
877 1603 930 1670 sed
945 1619 1008 1668 non
1023 1601 1266 1686 immerguntur.
1283 1599 1383 1666 Primi
1394 1617 1470 1664 vero

512 1717 540 1778 et
563 1715 798 1796 pertentaret
824 1709 977 1774 laborant
1001 1711 1030 1774 et
1055 1705 1312 1794 immerpantur.

735 1953 739 1958 ·
887 1941 1029 1992 aurorane
1051 1937 1091 1990 77.

601 2137 702 2220 (Vers.
732 2135 807 2216 lu).
832 2135 939 2202 Posce
960 2153 1067 2220 cupitos
1088 2153 1187 2200 ineos

600 2239 694 2318 Nota,
717 2239 804 2324 qaod
826 2241 953 2326 quidam
968 2245 1103 2324 pascunt
1123 2259 1244 2326 opnor,
1268 2237 1396 2324 quidam
1422 2237 1471 2304 tu-

377 2363 407 2426 oe
422 2363 499 2412 irrues,
512 2363 584 2432 pos,
602 2345 729 2432 quidam
746 2365 777 2412 ee
794 2347 892 2432 ipsos.
907 2365 950 2432 ‘'ss
961 2345 1063 2430 Agnos
1077 2349 1212 2430 pascunt
1229 2345 1306 2412 berei
1318 2343 1469 2428 praelati;

347 2427 377 2514 2?
379 2423 502 2526 {adibilis
512 2451 550 2518 de
573 2453 690 2536 quibus
711 2453 808 2520 Isaiae
823 2451 1064 2536 quadragesimo
1076 2453 1106 2516 1:
1135 2477 1151 2510 <t
1168 2453 1254 2518 Sicut
1276 2459 1383 2538 pastor
1399 2469 1470 2536 gre-

372 2563 373 2568 ’
512 2577 580 2646 gem
605 2577 698 2626 suum
722 2565 827 2644 pascet
842 2587 859 2616 >³
887 2567 945 2626 etc.
964 2561 1125 2652 -ILupos
1148 2567 1281 2642 pascunt
1302 2577 1470 2624 1111111111-

512 2667 577 2742 rii;
599 2657 722 2734 loannis
746 2665 882 2734 docimo:
911 2663 1151 2732 «stercorarius
1177 2663 1260 2732 ridet
1283 2665 1393 2748 lupum
1420 2681 1475 2730 re·-

512 2771 648 2838 nieolem
673 2775 703 2834 et
725 2769 853 2834 dimittit
876 2787 948 2836 oves
971 2777 1003 2834 et
1025 2767 1107 2852 fugit
1121 2795 1136 2828 »
1168 2775 1226 2836 etc.
1255 2807 1298 2818 -
1324 2769 1364 2834 Se
1385 2767 1471 2853 ipsos

512 2882 644 2960 pascunt
667 2873 779 2960 fures,
817 2875 933 2960 quibus
954 2873 1070 2940 dicitur
1107 2873 1275 2942 Ezechielis
1310 2873 1471 2958 trigesimo

512 2987 643 3066 quarto:
674 2981 767 3048 «Vae
799 2981 1113 3066 pastoribnslsrael,
1143 2981 1198 3066 qui
1231 2979 1398 3066 pascebant
1424 2997 1470 3046 se·

512 3083 692 3170 metipsos»
719 3091 836 3158 eta-
861 3089 936 3154 Ecce
959 3101 1053 3170 ergo,
1076 3083 1116 3150 in'
1133 3103 1230 3170 grege
1253 3083 1375 3152 Domini
1400 3083 1470 3170 qui-

512 3191 582 3258 dam
620 3197 693 3258 sant
713 3191 829 3278 ferree,
866 3193 919 3278 oui
942 3197 1074 3276 pascunt
1112 3191 1295 3278 semetipsos
1303 3215 1310 3272 ;
1343 3191 1470 3278 quidam

513 3297 732 3376 mercenarii,
763 3299 818 3382 qui
852 3305 984 3384 pascunt
1014 3297 1129 3384 lupam
1162 3299 1290 3384 quidam
1318 3305 1471 3382 pastores

434 3443 435 3446 =
513 3401 603 3482 ueri,
629 3407 682 3490 qui
704 3411 837 3488 pascunt
863 3421 966 3490 agnos.

888 3635 1035 3688 Aurorsrm
1054 3635 1098 3688 ts.

546 3905 549 3912 ‚
605 3829 704 3914 (Vers.
724 3829 801 3912 SE).
818 3829 873 3896 Sic
887 3849 963 3896 eune
975 3829 1047 3896 uolo
1058 3851 1202 3912 marcere,
1220 3831 1318 3898 clance
1329 3829 1472 3896 ueniam.

499 4023 500 4026 Ἴ
604 3937 694 4014 Nota,
719 3935 803 4022 qood
826 3935 1050 4022 potestativum
1071 3943 1120 4004 est
1142 3937 1220 4004 cette
1241 3935 1365 4004 Domini
1393 3935 1473 4004 lesu.

353 4055 499 4154 ,puppup
514 4043 589 4110 Nem
614 4041 689 4108 uelle
711 4043 779 4110 eins
803 4043 1134 4128 amallitanorum
1160 4043 1304 4112 llatthaei
1320 4043 1473 4112 octarolz

353 4163 429 4208 rurus.
521 4175 538 4208 «
555 4147 667 4232 Tetigit
689 4165 761 4214 eum
785 4149 909 4216 dicens:
934 4147 1028 4226 Volo,
1052 4149 1257 4216 mundare».
1289 4187 1329 4200 -
1359 4151 1477 4214 Servat

516 4253 724 4338 discipulum;
749 4253 869 4322 loannis
897 4253 1027 4322 ultimo:
1052 4253 1204 4322 Siccam
1236 4257 1305 4322 uolo
1329 4275 1473 4322 rnanerc.

518 4399 559 4412 --
592 4357 764 4442 Gloriteat
795 4361 991 4440 ministrum;
1023 4361 1143 4428 loannis
1175 4361 1474 4446 decimoseptimo:

522 4491 540 4522 «
556 4463 645 4556 Volo,
672 4465 776 4542 Pater,
802 4469 837 4530 ut
863 4463 916 4532 abi
938 4481 996 4550 ego
1016 4483 1105 4544 sum,
1127 4465 1191 4534 illic
1217 4467 1254 4534 sit
1280 4475 1310 4536 et
1333 4465 1476 4534 minister

518 4585 649 4634 metes».
666 4605 705 4616 -
723 4569 775 4646 Est
799 4585 873 4654 ergo
896 4571 1042 4636 voluntas
1064 4571 1198 4652 Christi,
1225 4589 1305 4658 quae
1333 4573 1477 4638 inundat

516 4673 649 4758 cremam
668 4675 790 4758 leprae,
806 4683 918 4742 seruat
935 4675 1043 4746 ,vitane
1061 4675 1198 4762 gratiae,
1225 4677 1342 4744 tribuit
1370 4677 1475 4746 uitam

516 4781 642 4866 gloriae.

847 5011 1006 5066 contnuo
1027 5015 1150 5066 nxxvm

548 5281 550 5284 ,
608 5205 692 5284 (Car.
710 5207 746 5286 li,
765 5207 840 5290 l3.).
861 5207 987 5288 Ornnis,
1010 5207 1069 5296 qui
1085 5207 1164 5276 bibit
1177 5229 1218 5276 en
1233 5207 1296 5276 lanc
1311 5227 1415 5298 apua,
1430 5209 1476 5276 si-

518 5315 572 5380 tiet
596 5313 728 5392 iterum,
751 5315 871 5382 loannis
895 5315 1044 5402 quartae

611 5421 636 5484 l.
655 5419 686 5484 ln
702 5419 761 5486 hac
778 5429 866 5504 parte
881 5423 987 5508 agitur
998 5421 1038 5490 de
1053 5423 1218 5510 multiplici
1233 5441 1349 5510 genere
1364 5441 1475 5510 aqtrae.

607 5525 796 5604 Notandum,
812 5527 897 5610 quod
914 5527 1032 5594 multae
1054 5537 1128 5594 sunt
1152 5547 1306 5614 aquarum
1331 5529 1476 5598 differen-
1505 5513 1509 5598 Ι
1536 5527 1772 5616 prosperitatis
1808 5536 1841 5594 et
1874 5519 2097 5596 aduersitatis.
2138 5531 2224 5614 Aqua
2260 5531 2495 5618 prosperitatis
2514 5531 2585 5574 Prima
2600 5535 2635 5574 est

519 5631 588 5696 tiae.
611 5629 664 5696 Est
689 5631 772 5696 enim
800 5649 881 5718 aqrra
905 5631 1021 5718 culpae
1045 5671 1089 5682 --
1115 5639 1147 5700 et
1172 5641 1221 5702 est
1249 5653 1333 5721 aqua
1354 5653 1476 5720 poenae
1505 5599 1509 5696 l

1108 580 1364 664 carantonus
1386 579 1424 644 m
1447 579 1613 644 tolonen
1636 555 1742 644 coln.
1766 579 1901 646 11111111.

1534 791 1575 804 -
1592 761 1624 822 et
1638 773 1721 840 aqua
1737 749 1893 838 (brturrae
1911 775 1952 802 —
1970 761 2001 820 et
2023 771 2108 840 aqua
2126 751 2318 838 pratiae-
2343 759 2373 818 et
2397 753 2491 818 etiam

1532 877 1617 944 aqua
1636 857 1773 944 pieriae.
1792 857 1974 926 Huiusmodi
1998 875 2153 944 aquarum
2171 857 2248 940 aliae
2270 863 2346 924 sunt
2361 855 2492 944 [apicre-

1532 965 1614 1044 dae,
1637 965 1715 1032 aliee
1740 965 1983 1044 transeundae,
2005 965 2082 1030 aliae
2113 969 2185 1030 sunt
2211 965 2421 1048 appetendae.
2449 1001 2490 1010 -

1534 1071 1637 1154 Aquae
1661 1089 1754 1154 ergo,
1786 1085 1867 1154 quas
1887 1067 2062 1156 sappinus,
2085 1075 2162 1136 sunt
2189 1087 2292 1154 aquae
2309 1069 2430 1154 'culpae
2461 1075 2492 1136 et

1532 1195 1633 1262 aquae
1652 1193 1799 1262 poenam
1826 1175 1908 1242 inter
1932 1193 2010 1260 quas
2042 1175 2144 1262 primo
2176 1175 2344 1242 ridendum
2374 1185 2423 1244 est
2453 1175 2492 1242 de

1534 1283 1626 1366 aquis
1647 1281 1773 1366 culpae.
2093 1281 2104 1302 s

1550 1423 1552 1428 ,
1624 1391 1653 1454 b.
1679 1389 1732 1454 Est
1754 1395 1859 1454 autem
1882 1387 2049 1472 multiplex
2077 1405 2161 1472 aqua
2183 1387 2307 1472 culpae.
2333 1387 2383 1454 Est
2408 1385 2658 1454 crimenentur·

1533 1513 1617 1580 apua
1631 1493 1825 1580 superbiam
1842 1493 2041 1580 Apocalypsis
2053 1493 2315 1578 decimoseptimo
2327 1495 2356 1560 ⁴:
2373 1519 2388 1550 (ι
2403 1493 2490 1574 Veni,
2504 1451 2658 1600 Αὲξηὲἐέὐεο

1534 1605 1565 1666 et
1581 1601 1748 1666 ostendam
1784 1599 1854 1666 tibi
1870 1599 2098 1666 damnationem
2132 1597 2307 1666 meretricis
2344 1617 2489 1688 magnae,
2509 1567 2589 1652 teng·
2615 1587 2620 1598 ’

1533 1723 1615 1790 quae
1637 1707 1725 1772 sedet
1748 1723 1844 1790 super
1877 1723 1976 1792 aquas
2001 1707 2150 1772 multas»
2178 1711 2253 1784 ete.;
2270 1695 2421 1790 ¹loquitur
2452 1705 2490 1772 de
2520 1787 2521 1790 Ἴ

1534 1811 1692 1878 mundana
1714 1811 1861 1876 vanitate.
1877 1847 1920 1860 -
1936 1811 2023 1896 Aqua
2054 1811 2236 1890 cruoritiae,
2258 1811 2298 1878 de
2319 1829 2383 1896 qua
2408 1817 2490 1878 recte
2510 1819 2616 1866 Secunda·

1535 1923 1636 2002 potest
1651 1915 1710 1984 dici
1730 1915 1794 1984 hic:
1820 1917 1886 2000 Qui
1902 1915 1983 1984 bibit
1996 1937 2036 1982 ero
2058 1913 2125 1982 liae
2144 1937 2236 2006 apua
2258 1917 2346 1984 sitiet
2360 1917 2489 1982 iterum.

1714 2095 1771 2178 ero
1792 2095 1851 2160 plus
1869 2099 1974 2160 potatae
1991 2095 2050 2160 plus
2067 2093 2189 2148 sitiuntur
2209 2109 2301 2162 aqrree.

1535 2237 1587 2304 Est
1600 2235 1872 2322 apparuerint,-
1883 2235 2010 2306 Genesis
2022 2235 2259 2324 quadragesimo
2273 2235 2390 2302 uono⁵÷
2407 2237 2490 2300 «1111-
2511 2241 2592 2288 retra.

1534 2341 1595 2408 ben
1612 2343 1731 2410 effusus
1752 2359 1788 2408 es
1810 2341 1890 2410 sicut
1915 2363 2017 2428 oqua;
2042 2361 2104 2410 non
2126 2359 2265 2421 crescas,
2289 2341 2362 2428 quia
2384 2357 2490 2410 ascen-

1533 2449 1606 2518 disti
1627 2449 1732 2516 cubile
1753 2451 1854 2532 patris
1875 2451 1921 2516 tui
1944 2459 1977 2516 et
2000 2451 2163 2516 oraculasti
2186 2455 2320 2516 stratum
2347 2449 2415 2516 eius
2429 2475 2461 2512 1.

1622 2555 1653 2620 3.
1676 2555 1782 2636 dqrrae
1810 2555 1887 2620 istae
1913 2539 2148 2620 abominabiles
2171 2561 2258 2630 sunt,
2288 2555 2361 2638 quia
2386 2551 2659 2666 ‘urbi'oaffifli‘d'iissl

1535 2663 1616 2738 dae;
1638 2661 1809 2728 obscurent
1841 2659 1923 2726 enim
1947 2659 2117 2738 rationem3
2153 2661 2235 2726 unde
2266 2659 2380 2726 dicitur
2412 2645 2568 2726 [pre-ercle.

1534 2765 1614 2834 miae
1635 2765 1815 2834 seruator:
1838 2789 1862 2822 ¹«
1880 2765 1962 2850 Quid
1995 2765 2040 2834 ibi
2063 2765 2109 2832 vis
2141 2763 2172 2832 in
2207 2765 2255 2832 ria
2279 2765 2424 2852 Aegypti,
2457 2771 2492 2828 ut

1535 2873 1622 2942 bibas
1658 2889 1770 2958 apuam
1806 2873 2017 2940 turbidam».
2047 2909 2088 2922 -
2115 2873 2208 2952 ltem,
2239 2873 2313 2958 quia
2348 2873 2490 2938 immun-
2504 2875 2658 2972 Qviedgrgere·

1535 2977 1801 3064 dommartinum
1823 2979 1908 3046 enim
1930 2977 2139 3058 allectionem
2165 2977 2291 3046 leuitici
2310 2977 2490 3044 rmdeciriro:

1541 3085 1681 3152 «Omnis
1703 3083 1809 3164 cibus,
1834 3101 1929 3170 quem
1953 3085 2143 3164 consederis,
2167 3083 2190 3150 si
2224 3085 2293 3152 tusa
2320 3083 2415 3152 luerit
2438 3101 2490 3148 su-

1535 3209 1590 3278 per
1614 3209 1686 3258 eum
1700 3209 1809 3276 apua,
1834 3191 2015 3258 immundus
2039 3191 2100 3260 erit
2114 3217 2146 3256 r.
2175 3229 2217 3238 ἠ
2244 3191 2325 3276 Quia
2347 3191 2490 3284 steritem
2504 3191 2656 3248 aliatenus.

1534 3297 1721 3370 exinaniunt
1736 3297 1817 3362 enim
1836 3297 2001 3374 virtutem3
2021 3299 2230 3366 Numerorum
2254 3297 2379 3382 quinto:
2407 3323 2421 3356 «
2437 3293 2491 3362 Ρο-

1536 3409 1604 3470 tum
1625 3401 1678 3470 det
1699 3401 1823 3470 mulieri
1849 3421 1945 3488 aqtres
1970 3401 2180 3470 amarissimas
2205 3425 2242 3482 »;
2273 3409 2303 3470 et
2327 3401 2492 3488 sequitur:

1542 3507 1811 3576 «pertransibunt
1843 3527 1911 3576 eam
1934 3527 2036 3596 aquae
2064 3507 2307 3588 maledictionis,
2333 3515 2363 3574 et
2387 3509 2493 3576 inllato

1439 3621 1440 3624 ’
1538 3623 1666 3696 ventre,
1689 3623 1921 3700 computrescet
1942 3617 2046 3684 femur
2061 3641 2094 3680 ».

1624 3725 1656 3788 li.
1679 3723 1783 3808 lqoas
1805 3721 1879 3788 istas
1905 3721 2048 3808 sequitur
2081 3739 2163 3808 aqua
2180 3741 2316 3816 poenae.
2350 3721 2387 3788 Et
2418 3725 2492 3788 sunt
2512 3723 2659 3820 figgrggrffirij

1536 3845 1635 3914 aquae
1660 3845 1778 3914 poenae
1807 3823 1999 3906 terribiles,
2033 3825 2106 3914 quia
2134 3825 2302 3892 obscurae
2324 3827 2361 3892 ad
2375 3827 2492 3922 riden—
2511 3829 2609 3928 ¹⁵⁰0⁵l12¹23³
2622 3829 2659 3874 a.

1538 3935 1628 4014 dum,
1655 3953 1795 4000 amarae
1817 3935 1856 4000 ad
1880 3933 2069 4018 potandum,
2096 3933 2331 4018 intemperatae
2353 3933 2394 3998 ad
2423 3949 2493 3998 sen-

1537 4041 1686 4108 tiendum.
1703 4079 1741 4088 -
1756 4041 1836 4106 Sunt
1851 4039 1890 4124 igi
1897 4049 1947 4106 tur
1971 4039 2130 4106 obscurae
2146 4039 2183 4106 ad
2200 4039 2388 4120 ridendum;
2411 4037 2494 4106 unde

1540 4146 1636 4214 Exodi
1671 4145 1791 4214 decimo
1825 4145 1978 4232 quintal:
2007 4173 2024 4204 «
2047 4145 2155 4230 abyssi
2189 4151 2385 4230 operuerunt
2418 4163 2492 4222 eos;

1538 4251 1767 4320 descenderunt
1801 4251 1834 4316 in
1863 4251 2056 4336 protundum
2090 4251 2177 4336 quasi
2202 4251 2280 4336 lapis
2305 4277 2342 4330 »3
2374 4257 2406 4320 et
2438 4251 2495 4316 ite-

1539 4377 1623 4424 rum:
1655 4385 1670 4416 r
1686 4355 1898 4442 Congregatae
1921 4363 1994 4424 sunt
2022 4355 2124 4442 abyssi
2148 4357 2178 4422 in
2210 4357 2312 4424 medio
2344 4357 2439 4424 meris
2462 4385 2493 4424 r.

1540 4503 1581 4530 -—
1606 4467 1755 4530 Arnarae
1779 4469 1932 4548 quantum
1957 4463 1993 4530 ed
2011 4481 2142 4548 poenam
2165 4463 2282 4530 vermis
2290 4487 2298 4544 ;
2325 4463 2420 4532 Exodi
2442 4463 2495 4530 de·
2514 4465 2611 4512 inerar-

1539 4573 1618 4640 aimo
1650 4571 1778 4658 quinto:
1814 4595 1831 4628 (ι
1850 4571 1983 4638 deduxit
2007 4589 2103 4654 super
2135 4589 2186 4638 eos
2210 4571 2361 4638 Dominus
2397 4589 2496 4658 aquas

1538 4679 1634 4746 maris
1651 4705 1680 4744 a.
1699 4715 1741 4726 —
1761 4679 1996 4762 intemperatae
2021 4681 2174 4764 priuatum
2200 4677 2237 4744 ad
2262 4695 2393 4762 poenam
2424 4697 2495 4744 sen·
2514 4685 2643 4780 meggede-

1539 4805 1610 4866 sns;
1635 4787 1687 4852 lob
1713 4783 1860 4868 vigesimo
1884 4793 2013 4870 quarto:
2042 4811 2057 4842 r
2075 4783 2117 4850 lo
2142 4785 2231 4868 aquis
2248 4783 2366 4850 nivium
2394 4793 2496 4850 trans-

1540 4895 1590 4958 eat
1611 4887 1651 4956 ad
1673 4888 1808 4956 calorem
1834 4889 2071 4956 nimiamoffl
2087 4889 2164 4956 Istae
2188 4907 2264 4976 ergo
2287 4895 2361 4956 sunt
2377 4907 2494 4976 aquae,
2572 4945 2574 4948 .

1540 5015 1617 5082 quas
1641 4995 1788 5082 legimus
1813 4995 1963 5080 Fugimus
1984 4997 2067 5062 enim
2085 5015 2182 5082 aquas
2207 4997 2340 5084 eulpae,
2356 5015 2397 5066 ne
2419 4997 2495 5076 inci-

1539 5103 1707 5170 demusin
1730 5119 1981 5186 aquaspoenue.
2065 5153 2066 5156 ,
2554 5159 2658 5212 secunao,

1556 5235 1559 5288 3
1611 5193 1659 5276 s.
1683 5209 1833 5294 Sequitur
1855 5207 1895 5276 de
1916 5209 2026 5296 aquis,
2049 5229 2129 5296 quas
2153 5213 2352 5292 transimus,
2379 5213 2496 5280 scilicet
2514 5217 2661 5310 {ffiglfffl'

1463 5367 1466 5378 .
1539 5315 1578 5382 de
1593 5315 1683 5402 aqrris
1698 5313 1874 5402 fortunam
1898 5323 1927 5384 et
1949 5315 2025 5402 quia
2045 5315 2172 5384 fortuna
2188 5317 2307 5402 duplex
2331 5327 2395 5384 est:
2417 5335 2495 5402 pro·
2514 5321 2576 5372 lore
2595 5319 2661 5362 roua

1538 5441 1638 5508 spera
1661 5427 1692 5490 et
1709 5421 1871 5497 odacrum
1896 5423 1965 5488 ideo
1987 5423 2177 5502 notandum,
2196 5423 2281 5508 ¹rpuod
2305 5431 2380 5492 sunt
2395 5441 2496 5510 aduae
2514 5383 2554 5416 11.
2573 5373 2659 5426 suoru.

1541 5633 1725 5720 multiplex:
1748 5653 1832 5720 aqua
1853 5633 2073 5714 dediderunt:
2103 5635 2345 5702 Prorerbiorum
2369 5635 2495 5704 nono⁸z
2531 5585 2618 5638 Μ

1217 5915 1799 5924 *mun-u*

593 6101 602 6132 ¹
623 6103 696 6156 Veis.
717 6105 756 6156 lt.
777 6131 811 6144 --
831 6105 948 6158 Subinde
969 6105 1113 6170 allegentur
1133 6109 1202 6160 loen.
1223 6109 1368 6174 =t0,·12.et
1386 6111 1478 6162 Ezeclr.

521 6193 567 6256 34,
589 6195 613 6244 E.
1122 6213 1124 6216 ·

593 6277 603 6308 ²
621 6281 696 6334 Vers.
716 6283 740 6332 3.
753 6309 789 6320 -
802 6283 925 6350 Sequitur
946 6285 1014 6334 loon.
1036 6281 1083 6346 tt,
1102 6283 1152 6338 el:
1176 6285 1315 6350 Volnera,
1330 6287 1478 6350 eareat:

523 6367 580 6422 tetta
599 6375 663 6432 etc.;
680 6369 842 6422 verbotenus
859 6381 899 6424 est
918 6371 942 6422 in
963 6371 1052 6424 (illicio
1071 6371 1150 6424 troius
1168 6373 1294 6438 llertyris.

594 6453 764 6524 3ΙΙ111111ε111111
784 6467 876 6514 ntrctor,
892 6459 1058 6512 collationum
1079 6467 1183 6514 secutos
1204 6467 1241 6514 est
1260 6463 1379 6516 ordinem
1400 6465 1479 6514 Even-

482 6595 483 6598 ,
523 6545 581 6610 gelii
602 6545 720 6610 loannis,
746 6545 782 6598 ub
809 6549 858 6600 bue
882 6549 1019 6602 cellatione
1043 6547 1134 6614 incipit
1158 6539 1499 6616 1101111ε111·ἰεε,11111111111Ι

522 6633 654 6698 aliquibus
671 6635 949 6702 capitulisqaoeclam
973 6635 996 6688 in
1020 6635 1152 6702 prioribus
1175 6639 1356 6693 collationibus
1382 6639 1478 6692 omissa

523 6725 620 6772 tractat.
641 6721 687 6774 Vel
707 6723 763 6788 ipse
782 6729 871 6776 tractor
892 6725 987 6776 omissa
1007 6729 1098 6788 posteo
1116 6725 1242 6794 adiunxit,
1255 6729 1297 6780 rel
1310 6725 1431 6780 librarius
1444 6725 1478 6782 ob

524 6807 648 6860 incuriam
668 6817 740 6862 anteo
760 6813 879 6876 neglecte
901 6813 924 6864 in
944 6813 994 6864 fine
1015 6815 1108 6878 posuit.
1131 6863 1134 6868 .

594 6893 605 6924 4
623 6897 697 6950 Vers.
720 6901 741 6950 l.
762 6927 798 6938 -
816 6899 933 6956 Subinde
953 6901 1079 6968 allegetur
1091 6901 1181 6966 Ouid,
1196 6905 1212 6956 l.
1226 6905 1362 6958 Fastorum
1377 6917 1403 6956 v.
1417 6905 1477 6970 bid,

1543 6121 1592 6172 pro
1610 6121 1663 6184 arra
1681 6109 1704 6160 Α
1723 6107 1777 6172 Qui
1789 6107 1854 6176 plus
1874 6107 1938 6162 bibit
1949 6107 2103 6162 rnrrndanae
2116 6107 2283 6178 cupiditatis,
2296 6109 2361 6178 plus
2375 6109 2460 6174 sitiet,
2474 6125 2490 6164 e

1431 6241 1433 6246 .
1543 6197 1569 6250 in
1588 6211 1642 6264 quo
1661 6197 1835 6264 propalatae
1852 6197 1871 6248 B
1891 6201 2000 6266 epotae:

1703 6321 1761 6386 Quo
1779 6321 1839 6386 plus
1855 6327 1916 6374 sunt
1935 6325 2026 6386 protae,
2045 6323 2104 6386 plus
2124 6321 2244 6376 sitiuntur
2264 6319 2354 6390 erpone.

1613 6459 1625 6488 ⁵
1646 6465 1719 6516 Vers.
1738 6463 1764 6514 3.
1782 6467 1808 6514 et
1828 6461 1850 6514 i.

1613 6545 1625 6578 ⁶
1644 6551 1718 6602 Vere.
1738 6551 1781 6602 te.
1798 6577 1836 6590 -
1853 6551 2005 6618 Sequuntur
2022 6551 2084 6602 Lev.
2104 6551 2151 6616 ll,
2167 6551 2214 6614 sn
2228 6553 2303 6604 litim.
2318 6553 2346 6614 5,
2360 6553 2401 6604 26.
2416 6561 2442 6604 et
2455 6551 2498 6604 et.

1613 6633 1623 6664 ²
1645 6639 1718 6690 Vers.
1737 6637 1764 6690 5.
1781 6645 1807 6690 et
1827 6641 1850 6690 8.
1870 6667 1905 6676 —
1925 6637 2040 6692 Subinde
2060 6638 2204 6704 allegantur
2227 6639 2307 6692 Erod.
2333 6639 2381 6704 l5,
2405 6641 2448 6692 ro.
2472 6647 2498 6692 et

1543 6725 1590 6778 lob
1607 6727 1657 6788 el,
1678 6729 1722 6778 re.
1788 6729 1791 6734 '

1565 6859 1568 6862 .
1612 6811 1624 6842 ⁸
1646 6817 1719 6870 vers.
1739 6815 1779 6868 tt.
1800 6817 1909 6870 -Duo
1928 6833 2003 6884 seqq.
2023 6819 2073 6872 loci
2096 6821 2157 6870 sunt
2181 6817 2262 6884 Apoe.
2282 6821 2331 6884 tt,
2351 6819 2524 6890 111111ε.ψ

1544 6905 1592 6968 92,
1611 6905 1637 6956 3.
1655 6919 1711 6972 seq.
