5908 8266
1131 557 1322 624 comitant.
1348 557 1384 624 lN
1407 559 1624 626 statuariam
1646 561 1679 626 C.
1702 557 1762 624 Xll.

557 735 655 820 (Vens
693 737 766 814 lat.
803 735 949 802 Doeoisti
978 733 1271 820 eotm1popotom
1305 741 1419 812 toura;

296 863 447 926 saeuoque
465 839 517 904 alii
539 859 616 908 vero
642 861 705 908 non
735 841 904 918 docentur,
933 839 1015 904 urtde
1040 837 1243 906 Ecclesiastici
1269 839 1419 924 vigesimo

327 927 449 1014 iiiim*
465 947 582 1034 primo:
599 973 616 1008 a
632 949 698 1016 Non
713 946 877 1016 erudietur
892 943 947 1028 qui
962 963 1024 1010 non
1041 951 1088 1010 est
1108 943 1230 1028 sapiens
1246 943 1276 1010 in
1294 945 1376 1012 bono
1387 969 1419 1024 »3

463 1071 525 1136 per
556 1053 638 1118 tolio
670 1069 789 1136 opertu
824 1049 941 1116 scilicet
965 1047 1103 1114 iustitiae
1130 1053 1161 1114 et
1189 1047 1420 1116 misericordiae

464 1157 570 1225 simul.
595 1157 760 1240 Quoniam
782 1159 906 1240 oportet
924 1173 991 1220 esse
1010 1151 1151 1232 iustum,
1176 1153 1251 1238 quia
1265 1159 1301 1220 tu
1316 1153 1419 1220 iustus

464 1279 513 1342 θε,
536 1271 567 1328 et
587 1259 789 1340 bunionem,
812 1259 841 1326 id
866 1263 912 1326 est
929 1263 1141 1336 mansuetum,
1166 1259 1241 1344 quia
1262 1259 1356 1326 bomo
1373 1265 1419 1326 θεῖ

465 1365 579 1430 animal
602 1371 802 1432 mansuetum
829 1367 958 1442 natura;
983 1367 1014 1430 et
1035 1363 1111 1442 hoc,
1136 1361 1209 1446 quia
1238 1367 1272 1436 tu
1297 1361 1419 1430 miseri-

462 1487 555 1548 oom,
578 1489 641 1536 non
663 1471 766 1536 solum
793 1469 912 1548 iustus;
936 1469 1020 1534 unde
1042 1467 1074 1532 in
1101 1467 1221 1532 Psalmo
1234 1469 1263 1532 2:
1295 1493 1311 1526 a
1329 1467 1419 1534 illise-

466 1575 633 1642 ricordiam
656 1583 689 1642 et
710 1573 860 1640 iudicium
877 1573 1008 1642 cantabo
1030 1573 1103 1652 tibi,
1128 1571 1258 1640 Domine
1271 1599 1287 1632 ε
1301 1597 1309 1652 ;
1325 1573 1418 1640 item:

469 1683 677 1750 «Misericors
699 1689 729 1750 θῖ
753 1681 917 1748 miserator
941 1685 971 1748 et
994 1679 1096 1748 iustus
1120 1677 1269 1746 Dominus
1286 1707 1317 1746 ε,
1340 1681 1419 1748 Etsi

467 1787 635 1868 Dominus,
665 1807 741 1874 ergo
776 1795 807 1854 et
837 1805 969 1866 serrus;
1007 1787 1089 1852 unde
1121 1785 1264 1854 Matthaei
1299 1787 1419 1854 decimo

465 1901 591 1960 octavo:
622 1895 766 1961 «Nonne
796 1891 953 1976 oportuit,
980 1883 1015 1958 et‘
1043 1895 1074 1958 te
1103 1889 1246 1958 misereri
1275 1891 1418 1958 conservi

464 2001 526 2078 tui,
551 1999 633 2066 siout
662 2007 694 2066 et
722 2017 780 2086 ego
803 1997 848 2064 tui
881 1997 1029 2064 misertus
1061 2015 1131 2064 sum
1151 2003 1188 2062 »i
1218 1997 1418 2064 Ecclesiastae

466 2105 609 2192 septimo:
633 2107 729 2174 «Noli
755 2123 822 2172 esse
836 2105 940 2170 iustus
962 2103 1098 2170 multum
1114 2129 1146 2182 θ,
1170 2101 1286 2170 scilicet
1303 2103 1334 2168 in
1350 2107 1418 2168 tao-

465 2217 550 2291 tum,
575 2219 610 2278 ut
634 2209 877 2280 misericordiam
904 2207 1056 2276 excludas
1082 2227 1099 2274 a
1125 2213 1179 2274 tua
1205 2207 1339 2286 iustitia;
1366 2209 1418 2274 Sa·-

465 2317 639 2384 maritanus
659 2317 742 2384 enlm
766 2313 903 2380 sauciato
927 2313 1039 2380 inludit
1062 2331 1125 2378 non
1147 2319 1269 2380 tantum
1293 2313 1416 2392 vinum,

466 2425 520 2490 sed
537 2429 570 2490 et
588 2425 694 2490 oleum
713 2421 816 2488 simul.
837 2423 878 2486 Et
893 2419 996 2486 bonae
1014 2419 1084 2504 spei
1100 2417 1209 2504 fecisti
1226 2419 1314 2504 (ilios
1330 2427 1417 2500 tuoe,

464 2531 559 2598 idest
578 2529 615 2596 de
639 2529 727 2596 venia
747 2525 964 2612 consequenda
983 2525 1089 2594 adeles
1109 2531 1196 2606 ῖθοε,
1216 2527 1271 2612 qui
1292 2525 1347 2592 lilii
1372 2525 1418 2594 tui

465 2643 555 2716 sunt;
579 2637 661 2702 unde
694 2633 814 2702 loannis
842 2633 989 2718 paimei:
1019 2633 1140 2700 «Dedit
1162 2633 1208 2702 eis
1234 2639 1418 2718 potestatem

464 2743 543 2810 lilios
559 2741 614 2810 Dei
632 2741 713 2822 fieri,
730 2741 780 2808 bis
798 2741 852 2826 qui
870 2741 1003 2806 credunt
1022 2739 1053 2804 in
1070 2741 1196 2806 nomine
1211 2741 1278 2806 eius
1291 2765 1322 2804 ε,
1338 2741 1418 2806 Ηθθε

462 2855 513 2916 θεῖ
534 2849 615 2916 bona
640 2867 723 2934 spes,
747 2847 785 2914 de
813 2865 876 2932 qua
898 2845 930 2913 in
954 2847 1089 2912 Psalmo:
1121 2873 1137 2906 a
1156 2847 1283 2932 Sperate
1308 2845 1338 2910 in
1363 2863 1417 2924 eo,

464 2955 567 3022 omnis
589 2953 786 3040 congregatio
806 2951 911 3038 populi
929 2975 964 3032 »;
988 2951 1080 3018 item:
1111 2979 1128 3010 ε(
1142 2951 1175 3016 ln
1196 2951 1259 3018 Deo
1281 2951 1419 3036 sperarit

464 3077 664 3140 cormeum,
689 3065 720 3128 et
743 3057 869 3126 adiutus
898 3075 969 3124 sum
992 3083 1027 3138 »3
1052 3057 1171 3142 primae
1196 3057 1276 3124 Petri
1300 3057 1416 3142 primo:

470 3191 485 3224 κ
502 3167 630 3252 Sperate
645 3167 676 3230 in
701 3183 768 3234 eam
784 3183 866 3248 quae
882 3163 969 3230 robis
993 3163 1125 3230 offertur
1140 3163 1272 3248 gratiam
1283 3189 1315 3228 u.
1334 3163 1419 3246 Quo-

464 3269 558 3336 niam
581 3269 755 3350 iudicans,
778 3269 810 3336 id
833 3277 881 3338 est
902 3269 1035 3354 puniens
1060 3269 1342 3354 peccatoresque
1375 3269 1418 3334 l-

464 3395 538 3442 cum
561 3377 775 3460 poeniteutiae
797 3375 1015 3460 inpeccatis,
1038 3375 1071 3442 id
1093 3381 1141 3442 θεῖ
1162 3375 1418 3460 permanentibus

464 3481 494 3546 in
518 3481 669 3566 peccatis,
694 3481 811 3548 scilicet
833 3481 1042 3566 exspectando
1059 3499 1111 3548 eos
1127 3481 1165 3548 ad
1181 3479 1416 3566 poenitentiam

465 3585 556 3652 isaiae
581 3587 738 3672 trigesimo
751 3587 782 3650 ⁴²:
803 3611 820 3644 a
833 3587 1000 3668 Propterea
1014 3589 1176 3670 exspectat
1190 3585 1357 3666 Dominus,
1383 3591 1418 3650 ot

464 3693 649 3760 misereatur
677 3691 774 3760 vestri
793 3719 825 3756 ».
849 3693 949 3758 Locus
971 3691 1179 3776 poenitentiae
1210 3697 1258 3758 est
1279 3691 1418 3760 mundus

464 3799 538 3880 iste3
562 3805 633 3884 post
656 3799 818 3884 egressum
842 3797 923 3862 enim
948 3797 986 3862 de
1010 3797 1070 3862 hoc
1091 3797 1210 3878 mundo
1231 3815 1293 3862 non
1322 3801 1418 3862 restat

464 3901 669 3988 poenitentiae
693 3903 801 3980 .locus;
827 3905 956 3986 propter
988 3899 1072 3986 quod
1095 3899 1296 3968 Ecclesiastae
1319 3899 1416 3966 unde-

464 4009 557 4076 cimo:
573 4009 792 4094 «Ubicumque
809 4007 956 4074 ceciderit
970 4007 1104 4092 lignum,
1122 4007 1187 4072 sire
1202 4005 1240 4070 ad
1256 4011 1416 4084 austrum,

464 4115 529 4182 sive
550 4113 590 4180 ad
608 4115 801 4200 aquilonem,
822 4111 864 4178 ibi
881 4111 981 4180 erit».
1001 4113 1240 4196 Chrysostomus
1253 4109 1279 4176 ⁵:
1302 4111 1416 4176 «lunc

464 4239 525 4286 non
541 4217 823 4304 eritpoenitentiae
835 4217 921 4284 locus
933 4235 990 4284 nec
1003 4217 1206 4286 satisfaciendi
1223 4223 1347 4300 tempus
1360 4233 1416 4282 nec

465 4325 647 4394 restituendi
673 4325 823 4406 virtus»;
850 4325 918 4392 ideo
944 4323 1144 4390 Ecclesiastae
1170 4341 1266 4390 nono:
1292 4321 1417 4406 «Quod-

464 4449 599 4516 cumque
622 4431 723 4498 lacere
746 4435 848 4516 potest
863 4447 976 4496 manus
1000 4437 1069 4510 tua,
1091 4429 1244 4496 instanter
1267 4447 1416 4514 operare,

465 4537 539 4622 quia
566 4553 623 4604 nec
651 4555 730 4622 opus
758 4553 816 4602 nec
839 4535 917 4603 ratio
941 4553 999 4604 nec
1026 4535 1155 4602 scientia
1182 4553 1239 4602 nec
1267 4535 1417 4620 sapientia

464 4648 557 4708 erunt
581 4643 663 4728 apud
686 4641 817 4720 interos,
842 4659 905 4726 quo
928 4647 965 4708 tu
988 4659 1181 4726 properas».

552 4751 653 4834 (Vers.
667 4749 742 4832 99,).
758 4747 795 4814 Si
809 4747 897 4814 coint
920 4747 1065 4814 'nimicus
1080 4767 1254 4814 seruorum
1267 4753 1415 4828 tuorum,

317 4879 402 4934 τθεο,
417 4881 444 4926 θ
464 4855 567 4940 quoad
582 4861 744 4942 peccatum
760 4853 791 4920 in
812 4853 1027 4940 pronianum,
1043 4853 1173 4938 quibus,
1196 4853 1338 4940 inquam,
1353 4871 1416 4920 ser-

344 4935 417 4980 m⁰s¹⁰'
464 4961 510 5030 vis
526 4961 641 5029 dicitur
663 4963 764 5030 Lucae
778 4961 938 5028 decimos:
961 4959 1047 5044 «Qui
1069 4979 1124 5026 ros
1140 4961 1227 5026 audit
1242 4977 1291 5026 me
1315 4959 1415 5038 audit,

464 5073 493 5136 et
526 5067 580 5152 qui
610 5085 666 5134 vos
689 5065 809 5152 spernit
835 5083 885 5132 me
908 5065 1029 5150 spernit
1043 5089 1075 5144 »ς
1097 5073 1128 5130 et
1154 5063 1275 5130 debitos
1297 5065 1415 5142 morti,

535 5481 543 5514 ¹
563 5485 674 5548 Vulgata
694 5487 793 5536 aalma.
813 5507 848 5518 -
867 5477 989 5546 Sequitur
1002 5479 1078 5532 Eccli.
1091 5477 1134 5544 91,
1148 5477 1157 5528 1
1166 5477 1191 5530 l.
1202 5507 1237 5518 -
1250 5479 1354 5530 luterius
1367 5493 1416 5544 pro

461 5571 546 5630 simol
563 5573 585 5624 A
603 5569 735 5626 similiter.

533 5657 543 5688 ²
563 5661 657 5712 Psalm.
677 5659 735 5724 too,
757 5658 786 5720 l;
805 5657 869 5710 ibid.
890 5657 949 5722 111,
969 5655 991 5708 i.
1013 5659 1050 5708 est
1073 5669 1129 5722 seq.
1147 5657 1227 5708 locos.
1244 5681 1282 5694 -
1299 5653 1416 5708 Subinde

464 5747 606 5812 allegantur
631 5749 719 5800 lllattlr.
737 5747 784 5810 l8,
803 5747 852 5808 33,
871 5746 955 5798 Eccle.
972 5741 998 5810 7,
1019 5741 1060 5794 tt.
1087 5741 1144 5810 (cir.
1167 5757 1247 5808 supra
1271 5741 1416 5796 Comment.

461 5835 489 5886 in
506 5837 576 5888 bunc
596 5833 692 5900 locum)
713 5839 737 5888 et
755 5835 817 5886 Luc.
832 5833 877 5898 lli,
892 5831 934 5886 31.
954 5831 1004 5898 (de
1023 5831 1212 5900 Samaritano):
1223 5831 1345 5896 alligavit
1363 5831 1416 5884 vul·

464 5935 525 5976 nera
542 5923 612 5988 eius,
632 5923 771 5976 infundens
788 5921 874 5974 oleum
895 5925 918 5972 el
937 5921 1038 5972 vinum.

533 6007 544 6038 ⁸
562 6011 637 6062 Vers
652 6011 692 6064 19.
704 6041 739 6052 -
752 6013 903 6078 Sequuntur
920 6011 962 6062 ns.
979 6011 1023 6078 bl,
1035 6011 1060 6062 9.
1080 6015 1104 6062 et
1123 6011 1165 6076 97,
1178 6009 1210 6074 73
1222 6009 1239 6062 l.
1256 6011 1321 6062 Pelr.
1337 6011 1415 6074 1,13.

533 6095 637 6152 *Vera
657 6101 698 6152 18.
716 6127 751 6138 -
771 6101 831 6164 Seq.
855 6099 927 6152 locus
953 6103 990 6152 est
1015 6101 1097 6152 Eccle.
1123 6099 1164 6164 11,
1190 6099 1221 6148 3:
1246 6099 1273 6148 Si
1293 6097 1416 6152 ceciderit

462 6187 563 6252 lignum
583 6187 615 6240 ad
635 6191 767 6252 austrum,
780 6191 825 6238 aut
837 6185 870 6246 ad
883 6183 1044 6254 aquilonem,
1064 6185 1090 6238 in
1102 6199 1272 6252 quocumque
1283 6185 1341 6238 loco
1352 6185 1416 6240 ceci·

463 6275 543 6338 derit,
563 6275 599 6326 ibi
617 6275 674 6327 erit.

533 6361 614 6416 ⁵Clr.
639 6363 735 6418 Gonoio
758 6365 783 6416 9.
800 6363 836 6416 de
853 6365 963 6426 Lazaro,
980 6379 1008 6416 o.
1027 6365 1055 6426 3,
1077 6361 1120 6416 ubi
1141 6359 1218 6414 dicit:
1238 6359 1319 6412 Simul
1338 6365 1416 6430 atque

462 6465 527 6504 vero
545 6451 738 6506 discesserimus
758 6451 834 6514 illuc,
851 6465 905 6504 non
922 6457 962 6504 est
979 6455 1069 6516 postea
1097 6449 1123 6500 in
1151 6447 1226 6500 nobis
1249 6447 1329 6500 situm
1355 6463 1415 6514 poe

462 6539 556 6606 nitere,
575 6555 662 6608 neque
684 6541 826 6594 commissa
850 6539 960 6592 diluere.
983 6539 1082 6590 Similia
1105 6539 1182 6590 docet
1201 6537 1226 6588 in
1244 6539 1306 6590 Gen.
1328 6539 1414 6592 bomil.

464 6627 503 6678 19.
523 6641 550 6678 n.
569 6629 594 6680 3.
611 6633 638 6678 et
662 6629 747 6680 bomil.
770 6627 811 6680 ta.
832 6641 858 6692 n.
876 6627 906 6692 ῖ;
925 6627 1010 6678 Serm.
1031 6627 1056 6676 9.
1080 6625 1105 6676 in
1129 6625 1170 6674 Ps.
1190 6623 1233 6674 38.
1252 6623 1278 6676 in
1301 6623 1369 6690 fine;
1389 6613 1429 6678 in¹

461 6717 547 6768 blattb.
572 6715 663 6766 bomll.
681 6717 724 6768 t3.
741 6729 768 6766 n.
788 6713 817 6778 ιῖ,
838 6713 863 6764 in
888 6713 967 6776 Epist.
992 6713 1027 6764 ad
1051 6713 1125 6764 Rom.
1145 6711 1233 6762 bonril.
1251 6709 1279 6764 7.
1300 6725 1327 6764 n.
1345 6713 1369 6764 3.
1390 6719 1414 6766 et

459 6803 488 6856 in
506 6801 587 6868 Epist.
605 6801 623 6854 Ι.
641 6803 675 6854 ad
694 6803 753 6856 Cor.
767 6799 856 6852 homil.
869 6801 912 6852 93.
924 6813 951 6852 n.
965 6799 990 6852 5.
1010 6801 1058 6850 Pro
1078 6797 1219 6854 resistendi
1237 6813 1270 6852 ex
1287 6801 1413 6866 Bposui-

458 6905 521 6944 ,θεῖε
539 6887 702 6944 restituendi.
720 6917 755 6928 -
776 6887 898 6954 Sequitur
916 6887 996 6938 Eccle.
1017 6887 1046 6950 9,
1067 6887 1107 6938 lb.

2374 565 2435 632 tet

1484 739 1635 818 quantum
1659 735 1698 800 ad
1713 739 1875 820 peccatum
1896 735 1929 802 in
1955 737 2072 814 Deum,
2095 735 2150 822 qui
2172 735 2236 802 rita
2250 740 2298 802 est
2318 737 2438 804 anima·

1483 857 1566 918 rum,
1586 842 1761 908 secundum
1778 843 2001 928 Augustinum3
2017 841 2152 920 deltoton,
2168 841 2307 928 inquam,
2322 843 2435 920 morti,

1483 945 1654 1012 secundum
1679 947 1755 1012 illud
1778 947 1816 1012 ad
1835 949 1989 1016 Romanos
2010 947 2128 1032 primo:
2147 949 2241 1015 «Non
2264 947 2365 1014 solum
2380 947 2436 1031 qui

1483 1049 1556 1114 talia
1575 1057 1674 1134 agam
1695 1049 1779 1136 digni
1804 1059 1877 1118 sunt
1899 1059 2028 1120 morte»
2051 1061 2109 1122 etc.
2135 1055 2219 1122 Com
2241 1059 2336 1118 ionio
2360 1071 2436 1118 cro·

1481 1153 1580 1220 eiosti
1602 1155 1794 1236 attentione,
1817 1157 1935 1226 scilicet
1955 1177 2018 1226 non
2044 1159 2154 1240 simul,
2178 1159 2232 1228 sed
2254 1175 2311 1244 per
2330 1163 2436 1244 partes

1481 1265 1512 1326 et
1535 1259 1709 1328 successive
1738 1261 1913 1346 puniendo,
1936 1271 1974 1328 ut
1995 1271 2080 1348 patet
2111 1265 2141 1332 in
2165 1267 2264 1352 plagis
2288 1263 2434 1350 aegyptu

1481 1371 1510 1430 et
1532 1363 1681 1432 liberasti
1691 1367 1715 1444 ⁷,
1741 1365 1858 1432 scilicet
1880 1385 1933 1434 eos
1947 1367 1989 1434 ab
2009 1367 2092 1448 istis,
2111 1371 2227 1438 scilicet
2245 1369 2436 1436 cruciatibus

1481 1469 1723 1556 temporalibus,
1748 1471 1835 1556 qula,
1860 1477 1968 1538 orante
1992 1475 2106 1558 tropo,
2127 1475 2293 1562 asiugulis
2314 1475 2436 1542 crocia-

1481 1573 1566 1640 tibus
1588 1575 1824 1656 liberabantur;
1850 1576 1948 1643 simile
1980 1577 2072 1644 etiam
2096 1581 2224 1664 contigit
2253 1579 2286 1646 in
2316 1581 2436 1646 Chana-

1481 1679 1575 1746 naeis.
1608 1681 1701 1746 Dono
1733 1687 1859 1766 tenipus
1888 1689 1918 1748 et
1944 1681 2070 1760 locum,
2099 1703 2160 1768 per
2189 1703 2275 1772 qotoe
2305 1689 2437 1768 possent

1481 1787 1612 1854 motari
1634 1805 1655 1850 o
1679 1787 1830 1862 coelitem
1863 1793 2005 1874 tempos,
2031 1787 2147 1856 scilicet
2172 1789 2250 1856 ritae
2282 1789 2435 1874 spatium,

1481 1899 1511 1958 et
1532 1891 1658 1970 bootem,
1685 1893 1801 1959 scilicet
1816 1893 1914 1960 buius
1935 1893 2045 1960 mundi
2060 1893 2208 1974 exilium3
2234 1895 2271 1960 de
2288 1901 2436 1980 tempore

1481 1997 1679 2084 Apocalypsis
1701 1997 1881 2064 secundo⁸:
1912 1999 2014 2066 «Dedi
2040 1999 2081 2064 illi
2108 2005 2247 2084 tempuS,
2270 2003 2307 2066 ut
2328 2001 2436 2086 poeni-

1481 2103 1611 2168 tentiam
1633 2109 1786 2188 ageret»;
1811 2105 1933 2172 deloco
1955 2103 2008 2172 lob
2023 2105 2173 2190 vigesimo
2195 2111 2322 2192 quarto:
2345 2105 2436 2174 «De-

1481 2207 1524 2274 dit
1549 2209 1576 2276 ei
1600 2211 1685 2276 Deus
1706 2209 1812 2276 locum
1841 2209 2064 2296 poenitentiae,
2096 2217 2127 2278 et
2152 2211 2202 2278 ille
2227 2209 2368 2276 abutitur
2398 2231 2436 2278 eo

1481 2313 1512 2378 in
1537 2313 1716 2398 superbiam
1733 2341 1763 2378 ».
1945 2401 1946 2406 ἵ

1571 2421 1671 2504 (Vers.
1700 2421 1777 2504 91).
1806 2419 1888 2486 Com
1920 2429 2048 2510 quonia
2077 2423 2248 2510 diligentie
2278 2423 2437 2490 iudicasti

1480 2523 1567 2612 tilios
1589 2531 1662 2592 tuos
1685 2533 1762 2606 etc,
1787 2527 1878 2612 quasi
1898 2527 1999 2594 dicat:
2022 2545 2094 2594 cum
2111 2529 2208 2594 multa
2232 2525 2388 2612 diligentia
2404 2533 2436 2594 et

1481 2631 1665 2712 attentione,
1686 2633 1858 2700 secundum
1878 2633 1961 2720 quod
1978 2635 2102 2720 petebat
2119 2633 2299 2702 Ρεθῖεεῖεῖθ9
2314 2633 2434 2702 Dicens:

1487 2737 1661 2822 «Exsurge
1685 2743 1713 2804 et
1738 2739 1863 2806 intende
1885 2739 2000 2808 iudicio
2014 2759 2099 2820 meo,
2116 2741 2199 2808 Deus
2222 2759 2312 2806 rrteus
2327 2747 2360 2806 et
2374 2741 2436 2806 Do·

1480 2843 1585 2910 minus
1609 2861 1714 2924 meus,
1741 2845 1913 2912 incensam
1937 2863 2037 2914 meam
2051 2873 2080 2912 ».
2108 2849 2137 2912 ln
2154 2849 2256 2932 figura
2279 2845 2376 2914 huius
2390 2847 2435 2914 le-

1481 2951 1567 3036 gitur
1588 2949 1714 3018 Genesis
1739 2951 1845 3032 tertio,
1870 2951 1953 3038 qued
1977 2951 2077 3032 Deus,
2102 2951 2300 3020 iudicaturus
2325 2969 2435 3038 pecca-

1482 3063 1548 3124 tum
1579 3043 1689 3138 ldae„
1708 3057 1928 3126 deambulabat
1960 3061 2018 3124 etc.
2052 3059 2153 3126 Filios
2189 3065 2283 3137 tuos,
2318 3059 2435 3126 scilicet

1481 3167 1627 3244 SanctoS,
1649 3181 1748 3250 supra
1769 3165 1896 3250 quinto:
1929 3191 1944 3224 «
1958 3165 2055 3244 Ecce,
2078 3165 2235 3250 quomodo
2262 3165 2434 3248 computati

1481 3277 1557 3338 sont
1585 3269 1667 3338 inter
1698 3271 1778 3338 filios
1801 3271 1874 3350 Dei,
1897 3277 1929 3338 et
1950 3269 2032 3338 inter
2063 3273 2189 3338 Sanctos
2210 3289 2280 3338 sors
2308 3271 2435 3338 illorum

1481 3383 1572 3442 est».
1596 3377 1665 3442 Vel:
1690 3375 1775 3462 filios
1792 3383 1881 3456 tuoe,
1903 3377 1936 3454 id
1958 3383 2005 3444 est
2027 3377 2134 3444 fideles
2150 3381 2240 3458 tuos,
2260 3377 2434 3444 secundum

1481 3483 1559 3550 illud
1575 3483 1696 3548 loannis
1711 3483 1815 3566 primo
1827 3483 1869 3548 ¹⁰:
1891 3509 1906 3542 a
1919 3483 2009 3550 Dedit
2022 3483 2068 3550 eis
2082 3489 2265 3566 potestatem
2282 3483 2364 3548 filios
2378 3483 2435 3550 Dei

1481 3587 1565 3668 beri,
1587 3587 1638 3654 his
1668 3587 1722 3674 qui
1754 3589 1886 3654 credunt
1907 3589 1940 3656 in
1962 3587 2087 3654 nomine
2117 3587 2184 3656 elus
2206 3615 2238 3654 ε.
2264 3587 2433 3670 Quorum,

1481 3693 1596 3760 scilicet
1621 3693 1776 3772 liliorum,
1799 3693 2013 3778 parentibus,
2038 3693 2069 3760 id
2092 3699 2139 3768 est
2162 3693 2367 3774 Patriarchis,
2397 3699 2435 3760 ut

1480 3799 1650 3876 Abraham,
1666 3797 1792 3864 Genesis
1809 3799 1929 3864 decimo
1944 3797 2054 3884 quinto
2069 3803 2100 3864 et
2116 3797 2263 3884 vigesimo
2279 3797 2433 3878 secund03

1480 3905 1581 3982 isaac,
1604 3903 1731 3970 Genesis
1755 3903 1902 3988 vigesimo
1928 3911 2034 3982 sext03
2064 3903 2170 3982 lacob,
2193 3903 2319 3972 Genesis
2350 3903 2435 3988 vige·

1480 4007 1560 4074 simo
1581 4013 1708 4086 octao03
1733 4007 1925 4072 iuramento
1948 4013 1977 4072 et
2000 4007 2220 4074 conventiones
2244 4007 2379 4086 dedisti,
2402 4007 2435 4074 id

1479 4117 1526 4178 est
1559 4111 1677 4178 iuratos
1704 4109 1935 4178 conventiones.
1958 4111 2052 4192 Nota,
2087 4113 2172 4198 quod
2194 4111 2357 4180 contentio
2387 4121 2434 4180 est

1480 4219 1616 4304 simplex
1639 4217 1821 4304 promissio,
1844 4217 2058 4286 iuramentum
2080 4237 2155 4286 vero
2172 4217 2344 4304 promissio
2362 4237 2434 4286 cum

1478 4325 1675 4392 attestatione
1691 4325 1736 4392 rei
1754 4343 1874 4406 sacrae3
1895 4325 1935 4392 ad
1950 4325 2104 4394 Hebraeos
2120 4331 2209 4392 sexto
2222 4327 2262 4388 11:
2289 4349 2305 4382 α
2321 4325 2360 4390 Ut
2376 4341 2433 4410 per

1478 4430 1557 4496 duas
1580 4447 1632 4496 res
1652 4429 1842 4508 immobiles,
1869 4433 1984 4518 quibus
2017 4429 2206 4518 impossibile
2230 4437 2277 4500 est
2309 4429 2433 4496 mentiri

1479 4537 1597 4616 Deum,
1619 4535 1824 4604 fortissimum
1846 4539 1993 4606 solatium
2015 4539 2214 4605 babeamus»
2237 4543 2295 4606 etc.
2324 4537 2434 4604 Bouo-

1478 4643 1848 4730 compromissionem,
1874 4643 1991 4712 scilicet
2012 4643 2151 4712 deterre
2174 4643 2388 4730 promissionis
2402 4649 2434 4712 et

1457 4739 1518 4816 de
1540 4749 1755 4816 benedictione
1776 4749 1911 4816 seminis,

1570 4855 1668 4928 t'Vers.
1695 4855 1771 4940 99,).
1799 4855 1881 4922 Com
1904 4875 1980 4940 erpo
1997 4859 2070 4934 etc,
2094 4855 2184 4942 quasi
2199 4855 2298 4922 dicat:
2322 4853 2365 4920 lta
2380 4855 2434 4922 be·
2451 4871 2541 4968 Quppp
2557 4869 2583 4916 de

1479 4959 1598 5026 netlcus
1619 4977 1651 5026 es
1674 4966 1706 5026 et
1722 4959 1901 5026 misericors
1920 4959 2125 5040 advorsariis;
2146 4979 2221 5026 com
2242 4977 2319 5044 erpo
2339 4959 2434 5026 uobis

1481 5063 1694 5150 rttsotpttoooa
1708 5065 1785 5142 dos,
1811 5065 1840 5132 id
1862 5069 1908 5132 est
1928 5081 2061 5150 poenam
2079 5063 2334 5144 emendatoriam,
2351 5081 2433 5150 quae

1550 5475 1655 5530 6,11εεε
1676 5480 1719 5530 lb.
1737 5507 1772 5518 -
1791 5479 1829 5532 De
1853 5491 1908 5546 seq.
1931 5479 2056 5532 sententia
2075 5479 2185 5546 August.
2202 5483 2249 5534 cir.
2267 5493 2345 5546 supra
2371 5495 2433 5546 pag.

1481 5567 1545 5628 116,
1558 5571 1619 5618 nota
1638 5567 1661 5618 6.
1677 5575 1707 5620 ,et
1724 5571 1788 5618 tom.
1807 5569 1835 5618 ll.
1846 5567 1989 5634 pegusa,
2008 5573 2068 5622 nota
2087 5567 2112 5618 5.
2132 5569 2196 5620 Dein
2212 5571 2338 5634 allegatur
2356 5553 2434 5624 Rom.

1481 5655 1506 5720 t,
1525 5655 1577 5708 32:
1595 5655 1724 5720 Quoniam
1744 5653 1788 5722 qul
1808 5655 1866 5708 talia
1886 5661 1966 5720 agunt
1991 5657 2064 5720 digni
2086 5661 2146 5708 sunt
2164 5663 2262 5724 morte,
2281 5663 2307 5710 et
2324 5669 2377 5710 non
2394 5671 2433 5710 so-

1479 5743 1534 5796 lum
1553 5743 1598 5810 qui
1616 5759 1647 5796 ea
1665 5743 1775 5810 iaciunt,
1794 5745 1842 5806 sed
1860 5743 1939 5798 etiam
1951 5745 2003 5810 qui
2022 5745 2188 5798 consentiunt
2206 5743 2368 5798 iacientibus.

1550 5829 1614 5884 'lta
1643 5831 1720 5886 etlam
1748 5831 1885 5896 nonanus,
1909 5833 1981 5886 card.
2009 5835 2085 5900 Hugo
2113 5837 2140 5886 el
2164 5837 2298 5900 Lyranus3
2321 5833 2432 5898 Vulgata

1479 5921 1575 5974 omittit
1596 5925 1623 5976 et
1641 5919 1767 5978 liberasti.
1775 5949 1815 5980 ‚-
1827 5923 1864 5974 De
1883 5921 1973 5976 decem
1992 5921 2076 5988 plagis
2094 5923 2259 5976 eiuratione
2280 5921 2361 5986 bloysi
2386 5923 2433 5974 osr.

1479 6011 1559 6062 Erod.
1577 6009 1651 6062 t-tt.
1667 6011 1736 6064 Vide
1755 6011 1832 6064 eiiam
1851 6023 1932 6076 supra
1950 6027 1976 6062 r.
1997 6011 2037 6062 lb.

1550 6095 1562 6128 ⁸
1580 6101 1655 6152 Vers
1673 6101 1716 6152 91.
1733 6127 1771 6140 --
1788 6101 1911 6166 Sequitur
1929 6099 1974 6152 lob
1994 6099 2041 6162 94,
2062 6101 2104 6152 93.

1550 6183 1739 6248 9ῖ)εθῖιθ.91,
1760 6187 1931 6240 99,-1]θο
1958 6199 2032 6254 seqq.
2060 6185 2109 6238 loei
2137 6185 2280 6238 suntGen.
2300 6185 2330 6248 3,
2350 6185 2384 6236 8:
2402 6185 2433 6234 Et

1478 6287 1539 6326 cum
1553 6273 1686 6326 audissent
1698 6287 1791 6326 rocem
1811 6273 1913 6324 Domini
1927 6273 1974 6326 Dei
1991 6271 2183 6326 deambulantis
2195 6273 2220 6322 ln
2233 6269 2356 6336 paradiso
2369 6275 2416 6322 etc.
2423 6289 2432 6334 ;

1480 6365 1541 6428 Sap.
1560 6363 1590 6428 5,
1610 6363 1636 6414 a.

1550 6449 1574 6480 ¹⁰
1592 6449 1671 6502 Vens
1686 6449 1728 6500 19.
1740 6475 1776 6488 --
1789 6449 1907 6502 Subinde
1925 6449 2070 6512 allegantur
2087 6449 2151 6500 Gen.
2165 6447 2212 6512 15,
2231 6447 2256 6498 5.
2274 6457 2364 6512 seqq.;
2384 6447 2432 6510 99,

1480 6539 1523 6592 lb.
1541 6551 1629 6602 seqq.;
1649 6537 1698 6598 95,
1718 6535 1742 6588 b.
1762 6539 1786 6586 et
1805 6535 1851 6596 98,
1870 6535 1912 6586 ta.
1933 6549 1989 6600 seq.
2045 6557 2046 6560 ¹

1549 6621 1571 6652 ¹¹
1591 6623 1664 6674 Vers.
1684 6623 1694 6672 t
1703 6623 1726 6672 8.
1745 6623 1813 6672 Patr.
1831 6619 1970 6672 bombard.
1989 6619 2016 6672 in
2033 6623 2103 6672 hunc
2122 6621 2224 6670 locum:
2248 6617 2280 6670 Dt
2291 6631 2342 6686 per
2361 6617 2431 6674 duos

1478 6727 1522 6768 res
1544 6707 1705 6776 iotmobiles,
1723 6707 1751 6760 id
1776 6713 1816 6760 est
1838 6721 1887 6772 per
1913 6707 2115 6772 promissionem
2143 6711 2167 6758 et
2193 6707 2384 6776 *iuramentum
2403 6707 2431 6762 iu

1478 6799 1575 6870 poribus
1593 6793 1755 6866 tropossibile
1773 6799 1812 6850 est
1830 6797 1915 6850 Derim
1935 6791 2044 6850 mentiri
2062 6803 2112 6848 ete.
