5916 8276
1193 505 1386 572 cultuum.
1411 505 1450 572 hl·
1472 503 1637 572 lOANNEM
1659 503 1691 570 C.
1717 505 1779 570 XV.
1885 499 1886 502 '

592 689 640 754 rt.
666 689 791 772 Quaest.
814 685 849 752 lt.
872 683 931 752 Sed
956 690 1032 750 tunc
1054 689 1154 750 restat
1175 683 1335 768 quaestio:
1358 699 1460 766 quare

498 793 651 860 Dominus
674 793 772 878 magis
796 809 906 878 pruno
927 785 1092 874 frameati
1121 805 1155 854 εθ
1186 791 1347 872 comparat
1376 785 1459 854 inter

497 893 1116 986 mmmmmmt
1358 901 1436 984 ’Ἴ

590 1009 790 1074 hnsoounno:
813 1003 875 1070 Hoc
899 1007 945 1070 θεῖ
976 1007 1106 1084 propter
1137 1017 1253 1086 corpus
1280 1017 1396 1064 aarum
1427 1005 1459 1064 et

415 1127 480 1182 desc·
497 1115 685 1202 mysticam.
718 1111 838 1176 Verum
867 1125 984 1192 corpus
1014 1105 1128 1174 Christi
1161 1121 1257 1172 verus
1281 1105 1370 1172 cibus
1394 1109 1459 1184 est,

381 1231 444 1276 Ratio
460 1233 480 1276 1·
499 1227 532 1286 et
554 1237 651 1288 verus
680 1215 807 1302 sanguis
839 1223 885 1282 est
908 1231 1003 1282 εθεεε
1034 1215 1161 1298 potus1.
1186 1211 1267 1298 Quia
1295 1211 1459 1296 igiturex

497 1325 606 1412 granis
626 1323 778 1394 frumenti
800 1321 838 1388 iit
858 1321 948 1405 panis
971 1319 1086 1402 optime
1108 1319 1271 1398 reficiens,
1290 1323 1323 1384 θῖ
1338 1333 1380 1382 ex
1397 1315 1459 1382 tite

498 1433 608 1500 vinum
623 1427 739 1514 optime
755 1433 879 1514 potans3
898 1427 967 1494 ideo
977 1427 1170 1510 comparavit
1181 1443 1216 1492 se
1230 1423 1286 1490 riti
1301 1427 1335 1490 et
1349 1439 1457 1508 grano.

500 1537 537 1602 Et
557 1535 628 1602 inde
653 1540 714 1614 est,
730 1533 813 1618 quod
839 1533 869 1598 in
887 1533 935 1600 his
950 1533 1074 1600 duabus
1090 1531 1253 1616 speciebus
1277 1531 1458 1598 Sacramen-

381 1647 567 1706 salivatum
593 1637 700 1706 altaris
722 1637 958 1728 conficimu-
973 1637 1038 1704 Alia
1061 1637 1143 1704 ratio
1164 1643 1212 1706 θεῖ
1234 1641 1364 1722 propter
1388 1653 1458 1700 cor-

407 1795 409 1800 .
498 1765 558 1832 pus
581 1743 778 1832 mysticam,
794 1745 888 1830 quia,
912 1745 993 1814 sicut
1010 1763 1048 1810 ex
1066 1743 1244 1830 purissimis
1268 1739 1374 1826 granis
1389 1739 1457 1806 iru-

498 1853 595 1920 menti
618 1857 651 1918 θῖ
671 1851 872 1920 acinisurae
897 1851 1060 1920 coniicitur
1085 1849 1173 1934 panis
1197 1853 1227 1916 θῖ
1250 1847 1383 1926 rinum3
1412 1847 1458 1930 sio

432 2017 433 2020 ,
498 1979 540 2026 ex
563 1957 654 2043 puris
675 1959 821 2026 fidelibus
844 1977 960 2044 corpus
975 1955 1091 2022 Christi
1112 1955 1317 2040 mysticant.

591 2067 640 2132 lb.
665 2067 789 2150 Quaest.
806 2067 852 2130 lll.
878 2066 954 2132 llam
970 2063 1154 2146 quaeritur,
1169 2059 1343 2126 secundum
1359 2073 1457 2144 qnam

497 2179 645 2240 naturam
659 2171 804 2236 Christus
820 2171 858 2236 sit
873 2169 963 2248 aitis,
979 2171 1089 2234 utrum
1103 2165 1278 2234 secuudum
1292 2163 1456 2244 (licinum,

497 2285 552 2344 aut
576 2275 748 2342 secundum
767 2273 961 2340 humanam.
983 2273 1078 2338 —Et
1100 2269 1185 2356 quod
1209 2269 1382 2336 secundum
1399 2265 1457 2334 da·

497 2399 652 2462 menam,
675 2381 750 2470 dicit
766 2381 958 2466 Augustinus
970 2377 997 2442 ³:
1021 2375 1149 2444 «Unius
1163 2383 1296 2444 naturae
1321 2381 1395 2442 sunt
1409 2375 1455 2440 vl-

497 2475 538 2556 tis
560 2493 593 2554 et
614 2485 776 2570 palmites;
799 2489 929 2570 propter
954 2483 1051 2570 quod,
1076 2501 1148 2550 curu
1171 2487 1254 2550 esset
1275 2483 1377 2560 Deus,
1400 2497 1455 2548 cu-

497 2595 548 2662 ius
572 2597 705 2660 naturae
725 2611 788 2660 uon
810 2609 940 2672 sumus,
963 2589 1065 2656 iactus
1088 2595 1135 2656 θεῖ
1156 2589 1262 2670 homo,
1283 2593 1323 2654 ut
1343 2587 1377 2654 in
1402 2585 1456 2654 illo

498 2705 581 2768 esset
602 2699 675 2764 vitis
691 2699 832 2764 huruuua
846 2705 977 2774 natura,
1002 2695 1093 2762 cuins
1108 2701 1141 2762 θῖ
1155 2711 1212 2762 nos
1227 2691 1377 2780 palmites
1388 2711 1456 2762 θεεθ

498 2825 661 2894 possemus
677 2831 710 2874 ε.

590 2913 651 2978 Sed
671 2919 790 2990 contra
822 2913 882 2978 hoc
915 2915 979 2978 est:
1008 2911 1034 2976 ῖ.
1060 2909 1140 2994 Quia
1162 2909 1337 2976 secundnm
1371 2907 1457 2992 quod

498 3017 572 3086 vitis
593 3017 698 3084 influit
719 3017 752 3084 in
773 3017 915 3103 palmites
939 3015 1124 3082 humorem:
1148 3031 1222 3098 ergo
1238 3013 1266 3080 si
1287 3013 1455 3080 humorem

498 3123 616 3212 gratiae
632 3141 696 3188 non
717 3121 823 3190 influit
838 3121 897 3188 nisi
919 3120 1007 3188 solas
1022 3121 1105 3188 Deus
1130 3123 1160 3186 et
1182 3119 1354 3186 secuudum
1372 3119 1456 3204 qaod

500 3233 584 3300 Deus
597 3231 622 3308 4,
646 3247 721 3316 crgo
744 3235 791 3296 est
815 3229 887 3296 vitis
908 3227 1082 3296 secundum
1105 3227 1257 3294 diatrmm
1282 3231 1455 3292 naturum.

588 3341 618 3404 2.
644 3337 733 3416 Item,
750 3335 782 3402 in
802 3335 861 3402 hac
878 3335 941 3402 rite
963 3351 1073 3400 ornnes
1088 3333 1192 3398 Sancti
1208 3333 1248 3398 ab
1264 3331 1337 3398 Abel
1352 3349 1456 3416 usque

499 3443 538 3512 ad
559 3441 709 3508 ultimum
731 3441 850 3506 iustum
866 3443 1051 3506 manserunt
1068 3433 1098 3506 θῖ
1121 3441 1343 3524 processerunt
1354 3437 1386 3518 ⁵;
1401 3437 1457 3506 sed

499 3549 644 3618 Christus
665 3547 840 3614 secundum
872 3545 1058 3614 hamanum
1089 3553 1234 3612 naturam
1259 3549 1386 3612 secutus
1409 3551 1457 3612 est

500 3655 591 3722 Abel:
613 3671 690 3738 ergo
712 3671 775 3718 nun
809 3653 940 3720 inerunt
974 3651 1007 3718 in
1036 3669 1075 3718 eo
1109 3651 1255 3736 palmites
1281 3647 1456 3716 secundum

501 3761 672 3828 humanam
698 3765 853 3826 naturam.

588 3863 791 3932 Ruseounau:
817 3863 1066 3950 intelligendum
1086 3869 1151 3942 est,
1188 3863 1271 3948 quod
1302 3861 1456 3950 quaedam

345 3987 408 4042 teso-
422 3995 471 4028 eum
497 3971 648 4038 dicuutur
679 3971 718 4036 de
752 3971 877 4036 Christo
910 3969 1084 4038 secundum
1121 3967 1271 4034 divitiam
1307 3971 1454 4034 naturam

497 4095 600 4164 pare,
625 4075 667 4140 ita
691 4075 776 4160 quod
797 4075 1003 4142 nihilominus
1024 4073 1194 4154 dicuntur,
1216 4075 1374 4142 abstracta
1395 4073 1456 4140 hu-

500 4199 591 4250 mana
613 4187 729 4248 natura
741 4181 765 4262 ⁶,
788 4181 872 4248 sicut
893 4199 960 4248 θεεθ
983 4187 1146 4246 aeternum
1172 4187 1203 4248 et
1218 4179 1455 4266 impassibilem

501 4285 653 4374 quaedam
679 4287 853 4354 secundum
871 4285 1055 4352 humanam
1069 4307 1173 4374 pure,
1191 4287 1272 4354 siout
1288 4303 1356 4354 θεεθ
1373 4305 1456 4372 mor-

335 4038 478 4084 distinctions.

572 4687 581 4718 ¹
599 4691 633 4742 Ut
650 4689 798 4744 ursiaualur
818 4705 896 4756 supra
917 4691 949 4754 6,
966 4691 1010 4742 56.
1392 4731 1393 4734 ,

571 4775 582 4806 ²
599 4777 720 4842 August,
739 4779 766 4832 ῖε
783 4771 852 4832 ῖοθε.
872 4781 972 4844 Eraug.
991 4783 1022 4832 tr.
1041 4777 1083 4832 26.
1103 4793 1130 4832 u.
1154 4777 1198 4832 tn:
1216 4779 1344 4832 Dominus
1370 4785 1458 4832 noster

500 4867 573 4920 lesus
590 4865 708 4920 Christus
726 4881 825 4932 corpus
851 4875 877 4922 et
902 4867 1059 4932 sauguinem
1085 4879 1163 4922 suurn
1184 4869 1208 4922 ia
1227 4871 1265 4922 eis
1283 4867 1365 4922 rebus
1387 4883 1458 4922 com-

501 4955 650 5018 mondavit,
668 4969 738 5022 qaae
758 4955 790 5006 ad
810 4943 893 5008 uurrm
911 4955 1011 5022 aliquid
1028 4955 1187 5020 rediguntur
1210 4971 1241 5010 ex
1265 4955 1363 5008 mullis,
1384 4955 1458 5006 Nam·

501 5057 554 5110 que
573 5041 643 5096 aliud
661 5041 690 5094 in
707 5057 789 5094 unum
809 5059 838 5096 ex
857 5045 945 5098 multis
964 5043 1053 5108 granis
1071 5045 1164 5108 contit,
1184 5045 1256 5098 aliud
1276 5045 1306 5096 in
1326 5057 1407 5096 artum
1429 5057 1458 5096 er

500 5133 588 5186 inultis
605 5131 687 5184 acinis
705 5133 821 5186 conlinit.
839 5131 890 5186 Cir.
908 5135 952 5186 IV.
974 5135 1045 5186 Saul.
1064 5135 1098 5186 lit.
1118 5135 1248 5200 Magistri,
1268 5135 1295 5188 d.
1311 5135 1372 5186 lllll.
1389 5147 1410 5186 c.
1433 5135 1458 5196 t,

383 5229 384 5232 ’
501 5227 525 5292 θῖ
543 5219 733 5276 Commentd.
755 5219 798 5272 tl.
817 5235 843 5286 p.
863 5223 889 5272 ll.
908 5235 934 5274 a.
953 5221 975 5270 l.
997 5235 1021 5286 q.
1043 5223 1067 5274 l.

424 5293 426 5296 ¹
572 5305 582 5338 ³
600 5311 631 5360 ln
647 5309 715 5360 ioan.
735 5309 836 5374 Evang.
854 5315 888 5362 tr.
905 5309 948 5360 80.
966 5323 993 5360 n.
1014 5309 1038 5360 l.

572 5393 695 5450 ‘Psahn
722 5399 771 5462 83,
803 5399 853 5450 lt:
881 5397 996 5450 Gratiam
1024 5403 1050 5450 et
1076 5397 1188 5462 gloriam
1219 5397 1293 5452 dabit
1322 5397 1457 5452 Dominus.

501 5489 621 5552 August,
640 5485 667 5536 in
686 5489 755 5540 ioan.
772 5487 873 5552 Evaug.
887 5491 917 5540 tr.
932 5485 975 5538 sl.
995 5499 1020 5536 n.
1040 5485 1071 5538 3:
1090 5483 1216 5552 Quamvis
1236 5491 1322 5538 atatem
1341 5483 1458 5540 Christus

501 5573 562 5628 vitis
579 5587 633 5626 non
650 5579 732 5638 esset,
750 5573 799 5626 nisi
818 5579 897 5628 homo
916 5579 985 5630 esset
995 5593 1002 5638 ;
1020 5579 1109 5626 nmen
1133 5573 1207 5626 istam
1236 5579 1346 5640 gratiam
1370 5575 1458 5640 palmi·

502 5661 573 5716 libus
589 5675 642 5714 noa
660 5661 814 5726 praeberet,
832 5663 882 5716 nisi
900 5663 978 5716 etiam
998 5663 1068 5714 Deus
1085 5665 1161 5714 asset.
1289 5647 1313 5654 “’
1416 5647 1437 5654 χ’
1464 5651 1465 5654 ’

573 5747 583 5778 ⁵
602 5753 693 5804 Glossa
711 5749 856 5804 ordinaria
875 5753 900 5804 in
925 5753 1022 5806 Coloss
1040 5753 1065 5816 l,
1083 5751 1132 5802 l8:
1151 5747 1206 5816 Qui
1222 5753 1260 5804 θεῖ
1274 5749 1457 5820 principiam,

460 5879 464 5888 .
503 5839 631 5894 Ecclesiae
656 5841 805 5892 secandum
831 5839 1016 5906 molnicatum,
1045 5839 1071 5894 id
1100 5843 1139 5892 est
1166 5839 1288 5892 fundator
1315 5843 1457 5906 Ecclesiae,

503 5927 564 5996 quia
582 5939 675 5980 omues
694 5927 787 5996 iustos,
802 5929 847 5996 qui
866 5929 899 5982 ab
920 5927 985 5984 Abel
1004 5943 1087 5996 usque
1106 5927 1139 5980 ad
1159 5927 1279 5980 uitiatum
1299 5929 1397 5982 iustum
1417 5945 1458 5996 ge

479 6019 480 6022 ’
501 6017 633 6078 εθεθεῖεε,
651 6015 748 6068 v'irtute
766 6015 911 6070 Divinitatis
930 6021 954 6070 et
973 6017 1168 6070 misericordiae
1187 6029 1250 6068 suae
1273 6017 1344 6068 dono
1367 6017 1458 6070 illumi·

501 6105 574 6156 navit
602 6103 658 6170 (cir.
685 6109 747 6156 tom.
774 6107 813 6158 lll.
836 6119 898 6170 pag.
918 6103 985 6168 284,
1003 6111 1063 6158 neta
1082 6105 1128 6174 9.).
1146 6107 1213 6158 Ρθῖε.
1232 6103 1412 6170 Lombardus,
1431 6107 1457 6158 iu
1520 6171 1521 6174 Ἴ

503 6195 573 6244 hunc
590 6183 761 6258 locum,istis
778 6191 869 6246 verbis
887 6195 951 6246 haec
969 6195 1125 6258 praemittit:
1141 6195 1193 6248 Sed
1211 6189 1272 6248 carn
1292 6193 1405 6246 Ecclesia
1424 6193 1457 6248 ab

501 6279 564 6334 Abel
583 6281 699 6344 coeperit
717 6279 777 6350 [cir.
791 6287 853 6334 torn.
867 6283 909 6336 IV.
923 6295 984 6350 pag.
999 6281 1064 6350 l8ti,
1076 6289 1136 6336 nola
1157 6283 1209 6354 8.]‚
1223 6281 1359 6352 quomado
1377 6287 1456 6338 homo

503 6367 620 6422 Christus
637 6373 715 6446 caput
734 6374 771 6422 θεῖ
791 6382 882 6422 eorum
901 6371 947 6438 θεῖ
965 6373 1030 6424 tuna
1049 6373 1175 6424 luerunt?

572 6453 584 6484 ⁶
602 6457 649 6510 Ed.
668 6473 729 6510 curn
749 6459 881 6512 Gerraao:
899 6459 1025 6514 dicantur
1044 6459 1075 6514 da
1094 6475 1138 6526 eo,
1157 6461 1295 6516 abstracta
1313 6457 1443 6516 drimano.

573 6539 582 6572 ²
602 6545 654 6598 Ch.
674 6547 711 6598 lll.
731 6547 802 6600 Sent.
820 6547 846 6598 d.
867 6547 906 6600 lt.
927 6563 951 6600 a.
971 6551 996 6600 2.
1013 6563 1041 6614 q.
1061 6551 1086 6602 2.
1227 6551 1228 6554 ’

509 6721 657 6788 subiungit:
677 6723 827 6776 Secundum
846 6721 1043 6778 humanitatem
1061 6725 1137 6776 etiam
1168 6731 1251 6790 potest
1279 6723 1331 6776 dici
1358 6725 1458 6792 princi-

499 6809 579 6880 pium
596 6809 741 6874 Ecclesiae,
759 6811 820 6878 quia
839 6825 920 6878 super
932 6811 1011 6864 tidem
1031 6815 1198 6866 humanitatis
1216 6813 1272 6866 eins
1292 6813 1397 6866 trandata
1410 6821 1457 6868 est.

611 6915 639 6970 S.
657 6917 761 6970 Bonna.
778 6945 815 6956 —
834 6917 912 6970 Tam.
932 6917 972 6972 Vl.

2411 503 2475 568 tte

1524 681 1615 748 talem
1634 687 1664 748 et
1678 679 1875 766 passibilem
1901 679 2056 770 quaedam
2082 677 2256 744 secundum
2279 677 2476 756 hamanum,

1520 795 1621 872 prout
1646 785 1742 854 nnita
1766 785 1913 866 divinae,
1938 785 1986 854 vel
2004 803 2021 854 θ
2036 799 2202 862 convers0,
2219 791 2256 848 nt
2271 801 2339 850 esse
2361 783 2476 850 media-

1524 899 1636 962 torem.
1658 895 1734 960 Nam
1760 893 1783 962 si
1809 899 1929 961 tantum
1955 892 2052 970 Deus,
2077 887 2139 956 iarn
2169 905 2231 954 nan
2257 889 2427 970 mediator;
2452 887 2474 956 si

1523 1005 1644 1068 antino
1668 1001 1780 1080 homo,
1804 1001 1865 1066 iam
1890 1019 1952 1066 non
1973 997 2145 1076 mediator;
2168 995 2302 1066 siDeus
2318 1001 2348 1064 et
2373 997 2476 1074 homo,

1523 1103 1586 1170 iam
1607 1105 1794 1172 mediatori.
1822 1109 1856 1172 Et
1880 1105 2052 1174 secundum
2077 1103 2138 1170 hoc
2159 1101 2236 1168 vitis
2260 1109 2307 1170 θεῖ
2323 1107 2353 1168 θῖ
2378 1109 2477 1190 capnt

1524 1209 1676 1276 Ecclesiae
1700 1213 1872 1280 secundum
1890 1213 1974 1298 quod
1989 1211 2151 1280 mediator.
2168 1211 2238 1278 ideo
2256 1209 2338 1296 quod
2362 1209 2478 1277 dicitur

1523 1313 1619 1392 uitia,
1644 1315 1704 1382 hoc
1726 1333 1787 1382 uon
1814 1323 1860 1384 θεῖ
1895 1319 2069 1384 secundnm
2093 1313 2279 1382 itomanam
2315 1323 2475 1382 naturam

1519 1437 1626 1504 parc,
1650 1421 1705 1488 sed
1727 1423 1902 1488 secundum
1931 1425 2015 1508 quod
2038 1423 2206 1492 coniuncta
2228 1431 2275 1490 θεῖ
2299 1421 2421 1491 divinae
2445 1421 2476 1486 in

1523 1525 1644 1592 unitate
1677 1527 1863 1610 hypostasis.
1889 1529 1924 1592 Et
1957 1535 2086 1614 propter
2114 1529 2268 1596 unitatem
2301 1527 2478 1616 hypostasis

1522 1631 1665 1698 Christus
1689 1637 1736 1700 est
1751 1631 1908 1700 abiectum
1923 1633 1996 1700 fidei
2012 1635 2186 1700 secundum
2201 1641 2371 1722 utramque
2386 1641 2477 1702 natu-

1521 1755 1605 1816 ram,
1624 1739 1709 1804 uude
1723 1737 1757 1804 in
1772 1743 1925 1822 quantum
1944 1739 2100 1804 credimus
2120 1739 2217 1806 Deum
2237 1747 2267 1806 et
2282 1739 2442 1808 hominem
2453 1739 2475 1806 ⁸.

1523 1843 1558 1908 Et
1579 1845 1653 1928 quia
1668 1843 1735 1910 sine
1751 1845 1810 1910 hac
1826 1843 1887 1910 hde
1901 1843 2052 1930 implicita
2065 1845 2117 1914 ,tel
2134 1845 2281 1930 explicita
2296 1847 2403 1916 nullus
2419 1847 2478 1916 init

1522 1949 1645 2026 salvus,
1667 1949 1784 2014 humor
1808 1949 1926 2034 gratiae
1949 1951 1989 2016 ab
2012 1951 2071 2018 hac
2093 1949 2157 2016 vile
2174 1949 2204 2016 in
2221 1967 2330 2018 omnes
2350 1953 2478 2018 Sanctus

1521 2055 1718 2124 redundavit.
1898 2125 1900 2130 ,
1925 2123 1928 2130 ,
2294 2109 2295 2112 ,

1610 2165 1641 2228 2.
1658 2163 1695 2228 Et
1710 2161 1755 2228 sic
1769 2169 1869 2246 patet,
1886 2164 2042 2248 quomodo
2058 2163 2119 2230 init
2132 2163 2209 2230 vitis
2223 2171 2371 2250 respectu
2385 2183 2476 2252 prae·
2495 2183 2528 2226 εε
2543 2183 2564 2226 e.

1521 2265 1698 2334 cedentium
1721 2273 1754 2334 et
1775 2267 1993 2354 sequentium;
2018 2267 2125 2334 εεεῖθ9
2141 2275 2170 2334 et
2186 2269 2245 2356 qui
2255 2269 2435 2354 praeibunt
2448 2275 2478 2334 et

1520 2373 1581 2462 qai
1599 2373 1821 2462 sequebantur
1843 2375 2053 2442 olai-ltaliam.-
2077 2375 2240 2442 Hosunnu
2256 2375 2340 2442 Filio
2358 2375 2475 2442 baala.

1522 2481 1605 2546 Unde
1622 2481 1737 2566 optime
1754 2481 1893 2564 signatus
1908 2489 1956 2548 est
1971 2481 2116 2548 Christus
2128 2497 2185 2566 per
2201 2481 2349 2562 hotrum,
2368 2483 2422 2568 qui
2434 2481 2477 2548 al-

1520 2587 1602 2654 latus
1628 2593 1673 2654 θεῖ
1697 2585 1734 2654 de
1757 2595 1842 2654 terra
1866 2587 2099 2672 promissionis
2123 2589 2334 2654 Numerorum
2357 2589 2478 2668 decimo

1520 2693 1662 2774 tertio10,
1687 2711 1780 2780 quen
1805 2693 1976 2780 atterebant
2006 2695 2036 2761 io
2062 2693 2220 2774 humeris,
2246 2699 2276 2762 et
2299 2693 2352 2780 qui
2377 2693 2478 2780 praei-

1477 2889 1479 2894 ,
1520 2801 1595 2868 bant
1619 2801 1800 2888 portabant,
1831 2801 1886 2868 sed
1911 2819 1972 2868 non
1998 2799 2160 2880 ridebant3
2185 2807 2351 2886 sequentes
2375 2807 2478 2888 porta-

1520 2907 1595 2972 bant
1619 2915 1649 2976 et
1672 2905 1829 2976 ridebant.
1897 2953 1898 2956 ,
1942 2917 1943 2922 ’

1613 3017 1661 3080 td.
1688 3015 1814 3098 Quaest.
1838 3017 1886 3082 IV.
1917 3017 1994 3082 Item
2024 3005 2148 3100 quaerit
2183 3015 2376 3100 Augustinus
2390 3017 2417 3056 11
2439 3013 2478 3080 de

1520 3119 1581 3186 hoc
1603 3119 1689 3204 quod
1709 3119 1800 3188 dicit:
1823 3121 1884 3188 Vos
1905 3119 2025 3188 mundi
2039 3119 2117 3188 estis·
2128 3129 2264 3206 propter
2279 3137 2476 3200 sermonem,

1520 3243 1617 3314 qnam
1640 3225 1767 3294 locutas
1790 3245 1868 3294 sum
1889 3227 1980 3294 achis
1993 3251 2004 3308 ,·
2027 3227 2102 3314 θεῖε
2126 3245 2229 3294 sermo
2252 3233 2301 3294 ast
2315 3227 2477 3306 θεῖθεῖεε,

1520 3333 1676 3400 munditia
1691 3331 1833 3400 interius.
1845 3335 2007 3420 Quomodo
2018 3351 2094 3422 erqo
2106 3341 2208 3420 potest
2219 3335 2359 3402 exterior
2375 3351 2479 3404 sermo

1520 3439 1655 3506 interius
1679 3437 1854 3506 mundare?
2448 3507 2449 3510 ,

1610 3547 1812 3614 Rascounao:
1835 3545 2024 3626 Dicendum,
2050 3545 2133 3632 quod
2156 3545 2217 3614 hoc
2246 3547 2296 3614 εθῖ
2326 3553 2374 3614 θεῖ
2403 3563 2478 3632 pro-
2497 3563 2561 3618 aoso·

1520 3657 1592 3736 pter
1614 3651 1731 3738 lidan,
1756 3650 1806 3717 rel
1833 3659 1962 3736 propter
1991 3651 2070 3736 puel
2101 3651 2373 3718 Sacramentum:
2405 3671 2478 3738 pro·
2554 3669 2559 3680 ·

1520 3761 1591 3840 pter
1616 3755 1732 3842 dalem,
1757 3755 2184 3842 quia12fidcscnaaditn,
2207 3773 2289 3842 quae
2312 3773 2367 3822 cor
2385 3755 2478 3842 puri-
2545 3749 2546 3752 ’

1521 3861 1611 3942 ticat3
1637 3869 1764 3946 propter
1787 3861 1866 3948 fidet
1888 3861 2160 3942 Sacramentum,
2186 3863 2268 3948 quod
2302 3869 2349 3930 est
2377 3851 2479 3950 bapti·
2539 3851 2540 3854 '

1520 3955 1619 4036 smus
1634 3967 1720 4034 Unde
1736 3969 1929 4054 Augustinus
1941 3967 1983 4036 1⁸:
2007 3995 2023 4028 ε
2040 3971 2073 4036 ln
2089 3987 2172 4054 aqua
2184 3971 2316 4036 verbnm
2331 3971 2477 4050 mandat3

1519 4073 1651 4142 detrahe
1676 4073 1832 4162 terbum,
1850 4073 1928 4160 qaid
1952 4081 2001 4142 θεῖ
2023 4093 2107 4160 aqua
2135 4075 2194 4142 nisi
2223 4083 2325 4162 aqua?
2358 4075 2480 4144 Accedit

1520 4181 1654 4248 verbum
1679 4179 1717 4248 ad
1742 4181 1947 4262 elementum,
1973 4189 2004 4250 et
2025 4181 2063 4248 tit
2084 4183 2364 4250 Sacramentum».
2385 4181 2477 4256 ,Istud

1520 4293 1626 4354 autem
1649 4285 1782 4354 verbum
1806 4287 1877 4352 fidei
1901 4295 1933 4354 et
1955 4289 2165 4368 Sacramenti,
2188 4289 2246 4356 elsi
2268 4289 2478 4368 silamanus,

1520 4717 1557 4730 ·-
1574 4691 1613 4742 Dc
1626 4703 1682 4758 seq.
1694 4689 1873 4754 propositione
1885 4693 1934 4744 cir.
1946 4705 2025 4756 snpra
2039 4703 2102 4756 pag.
2116 4689 2175 4758 til,
2187 4696 2247 4744 nota
2261 4677 2286 4742 4.
2300 4697 2324 4742 et
2337 4705 2399 4756 pag.
2414 4691 2478 4756 255,

1521 4783 1581 4830 nota
1602 4779 1644 4830 lt.
1662 4805 1697 4816 -··
1716 4777 1843 4842 Superius
1862 4791 1911 4844 pro
1930 4775 1956 4832 ia
1977 4781 2109 4846 quantum
2132 4775 2268 4832 eredimus
2293 4777 2352 4842 CF,
2381 4779 2425 4832 ed.
2453 4783 2479 4828 et

1521 4865 1654 4920 Cumanas
1674 4865 1809 4922 credimus
1825 4865 1856 4920 in
1875 4865 2020 4922 Christum.
2416 4931 2417 4934 Ἴ

1592 4949 1695 5008 ⁹Sicut
1719 4953 1815 5006 dicitur
1842 4951 1920 5008 Marc.
1940 4955 1982 5018 ll,
2001 4957 2025 5008 9.
2047 4955 2103 5024 (cir.
2123 4955 2210 5008 Matlh.
2231 4957 2272 5020 nl,
2292 4955 2321 5020 9,
2341 4971 2421 5024 quem
2435 4957 2481 5020 al·
2530 4945 2535 4950 ’

1521 5041 1590 5108 legat
1610 5041 1673 5110 ed).
1691 5041 1775 5104 Beda,
1795 5041 1821 5092 in
1843 5045 1914 5096 hunc
1940 5045 2045 5096 locumz
2063 5043 2204 5096 Praecessit
2224 5045 2331 5112 quidem
2360 5045 2479 5098 iudaicus

1521 5131 1650 5196 populus,
1676 5135 1780 5184 secutus
1808 5135 1847 5184 est
1875 5131 1987 5196 gentitis.
2011 5135 2041 5186 Et
2064 5133 2126 5198 quia
2144 5123 2237 5188 omnes
2260 5133 2361 5186 electi...
2385 5133 2412 5186 in
2430 5135 2480 5186 tlte·

1458 5255 1459 5258 =
1521 5219 1650 5272 dialorem
1670 5219 1715 5272 Dei
1735 5225 1759 5270 θῖ
1777 5219 1915 5270 ῖεοεεῖεεεε
1928 5219 2096 5274 crediderunt
2114 5225 2138 5272 θῖ
2157 5221 2280 5286 creduut,
2294 5223 2339 5290 qui
2352 5231 2480 5288 praeeunt

1488 5367 1489 5370 Ἴ
1521 5313 1549 5360 θῖ
1565 5309 1611 5374 θεῖ
1629 5313 1774 5376 εθθεεεῖεε
1794 5307 1917 5362 hosanna
1935 5307 2098 5364 clamabant.

1594 5393 1617 5424 ²⁰
1634 5397 1709 5448 Vere.
1729 5393 1776 5458 24,
1797 5395 1820 5448 ῖε
1840 5409 1922 5462 quem
1939 5399 2025 5450 locum
2045 5397 2115 5450 Beda
2126 5417 2132 5450 ι
2145 5399 2246 5452 Bubus
2264 5405 2352 5450 autem
2366 5399 2406 5452 ille
2419 5411 2480 5466 peu·

1521 5483 1587 5536 dens
1606 5485 1639 5538 de
1657 5485 1728 5550 ligno
1752 5483 1869 5538 Christus
1888 5493 1927 5540 est
1944 5485 2062 5552 pendens
2081 5487 2115 5538 de
2137 5487 2208 5552 ligno
2231 5487 2342 5540 crucis..
2363 5489 2418 5540 Duo
2436 5501 2480 5540 ve·

1498 5579 1608 5654 Μθῖεεθε
1625 5571 1772 5654 [Vulgatea
1793 5587 1871 5642 quem
1894 5575 2076 5642 perimerunt
2103 5573 2130 5626 ia
2157 5577 2229 5628 mete
2256 5573 2309 5630 dno
2327 5573 2400 5644 oiri]
2424 5575 2478 5628 duo

1521 5649 1707 5728 populiscitu
1728 5651 1800 5728 prior
1818 5663 1938 5716 luduicus
1955 5663 2058 5718 Christo
2075 5663 2184 5716 dorsrun
2203 5669 2230 5716 θῖ
2247 5677 2300 5716 nou
2321 5663 2415 5718 taciem
2436 5663 2478 5716 de·

1521 5751 1572 5816 dil,
1592 5758 1618 5805 et
1635 5765 1715 5820 quem
1735 5753 1760 5804 in
1779 5753 1850 5816 Lege
1868 5751 1989 5816 portabat
2006 5767 2058 5806 nou
2075 5753 2208 5806 videbat...
2224 5753 2352 5804 Posterior
2364 5753 2478 5820 populus

1521 5841 1639 5906 gentium
1659 5844 1711 5906 θεῖ,
1730 5839 1783 5906 θεῖ,
1803 5841 1828 5892 iu
1848 5841 1979 5896 Christum
1991 5843 2102 5896 credens
2114 5849 2139 5894 et
2151 5855 2255 5906 semper
2275 5843 2345 5894 illurn
2364 5849 2478 5906 portans

1521 5931 1594 5990 videt
1613 5935 1637 5982 θῖ
1655 5929 1731 5998 θεεεῖ
1757 5943 1853 5986 servus
1879 5929 2016 5984 domiuum
2039 5929 2156 5998 sequitur
2174 5935 2224 5984 etc.
2240 5929 2294 5984 Cir.
2312 5945 2391 5996 supra
2411 5945 2433 5982 c.
2454 5931 2478 5982 l.

1520 6033 1549 6070 n.
1567 6017 1611 6072 tl.
1628 6023 1655 6072 θῖ
1675 6017 1716 6090 42.

1592 6105 1614 6138 ¹¹
1632 6109 1662 6160 ln
1681 6089 1750 6160 toan.
1767 6109 1869 6176 Evang.
1880 6113 1914 6164 tr.
1927 6109 1969 6162 80.
1987 6125 2013 6162 n.
2033 6113 2062 6162 3:
2081 6109 2168 6176 Quare
2179 6123 2232 6174 non
2244 6107 2292 6160 ait:
2310 6107 2399 6160 Mundi
2417 6107 2478 6158 estis

1520 6203 1630 6260 propter
1648 6195 1824 6262 baptismum,
1843 6211 1897 6264 qno
1921 6197 1965 6250 loti
1986 6199 2061 6262 estis,
2081 6197 2127 6248 sed
2146 6197 2197 6248 ait:
2211 6199 2326 6266 propter·
2351 6193 2477 6260 cardum,

1520 6283 1594 6356 qnod
1612 6285 1716 6338 locutas
1735 6299 1797 6338 snm
1814 6285 1909 6340 vobit?
1926 6289 1941 6354 j

1593 6371 1616 6404 ¹²
1633 6375 1667 6428 Ut
1683 6373 1778 6428 dicitnr
1796 6377 1872 6428 Rom.
1892 6377 1938 6442 lll,
1959 6375 1999 6428 tt.
2012 6403 2049 6416 -
2060 6373 2116 6428 Act.
2136 6373 2185 6436 ld,
2204 6373 2235 6424 9:
2253 6371 2316 6424 Fide
2336 6371 2478 6438 purificans

1521 6463 1603 6516 corda
1620 6475 1724 6514 corum.

1486 6551 1488 6590 ὶ
1593 6545 1617 6578 ¹⁸
1633 6551 1662 6602 ln
1685 6551 1754 6602 toan.
1774 6553 1874 6618 Evang.
1892 6557 1926 6606 tr.
1943 6553 1987 6602 80.
2004 6565 2032 6602 n.
2051 6551 2081 6614 3;
2100 6547 2166 6602 ibid.
2189 6545 2300 6600 hahetur
2324 6549 2403 6602 etiam
2422 6563 2477 6618 seq.

496 6677 497 6680 ,
573 6629 691 6686 8ῖῖιῖοεεθ
710 6633 853 6688 ordinaria
872 6635 898 6688 in
916 6635 1014 6690 Coloss.
1034 6637 1058 6704 l,
1078 6637 1086 6686 t
1095 6639 1121 6690 8.
1144 6635 1202 6704 (cir.
1224 6649 1304 6700 supra
1330 6641 1392 6688 uota
1422 6637 1455 6706 5.)
1487 6631 1488 6634 ’

1519 6637 1646 6692 εθεῖθεῖῖθ
1667 6639 1785 6704 August,
1805 6637 1851 6692 ubi
1871 6645 1959 6692 tamen
1986 6643 2046 6702 post
2063 6635 2127 6704 qnia
2146 6633 2265 6690 creditur
2285 6637 2359 6702 plura
2377 6639 2478 6692 addan·

1521 6731 1576 6792 tnr;
1597 6727 1723 6792 allegatur
1741 6729 1814 6780 ilom.
1831 6723 2140 6796 remmomphares
2159 6723 2187 6776 ia
2207 6737 2252 6780 cre
2271 6729 2316 6780 tna
2330 6727 2476 6782 Dominum

1521 6817 1611 6870 Iesum
1629 6819 1655 6870 ct
1672 6815 1700 6868 in
1719 6815 1799 6870 corda
1815 6821 1881 6884 etc.-

2336 6923 2367 6976 57
