5916 8276
480 629 528 694 10

482 805 571 890 plum
585 803 693 890 ,huius
703 827 713 868 :·
725 799 810 868 tertii
834 801 953 884 liegum
974 797 1078 882 primo
1092 797 1224 878 dicitur,
1242 797 1326 884 quod
1340 795 1440 864 David

482 913 631 978 senuerat
653 915 684 976 θῖ
707 925 770 974 non
792 904 969 982 calefiebat,
988 909 1021 970 θῖ
1043 901 1204 984 subditur,
1227 903 1313 988 quod
1343 913 1440 988 quae-

483 1013 605 1082 sierunt
636 1011 746 1094 Abisag
777 1007 984 1088 Sunaudtem,
1011 1025 1091 1094 quae
1112 1007 1287 1078 dormiebat
1310 1007 1342 1076 in
1366 1007 1440 1076 sinu

345 1079 346 1082 Ἴ
380 1155 381 1158 ¹
407 1167 408 1170 ,
437 1171 441 1176 .
482 1119 569 1206 regis·
590 1123 621 1184 et
644 1115 840 1184 calefaciebat
863 1133 964 1194 eum;¹
977 1133 1033 1200 per
1064 1133 1097 1182 se
1127 1131 1191 1182 non
1213 1121 1336 1202 poterat
1358 1116 1440 1184 cale·

329 1267 330 1272 =
350 1255 351 1258 ¹
386 1213 465 1286 Tertia.

332 1873 464 1930 Exemplum.

482 1225 571 1304 fieri,
594 1241 667 1288 curn
689 1227 771 1288 esset
793 1221 888 1290 solus.
905 1255 948 1270 -·
963 1221 1122 1306 Quantum
1138 1223 1176 1290 ad
1192 1225 1439 1292 emolumentum

482 1331 517 1396 in
538 1325 737 1414 defendendo
761 1325 881 1394 subdit:
905 1331 948 1396 Et
966 1327 1007 1394 ci
1021 1329 1199 1418 qnisquam
1209 1329 1442 1418 praevaluerit
1465 1375 1467 1378 -

477 1441 600 1502 ·eontra
623 1451 749 1514 nnana,
772 1433 839 1500 dno
860 1435 1011 1502 resistent
1031 1435 1079 1516 ei,
1103 1443 1135 1504 et
1157 1439 1200 1506 ita
1221 1439 1305 1506 valet
1327 1435 1366 1502 ad
1386 1435 1440 1502 de-

482 1539 669 1618 tensionem
695 1539 823 1606 secundi
845 1541 963 1628 Regum
986 1541 1148 1610 decim01:
1170 1571 1187 1604 ε
1202 1543 1232 1610 Si
1256 1541 1440 1628 praevalue-

482 1645 547 1712 rint
569 1643 737 1714 adversum
761 1665 812 1716 me
835 1649 918 1734 Syri,
943 1649 1006 1718 eris
1027 1649 1105 1716 mihi
1129 1649 1161 1716 in
1184 1649 1395 1726 adiutorium;
1412 1649 1440 1716 si
1465 1721 1466 1740 ξ

482 1759 588 1820 autem
609 1751 665 1820 lilii
689 1753 818 1824 ammon
839 1755 1073 1842 praevaluerint
1093 1757 1263 1824 adversum
1277 1763 1323 1832 te,
1346 1751 1440 1820 auxi-

482 1859 583 1928 liabor
604 1859 661 1928 tibi
676 1887 708 1928 ».
740 1863 776 1928 Et
810 1865 870 1930 hoo
904 1847 1030 1948 qnidam
1066 1863 1242 1930 manifestat
1274 1859 1467 1942 exemplo:

482 1967 669 2034 Fundanius
701 1969 819 2056 triplex
848 1967 978 2060 difficile
1007 1965 1188 2054 rumpitur.
1212 1967 1300 2034 Sicut
1322 1961 1440 2030 chorda

344 2511 455 2568 Expositio

336 2565 462 2620 spiritualis.

483 2073 618 2142 chordae
641 2075 807 2144 coniuncta
829 2083 876 2144 est
897 2071 1025 2154 fortior,
1050 2073 1094 2140 sio
1118 2077 1148 2140 et
1170 2075 1278 2150 homo;
1309 2069 1439 2136 Prover-

482 2177 608 2246 biorum
639 2177 760 2248 decimo
792 2185 917 2248 octavo:
948 2179 1100 2258 «Frater,
1136 2177 1191 2262 qui
1224 2175 1393 2242 adiuvatur
1410 2189 1440 2238 ¹a

482 2285 596 2364 fratre,
621 2269 711 2372 quasi
733 2285 842 2354 civitas
865 2287 956 2352 firma
970 2309 1003 2350 ε.
1417 2293 1419 2296 ·

480 2423 483 2426 -
554 2389 800 2478 γδεῖθἐῖῖῖῖθῖῖῖθε
822 2391 875 2458 hic
896 2395 1023 2456 notatrn
1055 2387 1172 2474 triplex
1199 2387 1328 2454 effectus
1358 2381 1439 2450 cari-

483 2497 572 2576 tatis,
594 2497 711 2564 seilicet
734 2501 846 2564 mutua
869 2493 1050 2572 relevatio,
1067 2499 1179 2560 mutua
1201 2489 1380 2558 consolatio
1406 2494 1439 2556 θῖ

481 2609 594 2670 mutua
609 2601 762 2690 defensio.
779 2603 909 2686 Propter
924 2597 1152 2666 relevationem
1175 2597 1266 2664 dicit:
1292 2595 1329 2666 Si
1347 2615 1439 2666 unna

457 2709 651 2788 anderrn
686 2711 724 2774 ad
759 2709 882 2776 Galatas
914 2705 1068 2776 ultimae:
1097 2729 1114 2762 ε
1130 2705 1159 2770 Si
1190 2691 1439 2790 praeoccupatus

481 2815 579 2882 fuerit
595 2813 703 2880 homo
732 2813 765 2880 in
798 2813 903 2898 aliquo
933 2809 1062 2888 delicte,
1082 2827 1156 2888 voS,
1181 2809 1236 2894 qui
1259 2807 1439 2894 spirituales

482 2921 573 3000 estis,
596 2919 777 2986 huiusmodi
801 2915 948 2985 instruite
969 2915 1003 2982 in
1025 2915 1138 3002 spiritu
1154 2913 1335 2994 lenitatis¹»;
1352 2915 1438 2982 uude

481 3027 596 3092 dicitur
613 3023 816 3092 Ecclesiastioi
831 3021 991 3108 trigesimo
1006 3019 1152 3106 septimo:
1175 3019 1348 3088 «Carboni
1364 3037 1438 3088 con-

482 3131 542 3200 silii
566 3135 666 3198 statue
691 3135 839 3196 tecum».
859 3129 1047 3212 -Propter
1069 3125 1322 3194 aoncdntioncnt
1344 3125 1436 3194 dicit:

481 3235 831 3314 Fooebnntnrnantno;
840 3233 959 3320 primae
967 3232 1437 3318 adThessalonicensesquinto:

488 3369 505 3404 a
523 3339 730 3410 consolamini
763 3339 977 3424 pusillanimos
993 3363 1029 3418 »3
1064 3343 1095 3404 θῖ
1128 3337 1244 3406 ibidem
1277 3337 1436 3406 secundo:

489 3445 600 3514 «Facti
625 3463 735 3512 snmus
758 3445 882 3530 parvuli
912 3445 944 3512 in
971 3443 1074 3512 medio
1097 3443 1211 3522 vestri,
1237 3449 1386 3530 tanquam
1412 3443 1437 3510 si

482 3555 594 3622 nutrix
617 3551 718 3618 foveat
749 3551 828 3618 tilios
852 3569 927 3618 suos
941 3575 972 3614 ».
998 3587 1041 3596 -
1064 3551 1194 3634 Propter
1217 3545 1437 3636 defensionem

482 3659 572 3728 dicit:
590 3659 663 3724 boo
687 3657 855 3736 arabiana·
871 3659 964 3724 Isaiae
984 3655 1258 3742 quinquagesimo:
1281 3657 1437 3724 «Stemus

482 3765 591 3844 simul;
609 3763 681 3848 quis
703 3769 751 3830 θεῖ
771 3763 970 3830 adversarius
994 3769 1131 3830 mersat
1146 3797 1191 3808 -
1206 3763 1335 3848 Propter
1352 3761 1438 3830 huuc

482 3871 636 3956 triplicem
652 3869 807 3938 wellectum
821 3869 959 3938 caritatis
974 3869 1089 3934 dicitur
1105 3865 1281 3956 funiculus
1298 3867 1437 3952 triplam

482 3977 568 4046 Osee
582 3975 766 4044 undecimo:
797 4001 813 4034 ε
827 3977 862 4042 ln
883 3973 1032 4042 brnionhs
1054 3973 1158 4040 hdam'
1174 3977 1296 4044 traham
1327 3977 1376 4054 te,
1405 3975 1437 4040 iu

482 4081 618 4150 vinculis
638 4081 776 4148 caritatis
791 4107 822 4146 a.

846 4293 1071 4376 Quassrrouss

559 4506 590 4572 l.
615 4505 787 4590 Quaeritur
801 4505 852 4572 hic
867 4503 906 4572 de
921 4503 985 4572 vita
1000 4503 1147 4582 solitaria,
1164 4505 1274 4570 utrum
1292 4505 1330 4572 sit
1346 4507 1437 4588 prae·
1499 4539 1500 4542 =

379 4659 381 4664 ι
477 4611 621 4700 eligenda
642 4611 791 4678 societati.
815 4609 905 4694 Quod
928 4609 990 4688 sic,
1013 4607 1153 4676 videtur:

335 4841 378 4884 Pro
392 4845 453 4896 parte

328 4895 461 4938 affirmativa.

572 4721 600 4784 1.
636 4717 716 4802 Quia
746 4715 861 4784 dicitur
887 4717 1091 4784 wThrenorum
1121 4715 1244 4784 tertio³
1280 4717 1325 4784 do·
1355 4715 1436 4784 bono

482 4827 691 4894 adolescente:
717 4823 841 4892 Sedebit
863 4823 1037 4892 solitarias
1065 4829 1095 4888 et
1114 4821 1250 4890 ’ῖθθθῖῖῖΙ
1275 4841 1352 4910 ergo
1382 4823 1436 4892 bo·

481 4955 558 5002 nnm
581 4939 628 5000 est
651 4949 720 5000 esse
743 4931 855 5000 solum.
1321 4927 1322 4930 ’

569 5039 805 5118 mercatores,
840 5035 1044 5104 bernardus4
1076 5035 1168 5102 dicit:
1202 5035 1365 5120 «Quoties
1391 5035 1436 5102 iai

482 5147 564 5214 inter
593 5145 750 5226 homines,
780 5143 885 5210 nunus
915 5143 1008 5210 homo
1040 5141 1117 5208 redii
1133 5165 1165 5206 a:
1196 5159 1260 5208 non
1285 5145 1331 5208 est
1361 5157 1437 5226 ergo

482 5253 600 5320 bonum
623 5253 795 5322 esseinter
817 5249 969 5318 homines,

569 5357 600 5426 3.
624 5361 718 5440 Item,
742 5359 797 5444 qui
819 5363 867 5426 θεῖ
888 5357 921 5424 ln
944 5353 1107 5434 societate,
1122 5371 1249 5422 necesse
1265 5359 1331 5432 est,
1352 5351 1436 5438 qaod

418 5481 419 5484 ¹
482 5463 521 5530 sit
545 5463 712 5546 sollicitus,
741 5461 898 5550 quomodo
926 5477 960 5528 se
994 5459 1167 5526 conformet
1201 5457 1357 5540 societati;
1381 5457 1436 5526 sed

482 5571 645 5654 apostolus
666 5569 741 5636 dicit
763 5569 884 5654 primae
907 5567 946 5636 ad
969 5565 1146 5632 Corinthios
1162 5565 1336 5652 sentiunt,
1351 5563 1437 5650 quod

383 5701 384 5704 ¹
482 5677 600 5744 bonum
623 5681 753 5744 estnon
777 5675 905 5744 nubere
920 5677 1050 5760 propter
1072 5671 1231 5740 vitandam
1253 5669 1435 5738 sollicitudi-

551 6137 560 6168 ²
580 6141 656 6204 Vers.
675 6141 717 6192 11.
734 6167 771 6182 -
790 6141 912 6210 Sequitur
929 6143 1005 6194 Prov.
1026 6139 1072 6202 18,
1094 6139 1154 6192 19..

550 6227 560 6256 ²
582 6229 657 6280 Vero.
677 6227 700 6280 1.
720 6257 754 6268 -·
780 6231 930 6298 Sequuntur
949 6229 1025 6280 Eucti.
1050 6227 1104 6292 37,
1119 6227 1167 6294 t7;
1186 6229 1204 6280 l.
1229 6227 1320 6280 These.
1340 6227 1370 6290 ὅ,
1392 6223 1433 6278 tt.

480 6323 504 6368 et
518 6315 649 6380 0,7,01]1
663 6317 775 6382 Vulgata
787 6323 909 6374 oestrum
920 6331 970 6384 pro
982 6317 1081 6386 oestri,·
1095 6317 1152 6370 lsai.
1166 6317 1213 6380 50,
1226 6317 1257 6380 8;
1271 6315 1338 6368 Osee
1351 6315 1359 6366 1
1368 6315 1392 6378 1,
1407 6313 1434 6380 1,

480 6403 505 6456 in
525 6417 578 6470 quo
596 6419 645 6470 pro
665 6405 774 6458 tradunt
792 6407 816 6458 io
835 6407 945 6472 Vulgata
965 6405 1074 6460 tradate
1093 6419 1146 6460 eoa.

551 6487 657 6546 ³Vera.
676 6495 718 6544 28.

550 6575 561 6606 ⁴
580 6579 650 6632 Hace
668 6581 806 6644 mutantia,
826 6595 895 6650 quae
913 6583 990 6636 etiarn
1010 6583 1083 6648 apud
1101 6583 1241 6638 Auctorem
1262 6581 1321 6634 libri
1334 6581 1370 6632 de
1379 6579 1435 6632 lmi-

481 6671 524 6716 tat.
544 6665 638 6718 Christi
658 6665 714 6732 (lib.
732 6669 748 6718 1.
769 6681 792 6720 a.
811 6671 854 6722 10.
872 6683 899 6722 n.
917 6669 954 6736 1.)
973 6671 1100 6734 occurrit,
1118 6671 1296 6722 insinuatora
1322 6669 1434 6730 Seneca,

482 6751 558 6816 Epist.
578 6749 609 6800 7:
632 6771 646 6798 n
658 6753 767 6804 Avarior
785 6755 877 6820 redeo,
898 6755 1068 6820 ambitiosior,
1086 6759 1250 6822 luxuriosIor,
1271 6759 1351 6810 immo
1370 6767 1434 6808 vero

481 6839 610 6892 crudelior
623 6845 655 6890 -θῖ
671 6839 845 6908 inhumanior,
863 6841 924 6908 quia
942 6841 1009 6894 inter
1028 6845 1147 6898 homines
1166 6847 1200 6896 tui
1214 6865 1239 6898 ε.
1258 6847 1328 6898 Haec
1351 6841 1434 6896 verba

481 6929 558 6980 etiam
579 6927 604 6978 io
622 6929 642 6978 E
660 6927 693 6978 ad
713 6929 858 6992 marginem
877 6931 1028 6992 allegantur.
1046 6931 1095 6982 Pro
1113 6935 1245 6986 Bernardo
1265 6935 1357 6998 allegat
1376 6935 1434 6986 Vat.

1139 619 1331 688 COMMENT.
1355 619 1393 686 ΙΝ
1415 617 1812 688 actuosusrdh'olv.

1499 815 1575 866 vnem
1597 797 1637 866 de
1656 797 1824 884 placendo·
1845 797 1959 866 uxori:
1988 813 2064 882 ergo
2090 793 2234 860 similiter
2267 793 2387 862 honum
2408 797 2457 864 θεῖ

1503 923 1628 972 omnem
1649 905 1829 972 societatem
1849 905 1970 990 lugere.
2336 917 2337 920 ’

1553 1033 1554 1036 ¹
1591 1011 1736 1080 Courna:
1764 1013 1791 1076 1.
1815 1009 1950 1078 Genesis
1964 1007 2101 1078 secundo
2114 1007 2142 1072 ⁶:
2159 1003 2234 1072 Non
2255 1013 2310 1070 θεῖΙ
2324 1005 2454 1086 bonnm,
2477 1015 2592 1122 {2⁰3³pr

1503 1113 1666 1184 bominem
1688 1133 1755 1184 ease
1775 1115 1900 1184 aotam:
1917 1133 1994 1202 ergo
2009 1113 2142 1184 solitudo
2165 1117 2212 1180 ost
2228 1109 2455 1196 vituperabilis,
2582 1097 2589 1112 ’

1503 1229 1533 1290 et
1556 1241 1613 1310 per
1637 1223 1815 1308 oppositum
1837 1223 1968 1290 societas
1990 1219 2163 1290 laudabilis

1582 1331 1622 1396 ¹2.
1646 1331 1736 1406 ltem,
1753 1327 1897 1394 Matthaei
1912 1327 2033 1396 decimo
2049 1331 2157 1396 octavo
2170 1327 2200 1394 7ε
2222 1325 2284 1394 det
2297 1331 2376 1394 eant
2389 1325 2454 1392 dno

1502 1433 1552 1500 aei
1574 1441 1639 1500 tres
1661 1431 1854 1518 congregati
1883 1433 1920 1498 in
1949 1433 2080 1502 nornine
2110 1453 2199 1514 onae,
2222 1433 2269 1500 idi
2292 1433 2328 1500 in
2349 1427 2454 1498 rncdio

1503 1557 1617 1604 eornm
1638 1555 1734 1614 canu
1757 1553 1821 1602 non
1842 1537 1935 1604 dicit:
1958 1539 2019 1604 ubi
2037 1559 2146 1618 nnnc,
2171 1539 2224 1606 sed
2246 1539 2301 1606 ubi
2318 1539 2383 1606 dno
2406 1536 2454 1608 vel

1503 1649 1597 1708 trec:¹
1610 1659 1686 1726 ergo
1713 1639 1825 1706 melior
1856 1645 1902 1708 est
1930 1641 2056 1710 vitain
2089 1645 2327 1730 congregatione
2362 1661 2455 1732 quam

1502 1747 1692 1814 solitaria..
1746 1801 1768 1808 „
2375 1801 2376 1806 ,
2423 1747 2445 1776 *¹

1523 1897 1524 1900 ,
1552 1907 1553 1912 ,
1591 1851 1623 1916 3.
1646 1851 1740 1930 item,
1757 1849 1817 1916 hoc
1831 1851 1986 1934 probatur
2001 1871 2058 1938 per
2072 1853 2208 1920 litteram
2233 1857 2322 1922 istam
2334 1857 2367 1938 ⁸,
2381 1859 2454 1944 quia

1502 1955 1633 2022 societas
1661 1955 1777 2042 fulcit,
1809 1953 1894 2042 fovet
1925 1961 1956 2024 et
1987 1957 2148 2046 defendit,
2173 1959 2253 2044 qnae
2288 1967 2362 2028 sunt
2395 1961 2456 2028 tria

1502 2059 1599 2140 bona,
1624 2061 1741 2146 quibus
1763 2061 1891 2130 solitarii
1914 2063 2090 2150 privantur.

1590 2167 1786 2252 despondeo:
1811 2169 1995 2252 dicendum,
2017 2171 2102 2260 quod
2129 2171 2247 2258 triplex
2268 2177 2316 2240 est
2343 2173 2454 2242 solita·
2474 2177 2539 2232 Rer-

1502 2273 1613 2340 rtnrn:
1637 2291 1738 2340 unum
1760 2291 1818 2360 per
1839 2277 1991 2362 inopiam
2004 2277 2212 2358 *dilectionem
2238 2277 2318 2348 siout
2340 2297 2454 2348 avarus
2474 2281 2608 2378 Tffiffl‘·

1502 2397 1565 2446 non
1586 2381 1654 2446 vult
1678 2379 1795 2448 habere
1817 2391 1994 2452 consortem
2026 2385 2060 2452 in
2092 2385 2226 2466 divitiis,
2249 2403 2307 2454 neo
2330 2385 2454 2454 invidas

1500 2483 1533 2550 in
1557 2485 1665 2566 bonis,
1681 2503 1746 2564 ,nec
1769 2489 1926 2572 superbus
1949 2489 1982 2556 in
2002 2489 2139 2578 magnis;
2165 2497 2195 2558 et
2219 2491 2354 2560 solitudo
2375 2493 2452 2560 haec

1502 2590 1586 2657 mala·
1606 2591 1732 2658 omnino
1754 2597 1810 2658 est.
1833 2593 1898 2660 hlia
1922 2595 2055 2662 solitudo
2075 2615 2133 2680 per
2157 2595 2319 2684 defectura
2345 2619 2456 2666 conro-

1503 2695 1653 2776 tdtionis,
1679 2695 1760 2762 sicut
1781 2697 1896 2766 dicitur
1920 2701 1952 2768 in
1976 2703 2096 2768 Psalmo
2109 2703 2138 2768 9;
2169 2703 2292 2770 liniens
2313 2713 2344 2772 et
2365 2717 2472 2792 pan*
2549 2785 2550 2788 ¹
2608 2709 2611 2742 ²

1498 2821 1560 2888 per
1580 2821 1656 2868 cana
1679 2821 1755 2888 ego,
1778 2805 1909 2872 ethaeo
1931 2807 2047 2876 misera
2075 2813 2132 2876 est.
2165 2809 2218 2876 Est
2247 2815 2278 2876 θῖ
2301 2811 2361 2878 alia
2383 2813 2455 2880 soli-

1482 2907 1578 2974 *tn'do
1600 2927 1656 2994 per
1680 2909 1818 2996 quietern
1832 2911 2131 2998 contemplationis,
2148 2919 2181 2980 et
2195 2915 2271 2982 haec
2294 2917 2456 2984 laudabilis

1501 3015 1532 3080 et
1555 3015 1694 3082 honesta.
1718 3017 1932 3086 -Similiter
1962 3017 2076 3104 triplici
2108 3019 2199 3090 modo
2231 3027 2277 3086 est
2298 3023 2454 3090 societur:
2475 3023 2608 3122 nggggsfv·

1497 3121 1653 3206 quaedam
1677 3121 1794 3190 scilicet
1817 3123 1956 3190 turbans
1972 3131 2002 3192 et
2015 3125 2210 3212 inpediens,
2228 3125 2309 3194 sicut
2323 3129 2454 3196 societas

1500 3229 1675 3310 malorum3¹
1685 3228 1839 3314 quaedam
1855 3227 2001 3296 subsidio
2018 3239 2051 3296 et
2063 3229 2180 3296 rotatio
2195 3233 2357 3320 indigena,
2372 3237 2454 3304 sicut

1501 3335 1795 3404 societas'uxorum
1824 3341 1857 3404 et
1884 3335 2100 3418 intirmorum3
2118 3341 2155 3404 θῖ
2180 3341 2334 3422 quaedam
2357 3341 2455 3410 adia-

1501 3461 1584 3510 oanr
1601 3449 1629 3508 et
1640 3441 1857 3528 promonens,
1873 3443 1953 3510 siout
1970 3443 2100 3514 societas
2114 3443 2334 3530 perlectorum.
2352 3449 2454 3516 Prima

1501 3551 1549 3614 θεῖ
1569 3544 1749 3635 sapienda,
1773 3547 1911 3614 secunda
1940 3547 2127 3628 tolerando,
2153 3551 2208 3618 sed
2240 3553 2334 3618 tertia
2356 3571 2453 3640 appe-

1501 3655 1619 3734 tendd,·
1641 3653 1772 3722 ethaeo
1788 3653 1842 3722 'est
1865 3655 1896 3720 in
1921 3645 2078 3742 religione.
2104 3657 2233 3740 Quando
2254 3657 2352 3744 igitur
2371 3661 2454 3728 Scri-

1499 3767 1596 3844 ptura
1618 3761 1815 3830 commendat
1830 3759 2032 3842 'sooletatem',
2055 3761 2240 3848 intelligitur
2253 3759 2300 3830 'de
2321 3759 2398 3846 hao3
2422 3771 2453 3834 et

1500 3867 1577 3932 baec
1601 3885 1663 3932 non
1685 3871 1840 3950 repugnat
1871 3865 2030 3934 solitudini
2063 3867 2349 3954 conmmplationi3‚
2378 3871 2454 3956 qnia

1500 3973 1678 4040 bernardus
1700 3971 1734 4040 in
1755 3971 1888 4040 Canticis
1901 3973 1945 4040 ¹⁰:
1973 3997 1992 4034 ε
2006 3975 2091 4040 luter
2114 3971 2231 4044 multos
2246 3977 2332 4044 solus
2351 3983 2453 4064 potest

1466 4133 1467 4136 ,
1500 4077 1569 4146 esse
1591 4079 1686 4146 homo
1716 4079 1860 4160 omnino,
1883 4079 1911 4146 si
1940 4079 2154 4148 curiositatem
2182 4079 2327 4170 fugiat»,
2353 4077 2394 4134 ‘-
2417 4085 2453 4150 Et

1430 4205 1431 4210 ¹
1501 4183 1546 4250 sic
1568 4183 1826 4268 patent'obiocta.
2363 4183 2364 4186 ’

1534 4397 1605 4464 hor.
1630 4397 1660 4462 3.
1680 4397 1732 4464 'De
1753 4395 1900 4462 vanitate
1921 4393 2177 4484 imprudentiae,
2202 4419 2287 4486 qnae
2304 4401 2417 4488 princo

1633 4501 1822 4568 detestando
1844 4509 1980 4588 propter
2001 4501 2130 4570 nantnrn
2150 4521 2319 4588 praesens.

1570 4765 1571 4768 ,
1589 4715 1701 4782 Melior
1724 4721 1770 4780 eat
1790 4709 1955 4802 porreto.
1981 4715 2049 4802 ligii
2070 4715 2222 4800 saprade
2236 4715 2372 4784 vanitate
2387 4735 2454 4784 ma·
2473 4715 2561 4760 Divisi·

1499 4819 1585 4886 litiae
1599 4825 1631 4886 et
1644 4817 1810 4898 avaritiae3
1835 4819 1886 4886 hio
1909 4821 1973 4906 agit
1987 4819 2027 4888 do
2041 4819 2176 4886 vanitate
2192 4821 2454 4906 imprudentiae,-

1466 4931 1467 4934 ’
1499 4931 1533 4994 et
1554 4925 1634 5012 qaia
1652 4925 1772 4994 vanitas
1793 4925 2024 5012 imprudentiae
2053 4931 2101 4994 est
2130 4925 2294 5012 culpabilis
2317 4933 2348 4994 θῖ
2369 4919 2454 4996 dete-

1500 5033 1622 5112 standa;
1638 5033 1707 5098 ideo
1724 5027 1833 5098 contra
1848 5033 1947 5116 ipsam
1964 5033 2122 5100 invehitur
2138 5033 2318 5120 dupliciter:
2337 5029 2454 5122 primo,
2555 5121 2556 5124 Ἴ

1499 5145 1629 5222 propter
1652 5135 1771 5204 malum
1791 5155 1968 5222 praesens·
1996 5137 2148 5220 secundo,
2175 5147 2304 5226 propter
2336 5143 2454 5210 matam

1498 5243 1673 5312 succedens
1703 5243 1770 5308 sive
1799 5259 2010 5330 consequens,
2042 5243 2103 5312 ibi:
2144 5245 2218 5312 Vidi
2241 5255 2376 5314 cunctor
2405 5247 2454 5314 oi-

1498 5357 1615 5418 nentes.

1589 5457 1688 5542 (Vers.
1716 5455 1766 5522 l3.
1793 5459 1866 5542 11).
1892 5459 2007 5526 bialum
2020 5477 2180 5546 praecona
2197 5463 2228 5526 et
2242 5459 2453 5526 concomitans
2467 5459 2618 5558 affligos
2711 5509 2712 5514 ,

1499 5561 1742 5648 imprudentiam
1765 5567 1830 5642 est,
1845 5563 1929 5648 quod
1946 5581 2051 5648 regem
2066 5561 2196 5630 divitem
2211 5567 2241 5630 ct
2258 5579 2364 5630 senem
2378 5561 2454 5630 sab·
2474 5565 2506 5612 m
2521 5571 2582 5622 nare
2595 5567 2616 5612 1·

1499 5669 1564 5738 iioit
1587 5669 1686 5758 puero
1701 5667 1847 5756 pauperi,
1863 5665 1990 5736 habenti
2013 5669 2231 5756 prudentiam,
2245 5674 2277 5736 et
2297 5669 2358 5736 hoc
2385 5669 2455 5756 qui-

1499 6131 1528 6188 in
1547 6131 1647 6188 Contio.
1664 6145 1746 6188 aeria.
1766 6129 1821 6198 10,
1841 6131 1866 6182 in
1886 6145 1938 6200 quo
1959 6133 1993 6200 (o.
2015 6131 2038 6184 1.
2057 6137 2083 6184 θῖ
2100 6131 2136 6200 5.)
2156 6135 2337 6190 tantummodo
2360 6137 2453 6190 adhor-

1499 6223 1560 6276 tatio
1586 6221 1730 6274 continetur
1749 6221 1785 6272 ad
1806 6221 1972 6274 solitudinem
1997 6221 2139 6274 amandam
2156 6227 2182 6274 θῖ
2206 6221 2240 6276 ad
2260 6223 2378 6278 debitum
2396 6239 2453 6278 mo·

1499 6311 1563 6362 dum
1584 6307 1788 6362 conversationis
1806 6307 1871 6360 inter
1892 6311 2018 6362 homines.
2036 6307 2088 6362 Cir.
2105 6309 2164 6362 linis
2183 6323 2301 6376 respons.

1504 6435 1506 6438 -
1570 6395 1674 6452 ⁵Vers.
1694 6401 1736 6452 31.
1755 6411 1831 6464 seqq.

1570 6485 1674 6542 euers.
1695 6489 1737 6540 18.
1848 6559 1850 6562 Ι

1543 6591 1545 6596 ’
1570 6575 1682 6632 ⁸Eccte.
1702 6575 1732 6640 1,
1751 6577 1821 6628 deti.

1570 6665 1581 6696 ⁹
1600 6669 1694 6722 Psalm.
1713 6665 1762 6728 al,
1782 6665 1826 6716 16.

1570 6751 1592 6782 ²⁰
1611 6755 1694 6808 Serm.
1708 6753 1749 6806 10.
1763 6767 1790 6806 n.
1804 6753 1836 6806 5:
1854 6753 1931 6804 Solus
1943 6767 1971 6806 es
1983 6753 2011 6806 in
2023 6757 2235 6820 quantacumque
2247 6751 2384 6804 hominum
2396 6763 2452 6800 ver·

1498 6843 1563 6896 seris
1581 6843 1737 6910 frequentia,
1757 6845 1856 6894 tantum
1876 6853 1942 6892 cave
1967 6841 2068 6894 alienae
2093 6839 2297 6894 conversationis
2327 6851 2385 6890 esse
2407 6843 2452 6890 aut

1498 6931 1617 6986 curiosus
1635 6933 1788 6998 explorator,
1806 6931 1851 6980 ant
1869 6929 2023 6982 temerarius
2040 6929 2129 6982 iudex.

2284 6485 2295 6516 ⁷
2316 6491 2391 6542 Vers.
2409 6489 2453 6540 10.
