5908 8266
464 889 768 996 Agrippinam.
798 889 1025 1000 Absolutis
1056 919 1154 970 cum
1185 889 1314 970 laude
1342 889 1570 998 Gyrnuasii
1601 903 1642 972 et
1661 891 1967 976 Universitatis
1997 895 2163 1002 studiis,
2189 897 2236 976 10
2264 897 2453 982 8001100-

464 1025 576 1104 rium
605 1023 969 1104 archidioecescos
1001 1023 1267 1106 Coloniensis
1296 1025 1509 1108 admissus
1545 1035 1586 1106 et
1619 1027 1667 1108 12
1694 1025 1818 1108 Mart.
1861 1027 1964 1108 1864
2001 1029 2197 1110 sacerdos
2235 1031 2454 1114 ordinatus

463 1167 539 1238 est.
571 1155 805 1266 Postquam
834 1157 974 1238 officia
1004 1157 1236 1240 sacerdotis
1263 1159 1494 1240 saecularis
1521 1189 1599 1266 per
1628 1159 1819 1268 quinque
1848 1189 1984 1242 00000
2010 1163 2082 1270 pie
2120 1173 2248 1270 atque
2279 1195 2453 1272 operose

345 1353 353 1364 ,
464 1299 692 1372 exsecutus
719 1299 795 1398 est,
825 1321 850 1372 a
878 1291 967 1372 Deo
998 1293 1243 1400 inspiratus,
1273 1291 1496 1398 Seraphici
1532 1291 1704 1376 Ordinis
1734 1299 1869 1376 nostri
1905 1293 2105 1378 habiturn
2145 1297 2190 1376 10
2222 1297 2451 1380 Provincia

462 1421 626 1506 Recoll.
656 1423 840 1508 Saxonis
870 1423 906 1508 8.
940 1423 1086 1506 Crucis
1119 1425 1167 1506 19
1196 1425 1299 1506 Dee.
1329 1425 1435 1508 1868
1463 1429 1676 1510 assumsit.
1705 1427 1838 1510 Facta
1865 1427 2142 1538 professione,
2181 1429 2451 1540 aliquamdiu

462 1561 649 1642 iuniores
670 1561 821 1642 fratres
840 1559 1008 1642 litteras
1036 1561 1310 1642 humaniores
1334 1561 1493 1642 docuit.
1513 1561 1584 1642 Ab
1607 1591 1719 1644 anno
1741 1561 1857 1672 1875,
1878 1591 1979 1642 011111
1997 1561 2167 1644 Fratres
2185 1567 2232 1644 in
2250 1565 2451 1648 Berussia

463 1723 487 1774 e
516 1693 813 1776 Conventibus
841 1693 1108 1804 eiicerentur,
1138 1695 1265 1774 sociis
1287 1693 1332 1774 P.
1354 1693 1515 1776 Fidelis
1535 1725 1560 1776 0
1577 1693 1728 1776 Fauna
1745 1695 1788 1778 b.
1808 1727 1864 1780 m.
1885 1695 2115 1778 adiunctus
2135 1707 2211 1780 est.
2237 1695 2389 1780 (100100
2409 1711 2452 1780 01

461 1829 737 1910 amanuensis
764 1827 956 1908 eiusdem
986 1829 1032 1908 in
1061 1827 1296 1910 lustrandis
1322 1825 1602 1910 bibliothecis
1639 1840 1682 1911 et
1710 1829 1982 1912 conferendis
2011 1861 2110 1912 cum
2150 1831 2352 1938 originali
2381 1861 2450 1914 co-

460 1961 632 2044 dicibus
659 1963 716 2072 in
737 1961 978 2068 Germania,
1008 1961 1152 2044 Gallia
1181 1973 1225 2042 ct
1250 1963 1416 2068 Anglia
1443 1963 1677 2070 diligenter
1703 1975 1746 2046 et
1775 1974 1973 2046 accurate
1999 1963 2224 2048 laboravit.
2252 1965 2294 2046 Α
2322 1965 2449 2048 Mini-

460 2107 549 2178 stro
578 2095 777 2180 Generali
809 2095 982 2178 Ordinis
1008 2125 1075 2176 an.
1110 2095 1211 2178 1819
1241 2107 1419 2178 vocatus
1446 2097 1494 2177 111
1523 2095 1767 2204 Collegium
1796 2097 1835 2182 8.
1865 2097 2192 2180 Bonaventurae
2222 2101 2273 2178 ad
2301 2097 2449 2182 Clarus

409 2257 411 2266 ’
460 2233 622 2340 Aquae,
653 2261 731 2342 per
758 2231 986 2316 duodecim
1011 2257 1149 2314 annos
1178 2231 1483 2312 communibus
1510 2233 1668 2314 11001110
1694 2231 1916 2314 laboribus
1933 2241 2134 2314 strenuus
2164 2233 2449 2314 collaborator

459 2365 697 2472 assistebat,
730 2365 831 2446 licet
861 2365 1039 2450 infirma
1058 2365 1307 2446 valetudine
1344 2365 1601 2474 plerumque
1627 2365 1739 2446 male
1775 2361 1969 2448 affectus.
1998 2365 2108 2450 Cum
2145 2365 2213 2446 die
2248 2367 2300 2448 24
2331 2367 2448 2476 Sept.

461 2499 565 2582 1891
596 2503 639 2582 10
672 2499 871 2608 Capitulc
900 2529 1000 2584 suae
1030 2499 1285 2584 Provinciae
1312 2500 1476 2582 electus
1504 2499 1798 2608 00001000100,
1832 2529 1929 2582 0010
1959 2509 2103 2582 000110
2132 2511 2175 2580 01
2204 2529 2280 2582 000
2300 2501 2447 2584 dolore

459 2635 763 2718 communibus
794 2637 959 2716 0001110-
978 2635 1197 2716 laboribus
1228 2635 1377 2716 debuit
1416 2635 1677 2742 renuntiare,
1709 2665 1788 2716 nee
1817 2636 1957 2716 multo
1992 2647 2094 2742 post
2118 2635 2446 2740 ingravescente

458 2771 672 2852 stomachi
698 2771 848 2854 morbo
874 2771 990 2852 lente
1020 2779 1284 2878 consumtus
1312 2771 1383 2878 pie
1413 2797 1464 2848 ae
1490 2769 1662 2876 placide
1690 2769 1735 2848 iu
1765 2767 1950 2852 Domino
1979 2767 2253 2854 obdormivit.

565 2903 810 3012 Religiosus
839 2905 924 2986 fuit
947 2905 1226 3014 exemplaris:
1255 2905 1391 2984 vitam
1421 2903 1607 2986 ducebat
1634 2905 1846 2986 humilem
1873 2915 1916 2984 et
1944 2905 2106 2984 mundo
2135 2903 2443 3010 absconditam,

457 3039 550 3122 Deo
569 3039 783 3148 devotam,
811 3039 1039 3122 solitudini
1066 3051 1110 3122 01
1137 3039 1293 3120 studiis
1321 3037 1524 3146 deditam,
1553 3037 1764 3144 proximis
1792 3037 2036 3144 officiosam,
2068 3037 2268 3118 omnibus
2288 3067 2443 3120 caram.

457 3173 584 3258 Ultra
613 3175 801 3282 corporis
830 3175 941 3256 vires
971 3173 1251 3256 incumbebat
1281 3171 1500 3254 laboribus
1529 3173 1760 3254 litterariis.
1781 3169 1908 3254 Horis
1937 3169 2175 3252 subsecivis
2195 3171 2320 3280 plura
2338 3199 2444 3280 opu·

458 3309 579 3392 scula
607 3311 793 3392 00001100
819 3307 891 3390 vel
920 3308 1173 3418 composuit,
1205 3308 1277 3389 vel
1302 3307 1349 3388 10
1378 3307 1575 3414 linguam
1604 3307 1896 3412 germanicam
1922 3307 2053 3386 vertit
2082 3315 2135 3414 et,
2174 3307 2307 3388 tacito
2348 3307 2442 3414 ple-

458 3443 639 3554 rumque
660 3473 737 3526 suc
764 3445 952 3552 00111100,
979 3445 1100 3550 prelo
1127 3443 1326 3550 tradidit,
1355 3441 1441 3522 alia
1469 3441 1680 3550 quaedam
1709 3441 1887 3550 reliquit
1913 3441 2218 3550 manuscripta.
2250 3439 2298 3522 R.
2329 3439 2362 3522 l.
2393 3439 2441 3522 P.

635 3829 672 3894 lo
692 3825 828 3914 Collegio
850 3827 879 3892 S.
907 3825 1143 3892 bonaventurae

552 3945 593 4012 ad
614 3945 721 4012 Claros
743 3943 847 4036 squas
869 3943 891 4010 3
914 3941 1096 4010 Decembris
1122 3939 1216 4006 1891,

1826 4395 1875 4480 Ρ.
1903 4393 1954 4478 P.
1980 4393 2275 4480 EDITORES.
