5908 8266
626 525 690 592 aba
716 513 717 516 ¹

528 705 609 750 rena.
626 719 693 766 noca
720 707 795 768 erat
825 699 873 764 eis
899 699 992 764 iocus
1019 699 1057 764 in
1085 697 1278 764 diversorio.
1306 735 1345 744 --
1365 695 1486 776 Tertia,
1514 695 1579 762 cir·

1334 519 1526 588 conluunt.
1553 519 1588 584 lN
1613 515 1776 586 IOhNNEM
1801 519 1831 584 C.
1859 521 1904 586 [V.

1644 701 1712 762 stus
1745 695 1777 764 in
1809 696 1953 782 sepulcro
1986 693 2121 780 quietim
2163 691 2345 760 psalmum:
2381 695 2421 758 ln
2448 711 2532 778 pace
2564 695 2601 758 in

626 805 798 882 cumcisio,
823 809 853 870 et
887 803 963 870 haec
994 803 1105 868 liberat
1138 803 1179 868 ab
1211 801 1431 868 inobedientia
1464 799 1580 866 illumi·
1643 801 1792 888 idipsum
1813 801 1982 868 dormiam
2004 807 2035 866 et
2063 799 2267 888 requiescam
2279 821 2292 876 ;
2324 807 2355 866 el
2389 799 2525 866 iterum:
2561 801 2601 866 ln

523 945 525 950 v
625 911 726 978 nando
750 909 787 976 nl
812 908 1025 976 obedientiam.
1053 907 1130 974 Cum
1153 907 1238 974 enim
1260 907 1405 974 Christus
1421 925 1484 972 non
1499 911 1580 974 θεεθῖ
1639 929 1725 994 pace
1745 905 1859 994 sactus
1880 913 1929 970 est
1949 905 2041 972 locus
2062 905 2142 972 eius.
2169 941 2211 952 --
2238 903 2421 984 Undecima,
2449 925 2740 986 resuarre-Undpim

625 1019 696 1104 Legi
719 1013 895 1094 subiectus,
922 1019 1023 1082 tamen
1049 1031 1080 1080 se
1106 1013 1177 1098 legi
1199 1013 1350 1092 subleclt3
1374 1011 1456 1078 unde
1481 1010 1518 1077 dc
1544 1031 1578 1080 eo
1643 1015 1727 1094 ctio,
1750 1013 1881 1080 ethaeo
1913 1011 2071 1078 liberata
2095 1009 2181 1076 ottae
2210 1015 2366 1076 uetustate
2398 1011 2601 1078 illuminando
2654 1043 2657 1050 ·

626 1127 709 1190 recte
749 1121 865 1186 dicitur
897 1119 975 1186 illud
1006 1119 1140 1204 Apostoli
1176 1119 1296 1204 primae
1328 1117 1369 1184 ad
1403 1117 1580 1184 Corinthios
1611 1095 1614 1214 i
1643 1121 1683 1188 ad
1706 1119 1788 1184 vitae
1810 1115 1997 1196 novitatem,
2021 1115 2096 1202 quia
2117 1121 2192 1182 tuno
2216 1115 2359 1182 Christus
2381 1133 2483 1184 novus
2504 1117 2601 1184 homo

626 1231 751 1296 nono1:
769 1225 852 1292 Cum
877 1245 978 1292 essem
995 1225 1074 1292 liber
1093 1245 1133 1292 eo
1160 1223 1329 1304 omnibus,
1358 1225 1506 1292 omninno
1529 1245 1581 1292 mc

521 1353 757 1412 auarusseroum
779 1331 853 1418 feci.
879 1367 921 1382 —
944 1331 1064 1414 Quarta
1085 1337 1133 1398 θεῖ
1155 1331 1346 1416 apparitio,
1378 1341 1410 1400 et
1437 1333 1512 1400 haec
1546 1331 1580 1398 li-

626 1441 714 1508 berat
737 1439 775 1506 ab
802 1439 931 1506 inuidia
952 1437 1157 1504 illuminando
1181 1435 1220 1502 ad
1250 1437 1410 1508 doetrinae
1440 1457 1581 1506 commu·

626 1545 790 1614 nisantium
803 1595 811 1622 ‚
826 1543 899 1628 quia
911 1541 977 1628 ipse
995 1549 1069 1634 tunc
1080 1541 1221 1610 notitiam
1237 1545 1284 1610 sui
1301 1547 1446 1632 gentihus
1462 1545 1580 1612 revela-

626 1653 689 1732 vit;
712 1649 886 1734 Sapientiae
900 1649 1032 1734 septimo
1046 1649 1074 1714 2:
1092 1651 1250 1718 Laetatus
1263 1671 1341 1718 sum
1358 1653 1392 1718 in
1418 1649 1580 1726 omnibns,

626 1757 782 1846 quonium
808 1751 1010 1820 antecedebat
1031 1773 1082 1820 me
1106 1757 1173 1824 ista
1193 1757 1378 1844 sapientia,
1394 1775 1497 1844 quam
1511 1755 1582 1820 sine

627 1861 756 1930 inuidia
777 1859 983 1946 communico
1012 1869 1044 1928 et
1071 1859 1267 1930 honestatem
1301 1863 1390 1930 iltius
1424 1881 1491 1930 non
1525 1859 1581 1928 ab·

524 1967 756 2048 burnissccudc,
781 2003 823 2054 ε-
847 1967 961 2058 Quinta
986 1975 1031 2036 est
1066 1969 1099 2036 iu
1133 1973 1250 2056 templo
1280 1967 1420 2048 oblatio,
1450 1975 1482 2034 et
1504 1967 1582 2036 haee

626 2075 738 2142 liberat
760 2071 801 2138 ab
830 2073 1073 2162 inpratitudim
1104 2075 1308 2144 illuminando
1330 2075 1368 2142 ad
1392 2075 1581 2168 orationem,

626 2179 771 2266 quoniam
798 2185 873 2248 tunc
894 2179 960 2265 ipse
986 2183 1136 2250 Dominus
1160 2183 1191 2248 in
1214 2183 1330 2266 templo
1348 2181 1473 2248 oblatus
1488 2187 1536 2248 est
1551 2183 1580 2246 in

610 2313 611 2318 ¹
626 2285 765 2370 signum,
790 2285 875 2370 quod
895 2303 952 2370 per
977 2287 1197 2372 gratitudinem
1211 2305 1248 2354 εθ
1262 2291 1365 2354 totum
1379 2285 1473 2352 debet
1487 2287 1582 2352 horno

626 2391 756 2474 offerre;
779 2393 881 2460 Lucae
903 2393 1083 2460 secundat:
1107 2391 1277 2458 vFuderunt
1296 2411 1442 2476 puerum
1473 2393 1583 2456 lassum

538 2519 612 2564 sessa.
626 2497 662 2564 in
686 2497 885 2578 ierusalem,
909 2507 947 2564 ut
968 2501 1121 2564 sisterent
1145 2515 1222 2562 cum
1246 2495 1395 2560 Domino.
1422 2531 1463 2542 -
1488 2495 1590 2558 Sexta

626 2609 673 2670 θεῖ
693 2603 792 2688 ipsius
816 2603 1016 2690 baptizatio,
1032 2609 1067 2670 ,θῖ
1081 2603 1160 2668 haee
1184 2599 1297 2666 liberat
1311 2599 1352 2664 ab
1367 2591 1582 2664 immunditia

625 2709 827 2776 illuminando
851 2709 888 2774 al
906 2707 988 2774 vitae
1002 2705 1186 2786 nontatam,
1209 2705 1285 2790 quia
1301 2703 1444 2770 Christus
1460 2705 1582 2768 lavatus

626 2821 672 2882 θεῖ
694 2815 725 2882 in
750 2813 887 2880 iordanis
911 2813 1059 2892 flumine;
1082 2811 1229 2898 Matthaei
1253 2809 1389 2876 tertios:
1422 2807 1512 2874 Venit
1535 2809 1583 2876 ‚le-

625 2939 684 2986 sus
705 2939 729 2986 a
757 2917 908 2984 Galilaea
932 2915 967 2984 in
992 2915 1188 2996 Iordanem,
1213 2923 1251 2982 ut
1283 2899 1515 3002 baptizaretur
1540 2913 1580 2980 ab

626 3043 681 3102 eo;
702 3023 824 3108 primae
848 3021 930 3088 Petri
953 3023 1063 3088 tertio:
1089 3021 1204 3088 Salvos
1221 3021 1304 3110 facit
1319 3021 1497 3106 baptisma,
1514 3039 1582 3086 non

506 3155 611 3210 superna.
626 3131 742 3196 carnis
764 3127 921 3212 depositio
942 3127 1096 3194 sordium
1119 3134 1177 3195 etc.
1194 3165 1237 3176 -
1260 3127 1397 3212 Septima
1421 3133 1468 3194 θεῖ
1490 3125 1523 3194 in
1540 3125 1582 3194 ie-

627 3237 711 3302 iunio
737 3235 883 3316 tentatio,
909 3235 1040 3302 ethaeo
1062 3233 1216 3303 liherata
1238 3231 1327 3318 febre
1357 3233 1456 3302 filium
1481 3233 1581 3320 reguli

626 3340 828 3408 illuminando
865 3341 903 3408 ad
936 3341 1040 3408 carnis
1073 3341 1363 3420 mortificationem,
1400 3339 1476 3426 quia
1505 3345 1581 3406 tunc

616 3433 767 3514 ¹Christus
804 3465 929 3512 carnem
963 3465 1020 3514 suo
1056 3445 1173 3512 ieiunio
1210 3447 1398 3526 macerarit3
1436 3443 1581 3512 Matthaei

625 3551 781 3638 quarto⁵:
809 3553 933 3620 Ductus
956 3561 1002 3620 est
1025 3553 1118 3618 Iesus
1140 3551 1178 3618 in
1204 3553 1370 3620 desertam
1393 3571 1416 3618 a
1438 3551 1580 3638 Spiritu,
1622 3601 1623 3604 ,

625 3667 660 3726 at
686 3655 867 3726 tentaretur
888 3677 912 3724 a
935 3659 1085 3738 diabolo,·
1102 3665 1130 3726 et
1145 3677 1221 3726 cum
1238 3659 1418 3724 ieiunassct
1431 3659 1581 3746 quadra-

623 3767 717 3854 pinta
741 3763 855 3832 dicbus
876 3773 905 3830 et
928 3765 1160 3854 'quadrupinta
1181 3761 1351 3844 noctibus,
1370 3773 1486 3848 postea
1508 3785 1581 3830 esa-

421 3873 423 3878 ’
521 3895 611 3942 octava.
624 3871 692 3938 riit.
716 3895 761 3920 ·-
785 3869 900 3938 Octava
924 3875 971 3938 est
990 3869 1124 3956 passio,
1149 3877 1181 3938 et
1202 3869 1281 3938 hacc
1311 3869 1424 3938 libarat
1447 3869 1487 3936 ab
1510 3869 1581 3936 ira-

624 3977 749 4046 cundia
771 3977 976 4044 illuminando
998 3977 1038 4044 ad
1060 3977 1258 4062 patientiam,
1285 3977 1359 4062 quia
1380 3975 1527 4042 Christus
1549 3977 1581 4040 ln

623 4085 767 4168 patiendo
792 4081 852 4148 luit
873 4081 1134 4166 patientissimum
1161 4081 1281 4168 primae
1304 4081 1384 4149 Petri
1403 4079 1580 4150 secundo⁶z

626 4187 777 4256 Cbristus
808 4207 933 4274 passas
964 4197 1018 4256 est.
1043 4207 1104 4274 pro
1134 4187 1247 4268 nobis,
1271 4187 1363 4254 uobis
1394 4185 1581 4274 relinquens

624 4295 823 4380 exemplam,
850 4301 886 4360 at
908 4295 1098 4382 sequamini
1118 4295 1256 4380 cestipia
1286 4293 1356 4360 eius
1379 4293 1438 4380 qui
1466 4313 1581 4380 pecca-

626 4409 695 4468 tam
718 4419 785 4466 non
806 4397 901 4486 fecit,
926 4399 1158 4466 necinventus
1181 4405 1227 4466 est
1248 4397 1346 4464 dulsos
1367 4397 1405 4464 in
1427 4415 1483 4464 ore
1498 4397 1579 4464 cias.

541 4533 611 4578 nona.
626 4545 669 4556 -
692 4509 777 4574 Nona
801 4511 848 4574 θεῖ
870 4507 917 4572 od
938 4505 1064 4594 inferos
1088 4505 1272 4584 descensio,
1289 4511 1318 4574 et
1343 4505 1420 4572 haec
1435 4505 1582 4572 liberata

624 4613 753 4680 duritia
775 4609 980 4676 illuminando
1012 4611 1052 4676 θεῖ
1085 4609 1348 4690 misericordiam,
1378 4609 1454 4694 quia
1477 4609 1581 4676 Domi-

624 4737 685 4786 nus
707 4719 858 4784 misertus
879 4721 928 4784 est
949 4717 999 4784 his
1022 4717 1077 4802 qui
1094 4705 1184 4784 erant
1199 4715 1236 4782 in
1251 4715 1391 4782 tenebris
1415 4723 1443 4784 et
1457 4715 1581 4782 umbra

626 4823 786 4902 mortis⁷;
810 4823 978 4892 Zachariae
998 4841 1101 4890 nono:
1130 4823 1181 4888 Tu
1204 4841 1330 4910 quoque
1354 4823 1389 4888 in
1416 4823 1581 4908 sanpuine

625 4919 807 4998 testumeat'
828 4929 879 4996 tui
901 4929 1047 4996 eduxisti
1064 4929 1191 4996 cinctos
1212 4931 1250 4996 de
1267 4929 1353 5006 lacu.
1370 4929 1505 4996 Maxima
1522 4931 1580 4994 mi-

509 5063 608 5110 ssaha.
625 5035 795 5106 sericordia
815 5044 864 5105 est
885 5037 1068 5122 sanguinem
1102 5055 1160 5122 pro
1182 5035 1312 5122 captivis
1343 5035 1426 5102 dare.
1455 5073 1499 5102 ,--
1520 5037 1580 5104 De-

624 5143 702 5210 cima
731 5147 776 5210 est
803 5141 834 5209 in
869 5143 1014 5228 sepulcro
1040 5141 1213 5228 requietio,
1245 5141 1384 5210 ethaeo
1416 5141 1529 5208 liberat
1560 5159 1581 5208 a

624 5249 744 5318 muniti
760 5267 927 5332 pressura
947 5245 1154 5314 illuminando
1176 5245 1215 5312 θεῖ
1238 5265 1363 5332 paoem,
1393 5247 1468 5332 quia
1489 5247 1580 5312 Chri-

695 5753 705 5786 ²
726 5759 801 5810 Vers.
820 5755 864 5810 ts.

692 5843 704 5876 ²
724 5847 800 5900 Vers.
818 5845 861 5898 42.
878 5857 933 5912 seq.
952 5845 1012 5898 Post
1031 5843 1166 5912 sapientia
1183 5845 1297 5910 Vulgata
1314 5845 1391 5910 plura
1410 5845 1491 5898 addit.

628 5957 630 5960 ·
693 5931 704 5962 ⁵
725 5935 801 5990 vers.
819 5933 863 5986 22.
1350 5941 1353 5948 “

693 6021 705 6052 ⁴
725 6025 801 6076 Vers.
818 6023 865 6092 l3,
883 6021 930 6074 ubi
944 6023 1056 6088 Vulgata
1070 6027 1128 6086 post
1143 6019 1289 6076 Iordanem
1302 6019 1374 6074 adlit
1393 6019 1428 6074 ad
1447 6023 1584 6076 loannem.

623 6141 659 6154 -
684 6113 743 6182 seq.
765 6113 839 6166 loeus
860 6115 899 6164 θεῖ
920 6113 936 6164 l.
960 6113 1029 6164 Petr.
1051 6113 1074 6178 3,
1099 6111 1141 6164 21.
1163 6137 1197 6152 -
1222 6107 1347 6176 Superius
1367 6123 1417 6174 pro
1437 6107 1584 6164 novitatem

623 6203 668 6256 ed.
680 6201 838 6272 puritatem.

692 6287 704 6318 ⁵
725 6293 800 6344 Vers.
818 6291 846 6344 l.
863 6295 888 6342 et
908 6291 932 6342 2.

692 6375 704 6408 ⁶
725 6379 800 6434 Vers.
817 6377 861 6432 2ῖ.
878 6383 906 6430 θῖ
923 6379 966 6430 22.

692 6463 702 6496 ’
725 6471 786 6522 Luc.
806 6467 835 6534 l,
855 6467 898 6520 ta.
917 6495 951 6506 -
972 6467 1095 6536 Sequitur
1112 6467 1189 6522 zach.
1210 6467 1239 6536 3,
1259 6467 1302 6534 tl.

692 6551 704 6582 ³
724 6553 815 6608 Psalm.
837 6553 866 6622 4,
884 6555 912 6608 9.
929 6561 955 6608 et
974 6553 1086 6608 subinde
1104 6557 1144 6608 Ps.
1163 6555 1213 6620 75,
1232 6557 1256 6608 3.

693 6639 799 6698 ⁹Vers.
818 6641 843 6696 4.

693 6725 717 6758 ¹⁰
736 6731 810 6784 Vers.
830 6733 855 6784 l.
872 6745 928 6800 seq.
949 6761 985 6772 -
1006 6731 1058 6786 Ctr.
1076 6731 1144 6784 intra
1164 6745 1185 6784 o.
1207 6735 1254 6800 ll,
1277 6733 1322 6798 lit,
1343 6731 1388 6786 ubi
1412 6731 1489 6784 etiam
1516 6729 1582 6784 aliae

622 6815 806 6882 explicationes
824 6817 958 6872 boramtm
977 6819 1115 6874 duodecim
1133 6827 1275 6886 ponuntur.

1642 1227 1744 1292 tactus
1766 1227 1830 1300 est;
1856 1220 1894 1287 ad
1919 1223 2070 1286 Romanos
2096 1221 2229 1288 sexto⁹:
2253 1221 2421 1304 Quomodo
2447 1219 2599 1288 Christus

1643 1329 1793 1396 surressit
1816 1347 1839 1394 a
1861 1327 2003 1394 mortuis
2023 1347 2085 1412 per
2108 1327 2252 1414 pieriam
2269 1327 2403 1406 Patris,
2420 1327 2469 1394 ita
2490 1337 2521 1394 et
2539 1349 2600 1394 nos

1645 1437 1681 1502 in
1702 1433 1846 1502 nouitate
1860 1433 1946 1498 uitae
1962 1433 2178 1500 ambutemus.
2198 1471 2239 1484 -
2256 1433 2464 1514 Duodecima,
2487 1453 2599 1500 ascen-
2613 1451 2757 1496 putreant.
2784 1441 2785 1448 ’

1644 1541 1713 1618 εῖο,
1738 1545 1767 1606 θῖ
1792 1539 1868 1604 haec
1890 1537 2002 1604 liberat
2034 1539 2073 1604 ab
2108 1523 2222 1606 amore
2254 1545 2461 1606 terrenorum
2485 1539 2601 1606 illumi-

1645 1645 1747 1712 nando
1770 1643 1809 1710 ad
1832 1643 2022 1710 desiderium
2046 1631 2264 1724 aeternorum,
2288 1644 2326 1711 ad
2350 1663 2429 1730 quae
2459 1645 2601 1712 Christus

1646 1769 1701 1818 nos
1718 1751 1903 1838 praecessit;
1920 1750 1958 1816 ad
1975 1751 2169 1818 Colossenses
2184 1751 2333 1818 tertlo10:
2357 1751 2448 1834 Quae
2464 1771 2601 1818 sursum

1645 1865 1724 1924 sunt
1745 1857 1912 1946 quaerite,
1935 1855 1994 1922 ubi
2019 1855 2171 1924 Christus
2192 1867 2239 1922 cst
2260 1855 2297 1922 iu
2311 1859 2447 1924 deutera
2474 1859 2532 1924 Dei
2552 1877 2601 1924 se-

1645 1963 1744 2042 deus;
1767 1983 1853 2052 quae
1881 1981 2023 2028 sursum
2052 1969 2131 2030 suot
2159 1965 2280 2048 sapite,
2303 1983 2368 2030 nou
2393 1981 2477 2050 quae
2498 1983 2601 2050 super

1647 2077 1783 2138 terram.

2007 2283 2234 2368 Quousrrouns

1736 2493 1788 2558 83.
1823 2495 1947 2578 Quaest.
1981 2495 1999 2560 l.
2039 2497 2208 2578 Quaeritur
2241 2495 2294 2562 de
2309 2495 2369 2562 hoo
2402 2493 2484 2580 quod
2507 2493 2599 2572 dicit,

1646 2597 1731 2688 quod
1749 2597 1913 2684 propbeta
1934 2599 1971 2666 in
1991 2601 2107 2684 putria
2129 2621 2195 2666 sua
2227 2599 2379 2666 bonorem
2405 2621 2472 2666 non
2494 2597 2598 2666 babet.

1735 2703 1863 2768 Cornan
1884 2705 1963 2770 hoo:
1989 2705 2017 2768 l.
2042 2705 2120 2788 Quia
2144 2705 2238 2772 homo
2261 2723 2324 2770 non
2342 2707 2526 2786 honoratur,
2541 2705 2599 2772 nisi

1645 2807 1699 2874 ubi
1725 2807 1937 2894 cognoscitur:
1964 2827 2039 2894 ergo
2059 2809 2088 2876 si
2103 2811 2299 2894 cognoscitur
2315 2809 2398 2876 iuter
2414 2811 2600 2894 cornpatrio-

1646 2919 1710 2996 tas,
1734 2933 1796 2980 non
1817 2915 1901 2982 inter
1923 2915 2126 3000 alienigenam
2153 2915 2294 2994 ridetur,
2319 2913 2404 3002 quod
2426 2915 2526 3002 magis
2541 2917 2598 2984 ho-

1645 3027 1778 3088 noretur
1800 3023 1832 3087 in
1856 3021 1957 3106 patria
1980 3009 2040 3088 sua
2059 3041 2154 3110 quam
2177 3023 2211 3088 in
2234 3021 2344 3088 aliena.

1735 3131 1764 3194 2.
1791 3129 1864 3194 ltem
1888 3127 2047 3208 videmus,
2071 3127 2154 3212 quod
2189 3125 2287 3194 David
2314 3126 2469 3212 propheta
2489 3125 2523 3192 in
2545 3143 2600 3210 pa-

1646 3233 1707 3298 tria
1723 3251 1780 3300 sua
1795 3233 1880 3320 regni
1901 3233 2051 3300 honorem
2067 3233 2186 3300 habuit.
2207 3271 2247 3282 -
2265 3233 2339 3298 llam
2354 3233 2496 3312 videtur,
2515 3233 2598 3318 quod

1646 3337 1790 3404 Christus
1810 3339 1959 3406 habuerit
1980 3339 2142 3408 honorem.
2160 3341 2281 3406 Dicitur
2296 3339 2379 3404 enim
2397 3339 2426 3404 in
2444 3339 2547 3406 littera
2561 3339 2598 3416 ²¹,

1646 3445 1731 3530 quod
1752 3455 1947 3530 exceperunt
1970 3467 2045 3512 eant
2071 3445 2229 3514 Galilaei:
2253 3463 2330 3530 ergo
2351 3437 2597 3512 honoraverunt.

1734 3551 1934 3620 hassonum:
1958 3551 2149 3634 Dicendum,
2171 3551 2254 3638 quod
2290 3557 2418 3638 propter
2442 3551 2598 3636 duplicem
2612 3571 2678 3626 susp.

1646 3657 1798 3724 rationem
1820 3677 1883 3724 non
1908 3659 2082 3726 honoratur
2097 3659 2250 3744 propheta
2267 3659 2415 3746 lupatria
2437 3677 2512 3726 sua:
2529 3665 2595 3726 tum
2606 3675 2763 3733 rostanno.

1646 3763 1768 3830 ratione
1789 3765 2011 3850 pancraticnis
2042 3765 2211 3846 carnalis,
2234 3773 2302 3830 tum
2329 3765 2448 3830 ratione
2471 3783 2599 3830 conuer-

1644 3869 1787 3936 sationis
1819 3869 2017 3962 familiaris.
2049 3871 2176 3938 Ratione
2207 3871 2443 3960 pancrationia·
2473 3871 2598 3956 quando

1645 3975 1728 4042 enim
1752 3975 1848 4042 hahet
1869 3983 1991 4062 patrem
2016 3983 2046 4044 et
2077 3985 2210 4044 matrem
2238 3977 2393 4062 ignobiles
2414 3983 2446 4044 et
2468 3977 2544 4044 viles
2569 3983 2599 4044 et

1645 4099 1817 4166 pauperes,
1844 4083 1923 4148 sicut
1946 4083 2091 4152 Christus
2112 4084 2299 4152 credebatur
2324 4081 2456 4162 hahere,
2478 4083 2598 4150 ratione
2648 4119 2650 4126 κ

1645 4187 1761 4254 horum
1784 4188 1956 4274 despicitur
1969 4191 2003 4256 1².
2022 4193 2150 4260 Ratione
2168 4191 2426 4258 conuersationis
2450 4187 2599 4278 familia-

1646 4291 1715 4370 ris,
1738 4293 1812 4376 quia
1835 4293 2029 4362 familiaritas
2050 4295 2133 4380 parit
2163 4301 2393 4382 contemptum;
2414 4295 2502 4376 ideo,
2527 4313 2597 4364 eunt

1644 4403 1790 4480 parentes
1811 4397 1925 4466 Christi
1962 4417 2115 4484 pauperes
2152 4409 2278 4470 nossent
2299 4409 2332 4468 et
2353 4401 2421 4468 eius
2444 4401 2599 4468 educmio-

1645 4519 1735 4582 nem,
1758 4503 1838 4568 nihil
1859 4505 2001 4572 clinnum
2024 4505 2054 4572 in
2080 4525 2115 4574 eo
2140 4525 2208 4574 esse
2230 4507 2407 4574 credebant.

1736 4609 1764 4672 l.
1789 4609 1877 4692 Quod
1901 4629 1975 4694 ergo
1997 4611 2120 4692 obiicit,
2146 4613 2229 4700 quod
2261 4613 2368 4678 notitia
2403 4613 2475 4680 facit
2498 4613 2598 4680 homi·
2621 4639 2655 4686 sr
2669 4639 2766 4684 opressa.

1643 4713 1716 4782 nem
1739 4715 1906 4796 honorari3
1929 4717 2112 4798 dicendum,
2138 4721 2221 4804 quod
2255 4721 2364 4786 notitia
2387 4721 2524 4788 uirtutis
2545 4721 2599 4788 acl-

1643 4821 1739 4902 iurat,
1763 4821 1816 4888 sed
1841 4823 1948 4890 notitia
1971 4823 2112 4910 oripinis
2135 4833 2166 4892 et
2189 4825 2396 4912 infirmitatis
2417 4827 2556 4912 impedit.

1733 4931 1762 4994 2.
1787 4929 1875 5012 Quod
1899 4929 2003 4996 obiicit
2026 4931 2063 4996 dc
2087 4931 2184 5000 Dauid
2208 4937 2237 5000 et
2261 4931 2330 5000 aliis
2350 4933 2530 5018 prophetis,
2546 4951 2598 5000 re-

1643 5033 1875 5120 spondendum,
1901 5035 1984 5120 quod
2014 5055 2058 5102 «a
2083 5055 2156 5104 raro
2178 5037 2428 5124 contingentibus
2453 5057 2515 5104 non
2544 5039 2598 5106 de-

1643 5141 1694 5206 bet
1718 5141 1797 5207 ratio
1820 5143 2018 5226 pronuntiari
2032 5143 2056 5182 ²³
2069 5171 2100 5210 s.
2121 5145 2157 5210 El
2171 5147 2246 5230 quia
2263 5145 2322 5212 hoo
2338 5163 2410 5212 raro
2430 5145 2600 5230 contingit,

1642 5247 1711 5314 ideo
1733 5253 1791 5314 etc.
1817 5287 1858 5296 -
1883 5249 1973 5334 Quod
1993 5249 2158 5332 obiicitur,
2191 5252 2275 5338 quod
2309 5255 2525 5336 exceperuut3
2549 5269 2598 5334 re-

1719 5755 1739 5786 ¹¹
1759 5759 1835 5810 Vers.
1854 5757 1898 5810 25.
1914 5785 1951 5798 -
1970 5759 2096 5824 superins
2119 5763 2178 5822 post
2203 5759 2332 5814 bonorem
2354 5759 2397 5814 ed.
2414 5761 2488 5816 addit
2506 5759 2534 5816 in
2546 5775 2600 5830 pa-

1647 5843 1701 5898 tria
1720 5859 1779 5900 sua.
2344 5855 2345 5858 ’

1679 5977 1680 5980 ,
1718 5929 1739 5962 ¹²
1759 5933 1898 6002 OrigeneS,
1916 5935 1941 5988 in
1962 5939 2029 5990 loan.
2042 5941 2106 5990 tom.
2120 5939 2162 5990 l3.
2174 5951 2203 5992 n.
2216 5937 2264 5992 bi:
2277 5939 2389 5992 Proinde
2398 5939 2597 5994 conviciantium
2697 6011 2698 6014 Ἴ

1646 6029 1706 6076 sunt
1727 6023 1805 6076 etiarn
1829 6029 1878 6078 hae
1902 6039 1980 6080 voces
2000 6023 2102 6094 [llatth
2121 6029 2169 6092 l3,
2190 6027 2232 6080 55.
2251 6035 2277 6080 et
2294 6025 2367 6098 56.]:
2388 6025 2482 6082 lllonnc
2501 6027 2543 6082 bio
2563 6031 2600 6082 cst

1646 6107 1828 6182 fabrilibus?
1846 6111 1941 6168 Nonne
1959 6113 2046 6170 auur
2065 6115 2121 6170 eius
2147 6113 2244 6172 dicitur
2264 6113 2361 6182 Marta,
2382 6119 2407 6170 ct
2422 6115 2524 6184 frutra
2543 6113 2602 6170 cius

1646 6203 1712 6254 sunt
1727 6201 1801 6270 apud
1818 6205 1889 6258 nos?
1909 6203 1982 6258 Unde
1999 6215 2063 6272 erpo
2084 6203 2146 6260 buia
2164 6203 2229 6260 baec
2247 6203 2358 6260 omnia?

1718 6283 1739 6316 ¹⁸
1758 6287 1906 6356 chrysost,
1919 6291 1947 6344 in
1959 6295 2028 6346 loan.
2039 6293 2131 6346 homil.
2144 6293 2186 6346 35.
2201 6293 2273 6358 (θῖῖθε
2285 6291 2339 6362 34.)
2351 6307 2379 6346 n.
2392 6293 2421 6344 t:
2435 6291 2505 6360 Quid
2516 6295 2598 6356 ergo?

1645 6375 1762 6442 inquies,
1776 6393 1807 6430 an
1822 6395 1875 6434 noir
1889 6381 1983 6452 multos
2001 6381 2139 6446 videmuS,
2157 6383 2203 6448 qui
2221 6379 2292 6446 apud
2311 6383 2452 6446 populares
2474 6395 2536 6434 suos
2555 6381 2601 6434 ad·

1646 6463 1777 6524 mirationi
1793 6467 1941 6524 habentur?
1961 6467 2088 6524 Videmus
2111 6471 2217 6538 nuqua
2240 6467 2287 6524 sed
2312 6483 2358 6534 per
2387 6483 2416 6522 ea
2449 6483 2518 6536 quae
2539 6481 2605 6520 raro

1646 6555 1810 6624 contingunt,
1823 6573 1876 6610 non
1890 6563 1928 6610 est
1947 6557 2073 6612 sententia
2092 6557 2208 6612 terenda.
2225 6557 2303 6626 Quod
2323 6557 2343 6610 si
2355 6557 2465 6626 quidam
2477 6557 2504 6608 in
2517 6557 2598 6622 patria

1644 6655 1691 6694 sua
1711 6647 1838 6698 honorem
1856 6653 1917 6698 sunt
1934 6647 2082 6712 consecuti,
2105 6647 2187 6700 multo
2210 6645 2295 6710 magis
2319 6647 2354 6698 in*
2369 6647 2465 6714 aliena;
2490 6659 2607 6698 consue*

1644 6729 1708 6784 tudo
1726 6745 1841 6800 namque
1859 6739 2038 6800 contemptum
2057 6749 2152 6800 parere
2169 6737 2243 6788 solet.
