5908 8266
568 595 633 672 de

578 811 580 814 ·
660 783 711 848 lt).
738 777 923 864 (versib).
951 779 1015 844 Sed
1034 769 1116 866 quia
1134 775 1212 844 haee
1235 773 1455 844 locutussurn
1471 771 1527 842 aa*
1555 821 1557 864 ε

569 887 637 966 bia,
662 883 799 952 tristitia
824 883 971 970 impleuit.
989 903 1049 950 cor
1072 893 1236 962 oestrum;
1262 883 1306 950 in·
1323 901 1387 968 quo
1408 881 1528 968 signid—
1555 875 1557 882 '

568 989 871 1058 saturabondantia
892 989 1048 1070 tristitiae,
1075 989 1149 1076 qaia
1163 989 1267 1056 solurn
1289 989 1527 1056 considerabant
1555 1013 1557 1016 ·

568 1087 738 1164 absentiam
764 1101 792 1164 et
817 1115 879 1162 uon
896 1093 1061 1162 ‘absentiae
1083 1093 1243 1176 lructum3
1261 1101 1377 1162 contra
1398 1095 1458 1162 hoc
1480 1095 1527 1160 di·
1556 1111 1557 1152 1

404 1217 407 1224 ⁴
466 1217 481 1246 ν
499 1233 516 1238 ¹¹
569 1203 651 1270 citur
665 1203 840 1286 primaead
855 1199 1149 1268 Thessalonicenses
1163 1205 1278 1286 quarta
1292 1201 1320 1266 1:
1337 1201 1437 1268 ¹«Non
1453 1217 1527 1266 con·

522 1297 524 1300 ’
568 1305 731 1374 tristemini
765 1305 845 1372 sicut
877 1313 907 1374 et
929 1305 1043 1384 ceteri,
1078 1307 1245 1393 quispam
1274 1323 1338 1370 noa
1361 1303 1478 1370 habent
1496 1331 1524 1370 o.

567 1413 655 1480 Tales
677 1411 849 1498 implentur
874 1411 1017 1492 tristitia,
1040 1411 1197 1478 secandae
1211 1411 1259 1478 ad
1280 1409 1458 1478 Corinthios
1478 1429 1526 1478 se-

569 1517 687 1586 condo:
717 1517 972 1598 «consolemini,
998 1535 1040 1586 ne
1060 1517 1141 1586 torte
1170 1515 1393 1586 abundantiori
1411 1517 1524 1586 'absor-
1589 1555 1590 1558 ¹

568 1621 829 1714 beatnr'trislitia
843 1623 899 1708 qui
922 1621 1103 1690 huiusmodi
1122 1629 1167 1690 θεῖ
1185 1647 1223 1702 >³3¹
1247 1623 1447 1690 threnorum
1462 1631 1526 1692 ter-

569 1729 628 1798 tio:
655 1725 681 1788 ἐ
705 1729 843 1816 lleplevit
863 1729 929 1796 'me
961 1727 1249 1808 antaritudinibus,
1278 1727 1457 1798 inebriavit
1475 1749 1526 1798 me

568 1837 769 1904 absinthio».
925 1925 927 1928 Ι
1127 1889 1128 1892 ,

638 1943 715 2012 ld.
746 1937 845 2028 (Ve'rs.
881 1945 947 2024 .7.,),.¹
965 1943 1031 2010 ‘Scd
1066 1961 1123 2030 epo
1154 1943 1344 2030 carituram,
1363 1943 1437 2012 dico
1470 1963 1524 2012 uo-

403 2063 551 2128 stensa
569 2045 617 2114 his
650 2045 709 2116 etc.
745 2047 796 2114 llic
832 2047 970 2134 tangitur
1001 2049 1194 2130 secundam,
1223 2049 1341 2130 scilicet
1379 2049 1525 2136 Spiritus

373 2239 376 2252 ἶ
414 2117 543 2228 {iffi
567 2155 675 2222 suncti
706 2155 905 2242 promissio,
940 2175 1020 2242 quae
1055 2155 1205 2244 impletur
1233 2157 1265 2224 in
1289 2177 1347 2226 suo
1379 2175 1523 2236 recessa,

463 2235 500 2304 ¹²⁰?
568 2279 607 2330 ex
632 2279 696 2348 qua
715 2261 831 2330 debera
857 2263 1026 2344 consolari3
1052 2263 1122 2330 ideo
1142 2263 1236 2332 dicit:
1265 2265 1328 2330 Sed
1359 2285 1416 2352 epo
1440 2263 1524 2330 ueri-

507 2433 508 2436 ,
567 2375 664 2436 tutona
686 2375 762 2448 etc,
793 2369 883 2454 quasi
905 2367 1005 2436 dicati
1031 2369 1075 2438 ita
1107 2369 1290 2450 tristamini,
1319 2371 1374 2438 sed
1403 2389 1423 2438 e
1451 2387 1548 2456 con-s

568 2477 662 2543 traria
687 2475 806 2544 debetis
834 2477 987 2544 consolari
1011 2477 1051 2544 de
1079 2495 1218 2544 recessu.
1247 2477 1383 2562 dnpcdit
1415 2475 1522 2556 uobis,

566 2589 602 2648 ut
636 2603 693 2670 epo
725 2581 873 2660 cutura·
905 2583 1045 2670 stratio
1076 2581 1243 2648 redditur:
1277 2581 1317 2648 Si
1349 2581 1436 2648 eninr
1457 2601 1524 2648 uon

471 2699 473 2702 ’
566 2687 696 2768 abiae,
722 2687 920 2754 Paracletus
942 2707 1008 2754 aon
1027 2687 1133 2754 ueniet
1154 2687 1200 2754 ad
1221 2687 1347 2753 uasat
1368 2687 1447 2752 ratio
1463 2681 1539 2752 hu·

566 2795 615 2860 ius
638 2801 702 2860 est:
734 2791 824 2878 quia,
847 2791 906 2858 nisi
938 2791 1062 2882 lueritis
1091 2791 1237 2870 desolati,
1259 2809 1323 2858 non
1352 2789 1524 2858 consolabi-

566 2901 654 2980 mini;
680 2899 824 2966 Matthaei
839 2897 993 2982 quinto2:
1021 2921 1038 2954 «
1055 2897 1137 2964 Βθθῖῖ
1154 2897 1208 2982 qai
1234 2899 1358 2980 lugent,
1373 2895 1523 2982 quoniam

566 3007 624 3092 ipsi
645 3005 891 3084 consolabuntur
908 3029 939 3068 ».
971 3003 1169 3070 Bernardns:
1196 3003 1368 3076 «Delicata
1397 3009 1445 3070 est
1475 3003 1521 3068 ni-

425 3127 519 3198 χχ]
544 3179 545 3182 ,
566 3113 625 3178 εθῖε
656 3111 762 3178 diuina
801 3107 969 3176 consolatio
1003 3125 1061 3176 nec
1094 3107 1189 3176 datur
1224 3107 1414 3176 habentibus
1429 3139 1430 3146 ¹
1447 3107 1521 3176 alie·

465 3245 466 3248 ¹
566 3231 637 3284 nam
653 3245 686 3284 u.
703 3217 742 3284 Si
762 3221 873 3282 autera
888 3215 1016 3292 abiero,
1038 3213 1170 3280 raittanr
1185 3233 1260 3280 euru
1276 3215 1321 3280 ad
1341 3231 1418 3294 oos,·
1433 3215 1521 3300 quia,

531 3359 532 3362 ¹
566 3323 726 3392 subtracta
749 3321 955 3388 consolatione
974 3317 1104 3400 visibili,
1127 3319 1254 3388 dabitur
1270 3319 1360 3388 vohis
1382 3323 1523 3414 consola-

495 3423 497 3428 ’
566 3437 615 3498 tor
637 3427 818 3508 inuisibilis;
841 3425 939 3494 lsaiae
960 3427 1112 3512 vigesimo
1133 3425 1288 3494 oeterni:
1316 3427 1443 3512 «Quem
1468 3427 1522 3494 do

566 3537 645 3604 cebit
670 3533 854 3604 scientiam?
876 3533 914 3600 at
937 3551 1032 3620 quem
1048 3532 1221 3620 inlelligere
1244 3533 1335 3602 faciet
1348 3533 1523 3622 ‘auditumt
1550 3559 1551 3562 ¹

565 3641 896 3720 Ablactatosalacte,
922 3639 1048 3706 avulsos
1076 3641 1118 3706 ab
1133 3639 1295 3706 ubenbus
1312 3665 1344 3704 s.
1377 3641 1414 3706 Et
1442 3639 1524 3706 ratio
1550 3667 1551 3670 ¹

566 3749 662 3816 huius
692 3745 835 3816 redditur
867 3745 906 3812 ad
936 3745 1091 3812 Hebraeos
1114 3747 1242 3830 quinto:
1277 3773 1293 3806 a
1307 3745 1434 3826 OmniS,
1467 3747 1521 3832 qui

566 3851 901 3940 lactis‘estparticepS,
920 3869 1035 3938 expers
1051 3857 1098 3918 est
1113 3851 1265 3920 sermonis
1283 3851 1433 3932 iustitiam
1450 3871 1524 3940 par-

566 3961 660 4028 vulas
682 3959 763 4028 enim
789 3964 835 4026 est
851 3985 881 4022 n.
910 3989 911 3992 ¹
1385 4023 1386 4026 ,

616 4061 617 4064 ’
656 4067 705 4134 ll.
733 4065 831 4150 (Vens.
859 4063 913 4146 S).
947 4065 978 4130 E
1015 4083 1093 4130 cuno
1122 4065 1247 4130 uenerit
1279 4063 1338 4130 iiie.
1368 4063 1552 4148 Tangitur

401 4191 495 4256 ‚reatu
509 4191 537 4254 qe
564 4175 616 4242 hic
638 4173 787 4250 tertium,
810 4171 928 4244 scilicet
952 4169 1101 4256 Spiritus
1121 4169 1234 4236 sanati
1261 4169 1425 4258 officium,
1455 4175 1524 4238 tum

398 4245 621 4366 lpSlus⁰¹¹³⁰¹⁰per
643 4277 909 4364 comparationem
938 4277 979 4342 ad
1000 4277 1210 4354 mundanos,
1241 4281 1273 4342 et
1303 4277 1363 4344 hoc
1386 4281 1434 4344 est
1466 4295 1523 4342 ur-

562 4405 683 4474 guere·
705 4391 773 4452 tam
804 4401 862 4468 per
895 4383 1161 4468 comparationem
1191 4383 1233 4450 ad
1255 4381 1373 4460 bonos,
1410 4387 1440 4448 et
1463 4383 1524 4450 hoc

400 4499 614 4564 Primoouoaoest
634 4493 757 4558 elocare.
791 4487 935 4556 Officium
968 4487 1064 4574 igitur
1096 4505 1152 4574 per
1182 4483 1446 4572 comparationem
1484 4487 1522 4554 ad
1588 4495 1590 4502 ’

440 4565 514 4608 malos.

564 4597 672 4666 anulos
701 4593 869 4682 exprimit,
893 4613 968 4662 carn
997 4593 1091 4694 dicit:
1121 4595 1163 4658 Εῖ
1190 4609 1268 4658 auur
1300 4595 1424 4660 uenerit
1454 4593 1505 4660 iiic

636 5051 647 5084 ¹
669 5055 741 5108 Vers.
762 5053 804 5106 le.
824 5081 859 5090 —
877 5053 1030 5120 Sequuntur
1048 5051 1077 5104 ll.
1095 5051 1154 5108 Cor.
1173 5053 1205 5118 S,
1223 5053 1248 5106 t.
1269 5059 1294 5108 et
1311 5055 1409 5114 Thren.
1428 5055 1461 5120 3,
1480 5053 1522 5108 lt.

635 5141 647 5174 ²
669 5145 741 5198 Vers.
759 5141 786 5194 5.
805 5171 840 5186 —
860 5141 988 5194 Sententia
1007 5141 1132 5194 Bernardi
1162 5141 1296 5196 exhibetur
1316 5143 1344 5194 in
1361 5141 1428 5194 libro
1458 5143 1524 5194 Gau·
1549 5183 1550 5186 ε

566 5233 625 5288 lridi
645 5231 747 5286 abbatis
767 5229 823 5300 (qui
844 5231 988 5296 discipulus
1016 5235 1071 5282 erut
1098 5231 1233 5298 Bernardi)
1258 5229 1473 5286 Declamationcs
1490 5229 1524 5284 de
1548 5249 1550 5254 ¹

565 5319 697 5390 colloquio
724 5315 842 5374 Simonis
860 5331 922 5372 curn
941 5321 1002 5372 lesu
1021 5333 1055 5372 eu
1074 5319 1104 5374 S.
1130 5317 1269 5372 Banardi
1283 5317 1455 5372 sermondus
1472 5315 1524 5376 aot:
1549 5311 1550 5372 j

566 5405 674 5474 tectae,¹
689 5413 750 5462 sect.
778 5407 819 5460 55.
844 5411 876 5458 n.
900 5409 946 5460 66:
968 5407 1083 5460 Pretiosa
1105 5405 1235 5474 siquidem
1266 5407 1355 5460 divina
1381 5405 1523 5462 consolatio
1549 5459 1550 5462 ,

564 5501 605 5548 θεῖ
621 5509 671 5550 nec
687 5493 794 5548 omnino
812 5493 933 5548 tribuitur
953 5493 1150 5548 admittentibus
1166 5495 1286 5548 alienam.
1340 5531 1341 5534 ε

628 5579 648 5612 '³
668 5585 741 5636 Vers.
760 5585 784 5634 9.
802 5611 840 5624 -
857 5583 975 5636 Subinde
991 5585 1120 5648 allegator.
1136 5581 1216 5636 llebr.
1235 5583 1262 5648 5,
1282 5585 1324 5636 la.
1343 5611 1378 5624 -
1397 5583 1524 5648 Superius
1548 5589 1550 5608 ³

565 5687 618 5738 pro
633 5669 789 5726 consolator
801 5661 846 5724 ed.
863 5671 1020 5726 connotatio.

636 5761 649 5792 ⁴
670 5765 742 5816 l'ers.
766 5761 807 5814 al.
827 5789 861 5800 —
880 5761 999 5828 August,
1021 5761 1045 5812 in
1064 5761 1133 5814 loun.
1159 5761 1260 5824 Evang.
1277 5765 1308 5812 tr.
1329 5759 1369 5812 95.
1391 5777 1416 5812 n.
1437 5763 1467 5812 S:
1484 5761 1524 5812 De

562 5855 673 5920 pecco-to
698 5843 819 5920 quidem,
850 5847 946 5916 lnquit,
966 5849 1031 5918 quia
1057 5861 1113 5904 nou
1142 5845 1313 5904 crediderunt
1341 5847 1369 5900 iu
1398 5849 1524 5900 ruallus

490 5945 491 5948 ’
565 5937 644 5994 enim
657 5947 806 6008 peccatum,
821 5939 897 6006 quasi
909 5941 993 5992 solnm
1014 5939 1060 6004 sit,
1080 5935 1144 6004 prae
1162 5935 1255 5990 ceteris
1273 5935 1373 6002 posuit}
1393 5937 1524 6002 quiahoc
1548 5941 1549 5972 ἓ

563 6037 696 6096 manente,
716 6035 800 6084 cetera
819 6027 981 6090 detinentnr;
1001 6033 1026 6080 et
1043 6029 1095 6080 hoc
1112 6025 1278 6088 discedente,
1291 6029 1377 6078 cetera
1391 6023 1524 6076 remittun-

566 6125 615 6174 tur.
635 6119 686 6174 Cir.
707 6131 785 6184 surpra
803 6131 866 6182 pag.
887 6117 947 6182 loa,
967 6119 1027 6168 nota
1046 6115 1073 6166 2.

637 6207 755 6262 5ῖῖῖοεεθ
776 6203 917 6260 ordinaria
946 6203 986 6272 (ex
1013 6207 1132 6268 August,
1151 6203 1185 6254 in
1212 6205 1281 6254 toan.
1307 6203 1408 6266 Erang.
1427 6205 1460 6254 tr.
1477 6201 1521 6254 95.

566 6291 594 6350 n.
611 6299 648 6368 2.)
667 6299 696 6350 ia
708 6301 776 6352 loan.
790 6295 839 6358 lc,
852 6295 881 6346 8:
896 6293 927 6350 Et
941 6293 972 6346 de
983 6291 1101 6356 iustitia,
1116 6305 1167 6344 non
1182 6293 1216 6344 de
1228 6305 1292 6356 saa,
1304 6289 1351 6344 sed
1371 6291 1404 6344 de
1417 6287 1524 6342 creden-

567 6387 630 6440 tium
647 6385 738 6438 iustitia
753 6385 869 6436 mandas
890 6379 1150 6448 argaitum-quornm
1161 6379 1524 6446 comparatione‘damnatum

567 6473 639 6526 trude
657 6487 710 6526 non
727 6473 774 6526 ait:
792 6473 849 6524 lion
868 6469 970 6538 ridebit
983 6465 1031 6524 ¹me
1050 6469 1179 6534 arandus,
1199 6469 1245 6524 sed
1265 6469 1328 6524 Non
1344 6463 1463 6522 videbitis
1481 6477 1524 6518 ute
1546 6539 1547 6542 Ἴ

568 6563 606 6628 tro.
629 6561 691 6632 ta.],
710 6575 759 6614 vos
777 6561 918 6626 Apostoli...
940 6563 981 6614 Est
1001 6573 1065 6614 vera
1083 6557 1176 6612 institia
1192 6559 1306 6612 credere
1325 6557 1398 6624 quod
1416 6569 1469 6606 non
1487 6553 1524 6604 vi·

567 6651 669 6716 detur...
692 6651 782 6704 iustus
799 6663 837 6702 ea
852 6647 905 6718 fida
921 6645 988 6702 vicit
1006 6647 1093 6716 (Rom.
1116 6647 1222 6716 l‚l7.).
1238 6647 1327 6698 Glossa
1340 6639 1523 6698 interlinearis

568 6737 593 6788 in
612 6739 679 6790 loen.
702 6741 747 6802 lb,
769 6739 796 6790 8:
815 6739 852 6792 De
867 6741 993 6806 peccato,
1014 6737 1086 6806 quod
1104 6737 1185 6788 babet
1203 6735 1334 6800 mundae,
1351 6735 1379 6788 et
1401 6731 1434 6786 dc
1451 6729 1523 6784 iusti·

568 6823 618 6888 tia,
640 6839 720 6890 quam
737 6839 789 6878 non
808 6827 942 6888 imitatur,
957 6829 981 6878 al
1000 6825 1031 6878 de
1048 6821 1161 6890 iudrhia,
1183 6819 1257 6890 quod
1276 6837 1333 6874 oon.
1346 6821 1430 6874 timet.

639 6909 651 6940 ⁶
668 6913 715 6966 Ed.
733 6927 794 6964 curn
815 6915 930 6964 Gorrano
951 6915 1081 6978 integrum
1099 6919 1199 6968 tentum
1216 6913 1289 6964 alleri
1308 6913 1332 6966 et
1343 6911 1400 6964 iarn
1418 6923 1473 6964 aon
1485 6903 1524 6962 ci·

1262 599 1455 668 acnuam.
1478 599 1761 692 1uroluuauc.
1784 601 1860 668 nrt.

1591 785 1713 864 urguet
1734 777 1898 844 rauuduru
1922 779 1960 844 dc
1979 785 2114 864 peccato
2135 787 2166 846 et
2180 779 2218 846 de
2243 779 2372 846 iustitio
2393 785 2424 844 et
2443 779 2483 844 de
2499 781 2550 846 iu-

1590 881 1750 950 diciadt
1770 883 1837 968 ipse
1862 883 2003 950 Salvator
2025 885 2175 970 exponit:
2225 893 2228 898 “

1684 989 1732 1054 lb.
1759 989 1860 1074 (Vens.
1886 989 1940 1070 a).
1967 989 2011 1056 De
2037 997 2173 1076 peccato
2200 989 2348 1078 quidem,
2377 991 2457 1078 quia
2483 1009 2550 1056 nau

1589 1093 1802 1168 crediderunt
1824 1091 1860 1160 in
1883 1113 1952 1182 ute5
1976 1101 2007 1162 et
2037 1097 2097 1162 hoc
2121 1102 2168 1162 θεῖ
2187 1103 2361 1182 peccatam
2380 1083 2550 1162 winfidelita-

1586 1199 1648 1280 tis,
1672 1199 1710 1268 de
1728 1199 1797 1286 ‘qao
1821 1209 1918 1286 supra
1940 1203 2092 1268 notator:
2124 1205 2216 1270 «Vos
2241 1203 2271 1268 ia
2296 1209 2424 1288 peccato
2443 1209 2566 1270 vestro

1588 1303 1779 1384 moriemini;
1806 1305 1830 1372 si
1854 1305 1938 1382 enim
1959 1325 2020 1374 non
2047 1307 2257 1388 credideritis,
2282 1307 2359 1394 qaia
2380 1325 2438 1394 ego
2460 1325 2548 1388 sum,

1589 1409 1771 1478 moriemini·
1786 1409 1820 1476 ‘in
1843 1415 1971 1496 peccato
1995 1420 2100 1482 restro
2117 1441 2145 1480 t.
2460 1417 2464 1424 ‘

1685 1517 1734 1584 la.
1751 1517 1850 1602 (Vens.
1868 1519 1943 1602 lb).
1956 1519 2144 1588 Deiustitiu
2156 1541 2245 1604 uero,
2257 1519 2338 1610 quiu
2351 1519 2397 1586 ad
2413 1521 2550 1586 Patrear

1588 1623 1696 1702 uada,
1713 1629 1749 1688 'et
1771 1621 1842 1688 iarn
1865 1643 1933 1690 nan
1952 1625 2105 1694 uidebitis
2126 1629 2327 1708 utetGlossa
2339 1627 2375 1694 ⁵:
2396 1651 2413 1684 o
2429 1625 2550 1694 Nande

1589 1727 1728 1808 iustitia,
1760 1747 1855 1814 quam
1878 1729 2025 1810 iecerint,
2052 1733 2107 1798 sed
2129 1751 2226 1820 quarn
2248 1735 2362 1802 nolunt
2383 1733 2547 1800 imitari».

1588 1835 1627 1900 Εῖ
1649 1833 1726 1900 haec
1751 1839 1800 1900 est
1820 1835 1941 1902 iustitia
1961 1835 2057 1916 fidei,
2076 1855 2159 1922 qnae
2186 1837 2286 1906 credit
2308 1837 2392 1922 quod
2417 1857 2480 1906 non
2502 1839 2550 1904 ri-

1588 1937 1662 2018 det;
1687 1937 1756 2006 ideo
1778 1939 1875 2008 dicit:
1901 1941 1991 2024 Quia
2020 1943 2067 2010 ud
2098 1943 2237 2010 Patrono
2264 1943 2378 2008 oudo6¹
2409 1949 2490 2024 eto.;
2517 1949 2550 2010 et

1589 2051 1666 2114 tunc
1679 2045 1816 2128 traditio,
1828 2047 1904 2132 qnia
1923 2047 2027 2116 «fides
2044 2053 2090 2116 est
2106 2047 2280 2116 substantia
2296 2065 2404 2114 rerum
2420 2065 2550 2132 sperau-

1554 2159 1555 2162 ’
1587 2153 1700 2220 darum
1716 2177 1734 2210 θ
1753 2159 1827 2234 θῖθ.,
1853 2153 1890 2222 θεῖ
1915 2155 2069 2222 Hebraeos
2092 2153 2268 2222 undecimo.
2288 2153 2322 2218 at
2338 2153 2417 2222 haec
2431 2159 2479 2222 est
2498 2153 2547 2222 iu·
2598 2149 2599 2152 ’

1587 2261 1690 2342 εῖῖῖῖθ,
1715 2261 1833 2330 εθῖῖῖθθῖ
1856 2261 1945 2344 ndei,
1970 2281 2027 2348 per
2058 2279 2154 2348 quam
2183 2261 2288 2330 iustas
2315 2261 2478 2342 salrator;
2507 2261 2548 2328 ad

1588 2369 1744 2436 Romanos
1766 2369 1881 2438 tertio:
1913 2369 2163 2450 «Arbitramar,
2192 2367 2355 2438 hominem
2382 2367 2547 2434 iustificari

1586 2473 1760 2558 perfidem
1787 2475 1854 2542 sine
1876 2475 2025 2560 operibus
2051 2477 2136 2562 begis
2154 2503 2184 2556 u,
2300 2555 2304 2562 Ι

1681 2579 1731 2642 l7.
1748 2579 1851 2662 (Vers
1871 2581 1944 2666 l-l.).
1966 2583 2010 2648 De
2022 2581 2147 2650 iudicio
2159 2603 2235 2650 uero
2246 2583 2280 2662 l,
2297 2583 2376 2672 quia
2389 2579 2547 2668 princeps

1587 2679 1689 2748 buirus
1712 2675 1833 2750 mandi
1855 2685 1925 2750 ianr
1947 2685 2119 2752 iudicatus
2141 2695 2208 2764 est,·
2232 2705 2328 2772 supra
2345 2687 2545 2754 duodecimo:

1593 2787 1711 2852 «Nunc
1736 2787 1885 2854 indicium
1918 2795 1965 2858 est
1994 2789 2125 2872 mundi;
2158 2811 2241 2860 nunc
2273 2793 2419 2876 princeps
2449 2793 2547 2858 huius

1585 2893 1695 2960 mandi
1719 2893 1863 2962 elicietur
1883 2893 1969 2962 iores
1985 2921 2013 2960 n.

1618 3061 1620 3064 .
1678 2999 1728 3066 l8.
1752 2999 1982 3068 Potesttamen
2012 3001 2105 3069 aliter
2135 3003 2262 3088 exponi.
2288 3005 2437 3090 Arguere
2462 3003 2544 3070 enirn
2564 3021 2713 3082 arraexposn.

1585 3103 1769 3184 mundrein,
1794 3105 1854 3174 hoc
1875 3113 1924 3174 est
1945 3107 2146 3176 manifestare
2168 3107 2302 3188 mando,
2319 3107 2492 3176 secandum
2509 3109 2546 3178 il·
2602 3077 2653 3174 ,Μ’

1586 3211 1641 3278 lnd
1667 3211 1703 3278 ad
1738 3213 1884 3296 Ephesios
1917 3215 2074 3300 quinto⁵z
2105 3241 2120 3274 ε
2136 3217 2224 3302 Quae
2244 3223 2425 3302 arguuntur
2448 3235 2468 3284 θ
2495 3215 2545 3284 la-

1586 3317 1671 3388 mine
1701 3317 1941 3386 manifestantur
1958 3347 1989 3386 ».
2013 3321 2071 3388 Per
2095 3321 2263 3390 adrentum
2288 3315 2423 3404 Spiritus
2447 3323 2545 3390 sancti
2564 3337 2712 3384 rerumne.

1588 3423 1648 3490 tria
1670 3423 1866 3492 manifestata
1889 3431 1964 3494 sunl
1985 3425 2124 3494 mundo:
2147 3433 2339 3512 peecatum,
2362 3427 2490 3494 iustitia
2516 3437 2563 3510 et
2591 3395 2680 3436 mm*

1580 3531 1776 3598 iudicium:
1800 3537 1965 3616 peccatam
1994 3533 2132 3612 mundi,
2157 3533 2276 3601 iustitia
2300 3533 2440 3614 Christi,
2465 3533 2545 3602 iudi-

1587 3627 1672 3704 cium
1694 3635 1828 3704 diaboli.
1854 3637 1890 3704 Et
1914 3637 1992 3705 ratio
2018 3639 2132 3706 horum
2160 3639 2254 3706 trium
2278 3645 2344 3706 est:
2365 3641 2440 3726 qnia
2456 3641 2544 3708 Chri-

1587 3751 1656 3812 stus
1678 3743 1864 3830 redemptor
1888 3749 1957 3812 erat
1985 3743 2112 3824 mundi,
2145 3745 2287 3814 diabolus
2317 3747 2483 3834 deceptor,
2515 3755 2544 3816 et

1586 3849 1726 3918 mundus
1746 3851 1955 3918 detinebatur
1977 3871 1999 3918 u
2024 3851 2153 3920 atototo
2172 3858 2301 3939 propter
2318 3859 2480 3938 peccatum
2497 3853 2544 3920 in-

1586 3955 1766 4036 fidelitatis;
1790 3955 1829 4032 ad
1847 3957 1994 4046 Ephesios
2010 3967 2101 4026 sexto
2112 3957 2145 4024 ⁹:
2165 3983 2181 4016 r
2198 3959 2353 4026 Adversus
2368 3961 2478 4028 mundi
2494 3979 2544 4028 re-

1587 4067 1688 4130 ctores
1706 4063 1909 4130 tenebrarum
1925 4063 2041 4130 haram
2055 4089 2088 4130 o.
2101 4103 2145 4114 —
2159 4065 2194 4130 Et
2210 4065 2246 4132 de
2264 4065 2323 4130 hoc
2332 4073 2465 4150 peccato
2477 4067 2543 4154 Spi-
2562 4081 2674 4144 remago

1587 4169 1668 4236 ritus
1691 4175 1818 4236 sanctus
1836 4169 1953 4256 arguit
1968 4169 2152 4238 inundant:
2166 4171 2241 4238 dum
2260 4171 2395 4238 ostendit
2409 4171 2437 4238 ei
2455 4191 2541 4240 suam
2581 4135 2661 4178 munm'

1586 4273 1830 4358 infidelitatem,
1853 4273 1960 4358 arguit
1981 4274 2021 4342 de
2043 4283 2178 4360 peccato.
2212 4277 2247 4342 at
2278 4277 2352 4342 huic
2377 4277 2543 4346 concordat

1586 4379 1689 4448 littera
1714 4379 1842 4448 dicens:
1865 4381 1912 4448 De
1930 4389 2084 4466 peccato,
2099 4383 2180 4470 quia
2196 4403 2263 4448 uou
2282 4383 2494 4450 crediderunt
2507 4385 2540 4450 ¹⁰.

1676 4483 1830 4554 Christus
1852 4503 1926 4552 aero
1958 4487 2111 4552 mnndum
2144 4487 2275 4556 redemit
2304 4507 2371 4556 suu
2402 4489 2541 4556 iustitio.
2562 4505 2687 4550 cnrrsnru·

1587 4593 1666 4678 Quia
1688 4591 1772 4660 enim
1801 4593 1907 4660 iustus
1932 4593 1992 4660 luit
2015 4599 2045 4662 θῖ
2069 4593 2132 4680 pati
2156 4613 2219 4662 non
2241 4595 2376 4676 meruit,
2399 4597 2542 4682 patiendo
2588 4563 2654 4604 Μ’

1586 5051 1677 5108 dabitis
1697 5067 1753 5120 ruo,
1774 5053 1866 5106 omittit
1880 5059 1966 5106 tamen
1979 5051 2071 5116 rerba,
2084 5067 2152 5120 quae
2163 5057 2325 5120 sequuntur:
2342 5055 2369 5106 et
2386 5055 2451 5108 tuuc
2468 5051 2541 5120 [per-

1586 5141 1670 5198 multi
1687 5141 1766 5196 oodd.
1787 5143 1891 5208 tamen]
1917 5141 2034 5196 creditis.
2057 5171 2091 5182 —
2110 5143 2263 5208 Sequuntur
2288 5139 2369 5192 llebr.
2393 5141 2441 5204 ll,
2472 5141 2493 5192 l.
2517 5147 2541 5194 el

1586 5233 1661 5288 Rom.
1680 5231 1715 5294 3,
1729 5231 1779 5294 28,
1796 5231 1822 5282 in
1841 5231 1914 5282 cuias
1933 5231 1984 5282 llne
2004 5245 2056 5282 non
2076 5229 2153 5296 pauci
2171 5231 2250 5282 codd.
2274 5229 2396 5282 omittunt
2414 5227 2501 5298 Legis.

1657 5315 1666 5348 ¹
1688 5321 1797 5384 Vulgata
1817 5321 1916 5374 arateru.
1934 5345 1970 5360 ·-
1989 5317 2107 5372 Subinde
2126 5321 2253 5384 allegatur
2272 5321 2340 5372 loaa.
2361 5321 2406 5382 lt,
2428 5321 2468 5372 31.

1656 5401 1667 5432 ⁸
1689 5407 1762 5458 llers.
1782 5405 1826 5458 l3.

1657 5489 1668 5522 ⁹
1688 5495 1764 5548 Vers.
1783 5495 1826 5546 la.

1658 5577 1680 5610 ²⁰
1700 5581 1819 5646 August,
1838 5585 1923 5634 Serm.
1943 5581 2003 5636 ull.
2022 5583 2094 5650 (alios
2113 5583 2156 5634 dl.
2174 5583 2208 5636 de
2228 5579 2322 5634 Verbis
2339 5581 2453 5648 Domini)
2473 5597 2497 5636 c.
2516 5585 2539 5634 S.

1549 5727 1550 5730 χ
1587 5685 1610 5722 u.
1632 5673 1659 5724 3:
1682 5689 1696 5716 a
1709 5671 1737 5722 Et
1758 5671 1843 5736 primo
1862 5671 2042 5738 quaerendam
2063 5677 2114 5722 est:
2135 5669 2209 5722 side
2234 5675 2340 5734 peccato
2370 5671 2484 5724 mundus
2504 5687 2541 5722 ar·

1588 5759 1691 5826 guitur,
1710 5773 1757 5810 car
1781 5765 1806 5812 et
1830 5759 1863 5814 de
1890 5759 2004 5812 iustitia?
2023 5758 2091 5824 Quid
2110 5759 2178 5811 enim
2200 5759 2232 5810 de
2258 5757 2351 5810 iustitia
2377 5765 2448 5812 recte
2464 5759 2539 5826 argui

1588 5849 1688 5914 possit?
1708 5849 1746 5900 An
1766 5849 1799 5902 de
1827 5853 1935 5914 peccato
1958 5849 2067 5914 quidem
2090 5861 2154 5912 saro,
2174 5849 2208 5900 de
2225 5847 2322 5900 iustitia
2348 5861 2412 5902 vero
2425 5865 2427 5870 ¹
2442 5849 2542 5904 Christi

1588 5939 1704 5992 mundas
1721 5939 1886 6004 orgnitart...
1905 5937 1941 5990 llli
1959 5951 2009 5988 noo
2028 5935 2208 6002 crediderunt,
2228 5939 2283 6002 ipse
2297 5937 2331 5990 ad
2342 5939 2445 5990 Patrem
2457 5939 2540 5992 vadit.

1588 6027 1692 6080 lllornm
1710 6041 1774 6092 ergo
1792 6031 1946 6092 peccatum,
1964 6023 2046 6088 ipsias
2075 6029 2160 6078 autern
2187 6025 2289 6081 iustitia.
2316 6027 2369 6080 Sed
2393 6039 2442 6078 cur
2462 6025 2490 6078 in
2508 6041 2539 6080 eo

1586 6114 1642 6166 solo
1660 6113 1743 6168 voluit
1766 6113 1901 6166 nominare
1927 6113 2066 6176 iustitiam,
2091 6113 2153 6180 qaia
2183 6115 2255 6166 vadit
2271 6113 2306 6164 ad
2324 6113 2444 6166 Patrem?
2471 6115 2538 6168 Nom

1586 6215 1638 6254 aon
1655 6203 1753 6256 institia
1771 6209 1810 6256 est
1829 6203 1920 6264 etiam,
1940 6203 2011 6270 quod
2030 6203 2082 6256 hirc
2100 6203 2172 6256 rreuit
2192 6219 2205 6256 a
2222 6205 2317 6256 Patre?
2335 6203 2375 6254 An
2393 6201 2435 6254 illa
2452 6203 2539 6268 polius

1586 6291 1764 6344 misericordia
1777 6296 1828 6356 est,
1840 6289 1913 6356 quod
1934 6305 1948 6342 a
1966 6291 2040 6344 Patre
2054 6293 2088 6344 ad
2099 6307 2148 6346 nos
2165 6293 2251 6356 venit,
2267 6291 2364 6344 iustitia
2378 6305 2452 6358 rero,
2465 6293 2539 6358 qaod

1587 6377 1620 6430 ad
1648 6381 1750 6434 Patrem
1777 6377 1892 6430 reditu?
1909 6377 2027 6432 Subinde
2056 6395 2079 6432 u.
2109 6383 2135 6444 3,
2162 6379 2281 6432 adductis
2310 6379 2397 6432 verbis
2423 6381 2538 6446 Apostoli
2640 6407 2641 6410 ¹

1586 6467 1650 6518 Phil.
1669 6467 1701 6530 2,
1719 6467 1779 6518 3-8:
1800 6463 1875 6518 Nihil
1889 6479 1941 6534 per
1958 6467 2178 6522 contentionem...
2197 6467 2285 6536 suctus
2315 6465 2436 6522 obruens
2453 6481 2539 6536 usque

1583 6555 1623 6608 ad
1640 6559 1768 6624 mortem,
1781 6557 1896 6610 mortem
1907 6559 1999 6610 autera
2011 6555 2115 6622 eruco,
2136 6555 2185 6608 aits
2198 6557 2267 6608 Haec
2280 6562 2319 6609 est
2344 6557 2538 6620 misericordia,

1586 6659 1639 6710 qua
1657 6647 1728 6700 venit
1748 6663 1763 6698 a
1780 6647 1864 6698 Patre.
1883 6647 1954 6712 Quae
1982 6647 2062 6712 igitur
2088 6647 2184 6700 iustitia
2207 6653 2261 6710 est,
2279 6661 2332 6714 quo
2352 6647 2426 6700 vadit
2442 6647 2477 6700 ad
2495 6647 2538 6698 Pa-

1586 6735 1672 6784 trem?
1693 6733 1815 6800 Sequitur
1832 6739 1859 6786 et
1877 6733 1940 6788 dicit
1957 6731 1998 6802 [v.
2017 6731 2115 6802 e·tl.]:
2127 6735 2241 6806 Propter
2259 6733 2331 6802 quod
2342 6735 2450 6788 ellicus
2462 6731 2539 6788 caat-

1586 6817 1652 6872 tuoit
1677 6819 1781 6876 illurn...
1807 6821 1834 6876 ia
1860 6819 1950 6892 picria
1973 6827 2012 6876 est
2036 6821 2084 6878 Dei
2101 6821 2200 6878 Patris.
2219 6825 2288 6876 llaec
2306 6825 2345 6874 est
2364 6821 2538 6888 iustitiaque

1586 6907 1659 6960 vadit
1678 6909 1712 6962 ad
1731 6911 1841 6962 Patrem.
