5908 8266
1127 553 1317 622 contuitur.
1343 553 1379 622 ΙΝ
1403 553 1671 626 Etctdstlsrtrt
1692 559 1725 626 C.
1750 559 1798 626 lX.
2409 569 2451 632 77

568 737 594 802 1.
621 735 699 820 Quia
733 751 814 821 quae
848 729 996 800 eveniunt
1030 729 1202 796 secundum
1235 731 1429 814 propositum

475 863 537 910 non
569 841 717 910 eveniunt
749 851 839 916 casm
872 835 927 902 sed
944 835 1050 900 multa
1068 835 1157 900 dunt
1181 853 1222 902 ex
1251 835 1428 920 proposito:

474 967 551 1034 ergo
572 967 635 1014 333
658 945 763 1012 33333
786 959 870 1010 3333.

564 1057 594 1122 2.
620 1055 782 1120 Praeterea
806 1045 941 1122 videtur,
963 1045 1049 1132 quod
1070 1045 1103 1110 in
1131 1045 1228 1112 nullis
1250 1045 1290 1112 sit
1319 1063 1430 1126 33333,

473 1159 566 1246 quia,
582 1165 619 1226 nt
633 1157 706 1222 dicit
731 1155 815 1220 Plato
827 1153 851 1230 ¹,
872 1175 888 1208 «
904 1149 982 1216 nihil
998 1155 1047 1216 est
1061 1157 1186 1234 praeter
1208 1151 1343 1234 primam
1357 1151 1430 1216 cau-

473 1283 555 1344 sam,
578 1263 798 1330 3313333333
821 1255 958 1342 legitima
983 1273 1076 1324 causa
1100 1273 1161 1322 non
1177 1255 1429 1342 praecesseras:

473 1389 549 1454 ergo
565 1367 738 1434 secundnm
752 1365 813 1432 hoc
827 1363 957 1430 nihildt
945 1369 1068 1440 tonsu,
1094 1363 1145 1428 sed
1170 1361 1272 1428 omnia
1295 1381 1313 1426 a
1336 1381 1431 1428 causa

472 1471 678 1540 determinata
696 1469 894 1556 proveniunt.

563 1579 591 1646 3
618 1577 711 1656 ltem,
748 1577 780 1642 in
815 1575 897 1642 omni
923 1573 1103 1660 operatione
1134 1573 1220 1640 Deus
1253 1579 1301 1640 est
1334 1591 1429 1658 agens

473 1683 730 1770 principaliter²3
754 1683 808 1750 sed
830 1681 985 1768 quidquid
1006 1681 1092 1746 Dens
1115 1681 1177 1764 agit
1199 1679 1428 1762 principaliter,

473 1791 537 1876 agit
560 1797 589 1858 et
614 1789 747 1858 scienter
767 1773 802 1854 ¹et
817 1807 860 1854 ex
875 1781 1053 1872 proposito,
1068 1791 1101 1852 et
1115 1785 1192 1852 nihil
1208 1785 1269 1852 tale
1287 1785 1321 1850 dt
1337 1801 1428 1850 casu:

472 1917 547 1984 ergo
569 1899 646 1966 nihil
671 1897 798 1966 omnino
818 1915 894 1964 casu
918 1895 962 1960 m.

561 2005 758 2090 Respondeo:
794 2003 978 2076 dicendum,
1001 1999 1085 2084 quod
1109 2017 1209 2064 333333
1235 2003 1266 2064 et
1289 1993 1428 2084 fortuna

386 2105 761 2196 1338133333333333333
785 2107 974 2186 accidenti,
998 2123 1059 2170 non
1083 2103 1158 2188 quia
1181 2103 1258 2170 aliae
1283 2119 1428 2170 causaea

470 2217 572 2284 causis
582 2237 645 2304 per
669 2237 716 2296 33,
734 2215 788 2284 333
810 2213 899 2298 quia,
915 2209 1041 2298 quando
1063 2215 1178 2276 natura
1196 2209 1427 2276 etintellectus

470 2323 587 2410 aliquid
612 2323 747 2400 1333333,
770 2319 810 2386 33
832 2317 917 2404 quod
932 2317 1050 2382 directe
1072 2315 1270 2392 3333333333,
1295 2315 1354 2380 hoc
1369 2331 1426 2398 per

470 2449 503 2498 so
525 2431 658 2506 faciunt,
683 2433 714 2494 et
736 2431 862 2492 nonest
883 2423 926 2490 ibi
943 2439 1052 2500 casus;
1076 2419 1294 2506 quandovero
1316 2437 1358 2486 ex
1373 2437 1426 2486 eo

470 2555 542 2602 rum
565 2535 744 2620 operatione
767 2531 885 2616 aliquid
908 2527 1025 2608 evenit,
1049 2527 1087 2594 33
1115 2527 1199 2614 quod
1223 2527 1341 2592 directe
1363 2545 1424 2590 333

469 2641 674 2720 ordinantur,
695 2645 825 2724 propter
859 2653 1048 2704 concursum
1070 2635 1201 2700 alterius
1226 2649 1351 2710 causam
1382 2631 1425 2698 ibi

468 2755 516 2818 est
539 2767 646 2828 casum
673 2753 708 2814 ut
731 2751 816 2830 patet
838 2745 876 2812 33
899 2743 1061 2810 creditore
1079 2741 1206 2806 inuento
1234 2739 1264 2806 in
1296 2737 1365 2804 loro
1395 2743 1425 2804 et

300 2843 453 2952 ,ἓῗιᾞξῇᾎζᾞ
468 2857 569 2944 lapide
593 2857 720 2922 cadente
737 2869 831 2938 super
857 2857 959 2936 ceput.
977 2847 1053 2914 Dico
1073 2865 1167 2932 ergo,
1190 2845 1314 2932 quodsi
1333 2863 1425 2912 3333-

299 2961 396 2994 33333
470 2971 519 3030 133
545 2979 653 3030 33333
677 2967 899 3044 comparentur
923 2955 961 3022 33
986 2973 1125 3022 canaam
1145 2953 1311 3040 primam,
1344 2969 1425 3036 quae

468 3071 552 3136 Deus
574 3075 638 3148 est;
664 3085 735 3160 3333
758 3065 844 3132 Deus
869 3061 975 3130 omnia
996 3059 1192 3146 praevideat,
1218 3057 1296 3124 nihil
1310 3063 1359 3124 cst
1373 3073 1425 3122 ca-

467 3179 555 3262 suale
576 3173 750 3244 secundum
764 3171 887 3238 divinae
903 3165 1125 3256 praescientiae
1141 3163 1376 3232 ordinationem.
1394 3161 1423 3228 Si

467 3285 570 3348 autem
596 3277 756 3364 loquimur
780 3293 837 3360 per
861 3273 1121 3358 comparationem
1137 3271 1177 3338 ad
1193 3289 1316 3336 333333
1332 3287 1424 3334 erea-

467 3397 537 3464 tas,
554 3392 609 3452 aut
623 3385 706 3452 circa
722 3379 960 3460 immutabiles,
975 3379 1055 3446 sicut
1070 3383 1118 3444 est
1133 3379 1218 3444 circa
1234 3381 1355 3442 motum
1370 3391 1423 3442 su-

467 3493 628 3578 periorum
652 3505 839 3574 corporum,
863 3493 918 3552 aut
940 3487 1024 3550 circa
1039 3483 1229 3562 3333363133,
1251 3481 1334 3548 sicut
1350 3485 1424 3548 sunt

467 3613 578 3664 causae
602 3593 784 3672 interiores,
807 3609 887 3676 quae
905 3597 978 3658 sunt
993 3589 1053 3654 sub
1069 3589 1151 3668 sole;
1175 3589 1207 3654 in
1223 3587 1424 3672 dispositione

465 3719 632 3772 cansarum
656 3699 789 3766 istarum
808 3695 1019 3764 3333363333
1043 3693 1098 3760 vix
1118 3701 1179 3772 est,
1197 3693 1273 3778 quin
1290 3709 1422 3758 concur-

464 3815 513 3876 rat
536 3807 649 3892 aliquis
672 3805 760 3872 311333
749 3811 801 3870 tus
826 3823 887 3868 non
920 3801 1077 3878 intentus,
1102 3799 1196 3888 immo
1220 3805 1344 3884 praeter
1373 3797 1422 3862 in-

467 3921 531 3982 tent
533 3915 692 3994 13333;3
676 3911 795 3980 etideo
817 3907 978 3976 inuenitur
1000 3925 1093 3972 casus
1115 3905 1148 3972 in
1171 3903 1335 3982 omniane,
1358 3921 1420 3970 non

464 4021 548 4108 quod
571 4019 676 4086 omnia
698 4037 774 4084 casu
808 4015 970 4094 eveniant,
939 4013 1049 4080 3333
1081 4011 1157 4096 quia
1179 4011 1262 4078 circa
1296 4027 1419 4076 omnem

464 4127 645 4194 mutabilem
669 4131 847 4192 creaturam
869 4119 987 4206 aliquid
1011 4119 1114 4186 evenit
1138 4119 1272 4186 casuale.
1324 4195 1325 4198 Ἴ

553 4233 581 4300 3.
608 4231 695 4316 Quod
725 4231 870 4298 obiicitur
901 4227 938 4294 de
970 4225 1074 4294 divina
1104 4223 1326 4310 praescientia,
1358 4223 1420 4288 iam

296 4325 447 4382 3333333333·
464 4345 557 4425 patet
581 4339 647 4406 Non
680 4337 761 4404 enim
791 4335 906 4402 dicitur
936 4351 1029 4400 casus
1056 4331 1089 4396 in
1118 4329 1350 4414 comparatione
1381 4327 1420 4394 33

463 4447 599 4514 divinem
623 4443 870 4530 praescientiam.

488 4563 489 4566 ’
552 4555 581 4618 2,
608 4551 695 4634 Quod
719 4549 865 4618 obiicitur
888 4545 1041 4624 secundo,
1062 4545 1149 4630 quod
1168 4543 1273 4610 omnia
1303 4543 1419 4610 13313333

463 4657 819 4738 queamdmodum,
848 4653 932 4738 quod
963 4669 1074 4720 rerum
1106 4657 1167 4732 est,
1199 4651 1284 4738 qnod
1313 4649 1419 4716 omnia

463 4769 578 4836 13313333
603 4759 768 4852 legitimam
793 4769 936 4840 causam,
961 4759 1081 4826 scilicet
1100 4765 1279 4836 33333333,
1295 4757 1345 4822 331
1367 4755 1419 4822 33-

464 4875 620 4942 tclleetam
633 4877 665 4950 4,·
687 4871 741 4938 sed
762 4878 867 4936 tamen
883 4885 939 4952 per
964 4867 1023 4932 1333
1040 4885 1101 4930 333
1124 4863 1317 4942 excluditur,
1341 4861 1418 4948 quin

462 4979 579 5064 aliquid
610 4975 729 5062 possint
757 4975 861 5042 lacere
890 4973 939 5038 vel
956 4971 1084 5038 ‘iaciant
1101 4973 1238 5054 praeter
1261 4969 1418 5048 ordinem,

461 5087 525 5152 Deo
548 5089 689 5166 excepto.
1365 5101 1367 5104 -

551 5189 583 5254 ll.
612 5185 783 5272 Quaeritur
812 5185 851 5250 de
873 5185 933 5250 hoc
957 5183 1041 5268 quod
1068 5181 1161 5248 dicit.
1191 5181 1285 5248 Siout
1274 5181 1418 5266 tpicoec

460 5297 723 5384 3333333333
667 5289 734 5358 dan
734 5307 786 5368 t;o
801 5297 912 5356 utrum
935 5287 1172 5372 comprehensio
1187 5287 1320 5372 piscium
1345 5287 1417 5352 sita

460 5421 597 5484 aasu‚v
577 5401 626 5468 vel
650 5419 722 5466 non.
732 5395 836 5482 Quod
859 5395 921 5474 sio,
944 5395 1092 5460 videtur:

531 5801 539 5832 ¹
559 5805 587 5856 ln
607 5803 729 5854 Timaeo:
747 5801 831 5854 Omne
850 5805 949 5866 33133,
963 5797 1034 5866 quod
1047 5795 1164 5862 gignitur
1175 5811 1208 5850 ex
1220 5797 1304 5864 aliqua
1324 5809 1415 5862 33333,

460 5893 606 5946 3333333313
624 5891 753 5956 gignitum
773 5891 834 5944 311311
857 5889 924 5942 euim
952 5887 1198 5952 mantuanorum
1224 5901 1275 5940 non
1299 5887 1414 5952 legitima

458 5995 536 6034 causa
555 5981 664 6032 3333313
687 5981 828 6044 praecedet
853 5977 975 6048 (11313333
999 5977 1137 6040 Τ133333,
1157 5977 1293 6042 interprete
1316 5975 1415 6030 Chalci-

458 6069 502 6122 dio
522 6075 586 6132 eta,
605 6069 647 6120 ed.
665 6071 708 6122 Dr.
729 6073 782 6122 1313.
800 6067 917 6130 13331331,
935 6067 1038 6132 Lipsiae
1057 6067 1141 6134 1876,
1160 6079 1221 6132 pag.
1240 6067 1283 6120 23,
1301 6063 1353 6118 Cir.
1371 6067 1414 6118 ed.

459 6157 560 6210 Serrani
579 6163 643 6210 tom.
661 6159 697 6208 111.
717 6173 780 6224 pag.
797 6159 852 6226 28),

487 6247 488 6254 ’
529 6241 610 6298 3613.
629 6245 658 6296 11.
676 6245 743 6296 Sanc.
764 6247 791 6298 d.
808 6245 852 6298 37.
874 6246 942 6298 3,1.
968 6245 1091 6310 q.t-
1085 6241 1290 6308 Dominari,
1309 6243 1412 6310 inqua

459 6333 517 6386 Vel.
536 6337 561 6382 et
578 6331 668 6396 plures
694 6331 772 6382 codd.
801 6333 868 6384 3313
897 6337 1069 6396 transponunt
1094 6329 1296 6400 principaliter
1294 6327 1366 6382 3333
1389 6333 1413 6384 31

457 6419 584 6482 scienter,
604 6417 746 6470 sidetem.
766 6421 863 6484 lpag
874 6421 948 6484 666,
968 6421 1072 6472 notai.
1092 6423 1116 6470 31
1136 6433 1197 6484 pag.
1216 6417 1283 6484 713,
1307 6419 1412 6470 notas.

529 6505 625 6560 ³Vide
646 6505 762 6568 31313133,
782 6508 807 6558 ll.
827 6509 905 6572 Plus
922 6513 984 6560 text.
1003 6509 1046 6560 33.
1063 6521 1137 6572 seqq.
1158 6505 1231 6574 (al
1235 6545 1240 6556 .
1266 6509 1347 6574 seq),
1365 6507 1410 6560 ubi

458 6597 536 6652 etiam
554 6595 609 6648 dno
632 6595 750 6658 exempla
776 6595 882 6646 interius
901 6595 984 6660 posita
1003 6595 1169 6658 exhibentur,
1188 6601 1215 6646 et
1232 6595 1281 6646 Xl.
1299 6597 1411 6660 ttetapn

457 6699 480 6738 c.
499 6685 531 6738 7.
557 6685 601 6748 (Χ.
625 6697 648 6736 c.
674 6683 775 6750 8).-
738 6683 869 6734 -Paulo
888 6683 993 6736 interius
1019 6683 1131 6736 33333.
1156 6683 1338 6772 supplevimus
1361 6685 1411 6738 1333

455 6787 503 6842 per
521 6787 549 6826 33
565 6771 696 6842 factitat...
714 6783 768 6824 non
788 6769 960 6826 ordinantur.

526 6859 957 6924 431313333,11.1)13γ3,3333,111,
977 6857 1010 6924 (c.
1030 6857 1164 6924 5,)33333
1187 6865 1275 6914 autern
1295 6865 1409 6930 propter

1584 737 1612 800 3.
1636 733 1734 820 Quia,
1764 737 1848 820 quod
1882 739 1940 806 iste
1972 739 2064 826 piscis
2088 739 2185 826 magis
2217 727 2330 808 teniat
2354 749 2448 829 quam
2465 755 2615 812 3333331·

1493 837 1590 916 alius,
1616 841 1675 906 1333
1697 859 1759 906 333
1784 847 1830 908 331
1854 851 1912 928 per
1940 853 1994 912 nat
1997 864 2087 912 uram
2110 865 2167 914 nec
2189 855 2246 980 per
2275 845 2448 914 rationem:

1493 961 1568 1030 ergo
1588 961 1645 1028 per
1666 961 1785 1012 casum.
1925 961 1926 964 ¹

1583 1049 1731 1130 21333,
1762 1053 1955 1138 quodnnirs
1985 1059 2079 1124 homo
2109 1059 2228 1144 capiat,
2198 1059 2343 1126 talter
2370 1079 2448 1138 non,

1493 1155 1637 1222 1333333
1662 1161 1709 1222 est
1739 1175 1797 1240 per
1826 1159 1981 1228 rationem
2003 1170 2151 1244 naturae,
2178 1165 2229 1232 vel
2252 1165 2350 1234 artis:
2373 1183 2449 1252 ergo

1493 1277 1619 1326 33333.
2366 1297 2370 1304 ·

1582 1367 1641 1430 Sao
1665 1383 1803 1432 courna:
1828 1369 1857 1434 Si
1881 1369 1953 1455 quis
1978 1371 2169 1442 intendens
2162 1379 2302 1446 33333333
2333 1397 2448 1446 33333
2462 1387 2504 1432 Pro
2519 1389 2578 1444 narn
2592 1387 2612 1428 ²·

1491 1471 1628 1550 foderet,
1662 1491 1723 1538 non
1745 1479 1827 1540 esset
1859 1477 1991 1542 casns⁵:
2016 1495 2092 1564 ergo
2122 1499 2194 1546 cum
2226 1485 2281 1568 qui
2306 1485 2448 1570 piscatur

1491 1575 1629 1644 intendat
1654 1595 1780 1662 capere,
1802 1597 1865 1646 non
1888 1585 1935 1648 est
1958 1581 2000 1648 ibi
2025 1603 2124 1652 casus.
2175 1615 2177 1618 ·

1580 1685 1779 1770 Respondeo:
1804 1685 1988 1768 dicendum,
2021 1691 2105 1774 qnod
2135 1700 2182 1758 est
2213 1693 2296 1780 loqui
2330 1695 2367 1762 da
2399 1695 2450 1762 cass

1491 1789 1598 1872 ptione
1619 1807 1677 1876 per
1700 1791 1964 1876 comparationem
1987 1795 2028 1862 ad
2048 1795 2227 1882 capientes,
2256 1805 2288 1864 et
2309 1801 2354 1866 sic
2385 1801 2447 1866 non

1491 1901 1693 1976 astaram:
1727 1902 1776 1964 est
1797 1897 1890 1964 etiam
1913 1901 1996 1986 loqui
2029 1919 2085 1986 per
2112 1903 2376 1988 comparationem
2408 1905 2448 1972 ad

1489 1999 1614 2084 333333,
1637 2001 1692 2086 qui
1710 2001 1830 2068 radunt
1852 2003 1890 2068 ad
1907 1995 2049 2086 hamnm3
2074 2013 2106 2074 et
2132 2005 2208 2092 quia
2229 2007 2349 2074 radunt
2375 2027 2448 2092 pro—

1490 2113 1560 2190 pter
1585 2107 1704 2186 cibum,
1728 2113 1759 2174 et
1776 2107 1860 2176 aliud
1875 2111 1995 2190 evenit,
2020 2117 2173 2198 quantum
2196 2113 2235 2180 e'd
2250 2113 2319 2182 illos
2343 2111 2390 2180 est
2406 2113 2447 2182 ibi

1490 2231 1591 2282 casus.
1674 2251 1675 2254 =

1508 2443 1621 2498 Secundo
1640 2443 1787 2500 ostenditur
1804 2443 1920 2500 deiectus
1938 2443 2037 2500 ordinis
2054 2443 2084 2500 in
2102 2445 2226 2516 regimine
2244 2447 2422 2518 providentiae

1742 2531 1771 2586 iu
1790 2531 1911 2606 speciali,
1930 2535 1959 2590 et
1976 2533 2022 2590 loo
2039 2533 2192 2608 tripliciter.

1577 2747 1674 2812 Hane
1696 2767 1822 2836 qttapue
1845 2747 1995 2816 3133333
2020 2749 2085 2816 cole
2099 2749 2307 2836 sapientiam.
2334 2751 2446 2818 Deter-
2464 2759 2553 2806 nouo.

1487 2851 1617 2919 minavit
1640 2871 1737 2938 supra
1751 2851 1908 2920 delectum
1924 2855 2084 2942 regiminis
2105 2857 2319 2940 providentiae
2339 2857 2369 2924 in
2393 2875 2445 2944 ge-

1487 2959 1602 3040 nerali;
1619 2959 1671 3026 laic
1686 2959 1818 3026 intendit
1835 2961 1998 3028 ostendere
2015 2961 2046 3028 in
2061 2963 2211 3048 33333313,
2227 2963 2345 3030 scilicet
2360 2965 2445 3032 circa

1487 3063 1729 3148 praelationem,
1753 3063 1828 3150 quia
1851 3065 2005 3152 sapientes
2028 3073 2284 3148 contemnuntur,
2300 3075 2332 3136 et
2354 3069 2441 3136 stulti

1487 3177 1722 3255 promoventur.
1748 3171 1827 3236 Sunt
1853 3169 1950 3256 igitur
1980 3171 2013 3238 in
2036 3173 2094 3238 hac
2116 3177 2207 3258 parte
2229 3179 2294 3242 tres
2328 3181 2442 3260 partes.
2462 3183 2571 3230 133333·

1487 3277 1520 3342 13
1537 3277 1638 3360 prima
1654 3277 1788 3344 ostendit
1807 3277 1968 3362 sapientia·
1983 3279 2238 3364 depressionem·
2255 3279 2286 3346 in
2306 3281 2444 3348 secunda

1487 3381 1650 3466 subiungit
1664 3381 1810 3466 depressi
1826 3385 2152 3466 commendationem,
2168 3385 2226 3454 ibi:
2244 3389 2286 3454 Et
2297 3385 2443 3454 3333333

1486 3505 1543 3574 epo
1565 3487 1728 3554 meliorem
1746 3493 1824 3568 etc.;
1842 3489 1872 3554 33
1890 3491 1980 3556 333333
1995 3509 2071 3558 vero
2088 3493 2240 3560 subinfert
2261 3493 2352 3558 stulti
2362 3503 2442 3578 pro-

1485 3593 1677 3672 motionem,
1701 3595 1743 3660 iot
1756 3595 1785 3660 ⁶:
1808 3595 1848 3662 st
1860 3597 2002 3682 optritae
2015 3605 2203 3682 potestaten
2219 3595 2366 3664 dedentis
2383 3603 2440 3664 etc.

1574 3699 1740 3784 8333333333
1764 3699 1861 3784 igitur
1884 3703 2048 3786 depressio
2073 3703 2132 3768 hoc
2155 3703 2265 3770 ordine
2291 3703 2441 3772 dosortnt-
2455 3711 2485 3756 ⁰0
2501 3711 2520 3756 t·
2536 3715 2604 3768 aare·

1484 3811 1547 3870 tur.
1580 3805 1682 3870 Primo
1718 3805 1929 3890 praemittitur
1964 3807 2147 3892 sapientiae
2175 3809 2253 3874 1333
2261 3835 2274 3888 ;
2304 3811 2441 3878 3333333

1484 3909 1675 3996 exprimitur
1691 3929 1802 3990 casus,
1820 3907 1851 3976 in
1868 3929 1932 3998 qno
1956 3919 2002 3980 est
2017 3913 2178 4000 potentiue
2201 3913 2361 4002 33333333,
2378 3923 2441 3984 333-

1484 4015 1528 4082 tio
1550 4021 1678 4084 notatur
1701 4015 1884 4102 sapientiae
1910 4031 2112 4106 altecomus,-
2136 4025 2249 4106 quarto
2272 4039 2361 4100 uero,
2386 4021 2441 4088 33-

1479 4123 1586 4208 pienti
1584 4135 1609 4188 3
1572 4141 1683 4188 3333
1685 4129 1770 4208 temp
1772 4129 1835 4188 133.

1573 4227 1776 4314 1333313..)
1799 4231 2014 4298 praemittitur
2036 4249 2111 4318 ergo
2139 4253 2215 4318 sapt
2212 4233 2269 4300 ent
2270 4235 2322 4302 iae
2345 4233 2425 4300 1333
2428 4239 2604 4338 ,Exrgrspplt

1483 4351 1555 4402 cum
1580 4333 1671 4402 dicit:
1695 4335 1792 4402 Hanc
1814 4335 1886 4402 3333
1906 4337 1968 4404 336
1990 4337 2055 4404 cote
2078 4339 2193 4424 capim
2196 4339 2295 4420 tiam,
2321 4339 2364 4406 id
2375 4343 2421 4408 est
2430 4345 2601 4456 ’diligtiis

1481 4441 1514 4508 in
1538 4441 1635 4510 rebus
1658 4441 1826 4522 ntundonis
1848 4461 1905 4528 per
1920 4447 2065 4512 ellectum
2090 4445 2232 4532 cognatu
2250 4455 2280 4514 et
2297 4467 2334 4534 p
2267 4447 2442 4516 36333

1481 4549 1598 4614 333333
1598 4565 1687 4626 3,333
1719 4547 1749 4614 33
1781 4555 1845 4628 333,
1875 4549 2044 4636 approbavi
2075 4555 2104 4618 at
2136 4553 2259 4618 laudavi
2290 4559 2439 4638 tanquam

1481 4671 1623 4738 magnam
1650 4655 1746 4722 33133.
1769 4657 1878 4740 Magna
1899 4657 1980 4722 enim
2006 4657 2156 4742 sapientia
2170 4667 2217 4726 est
2231 4657 2266 4728 in
2287 4661 2439 4728 vincendo

1481 4759 1645 4826 inimicum
1661 4759 1856 4838 interiorem3
1873 4757 1987 4840 33333,
2005 4761 2036 4828 33
2052 4761 2205 4830 vincendo
2226 4763 2445 4850 aequipollen-¹
2511 4849 2512 4852 Ἴ
2579 4829 2580 4832 ,

1482 4871 1562 4946 133;
1579 4865 1731 4944 maxima,
1748 4863 1781 4930 in
1796 4865 1949 4934 vincendo
1971 4867 2193 4950 fortissimum
2217 4869 2300 4936 ande
2323 4869 2438 4938 dicitur
2492 4947 2494 4952 ,
2588 4885 2592 4898 ·

1481 4971 1534 5038 lob
1556 4971 1708 5056 vigesimo
1729 4977 1821 5038 sexto
1788 4971 1906 5040 tide
1925 4993 2047 5042 summe
2076 4975 2229 5060 sapiente:
2261 5005 2276 5036 «
2299 4977 2438 5088 Pruden-

1481 5077 1614 5146 3133333
1637 5079 1793 5164 percussit
1816 5079 2049 5176 superbum»
2361 5097 2362 5100 ¹

1571 5185 1678 5270 (Vers.
1701 5185 1839 5268 1..6)3
1799 5169 1926 5254 33133333
1945 5207 2058 5272 parea
2082 5193 2139 5254 etc.
2159 5191 2291 5258 Notatur
2315 5191 2366 5258 hic
2389 5185 2438 5260 se
2449 5193 2600 5292 Spggpmpgj
2675 5167 2680 5176 ’

1481 5287 1661 5354 cundot
1604 5297 1661 5396 pot
1661 5297 1725 5354 333
1715 5289 1768 5354 333
1782 5287 1903 5374 defeat
1886 5311 1945 5370 33,
1970 5297 2001 5356 33
1988 5292 2082 5360 thoe
2097 5293 2151 5358 ad
2159 5295 2397 5362 resistendum
2389 5315 2436 5362 m·
2467 5301 2544 5344 fretu

1480 5391 1638 5476 surgenti3
1598 5391 1731 5458 33333
1754 5393 1845 5458 dici:
1817 5395 1959 5462 tiCoit
1947 5403 2002 5462 333
2017 5411 2146 5482 parua,
2169 5405 2201 5464 et
2216 5395 2324 5484 panai
2345 5399 2435 5468 inea

1477 5793 1581 5864 alipnid
1592 5801 1617 5848 et
1628 5809 1812 5864 quaecumque
1825 5797 1857 5848 ab
1871 5797 1998 5852 intellectu
2012 5797 2100 5866 utique
2112 5805 2242 5866 aguntur,
2254 5807 2279 5854 33
2290 5815 2430 5870 quaecum·
2453 5811 2454 5816 ’

1477 5899 1530 5952 que
1554 5899 1569 5936 a
1589 5893 1689 5938 natura.
1715 5885 1845 5938 33133,Χ1.
1870 5887 1981 5954 Metapa.
2001 5903 2025 5940 3.
2040 5887 2068 5942 7.
2087 5889 2130 5956 (X.
2150 5903 2173 5942 c.
2192 5891 2243 5956 8.):
2263 5893 2350 5956 ipsum
2369 5905 2433 5944 3333

1477 5973 1593 6028 alicuius
1611 5973 1704 6042 prom
1722 5975 1746 6028 in
1767 5975 1803 6028 eis
1823 5979 1875 6040 331,
1888 5993 1956 6044 quae
1969 5991 1983 6028 3
1997 5983 2089 6030 natura
2102 5983 2147 6032 333
2163 5993 2178 6030 3
2193 5979 2370 6044 3331313333,
2385 5983 2433 6032 lor·

1477 6069 1538 6118 tune
1557 6079 1621 6118 vero
1647 6073 1700 6130 est,
1703 6079 1779 6118 cum
1803 6067 1911 6132 aliquid
1930 6071 2025 6120 133333
2053 6069 2199 6122 secundum
2219 6069 2347 6122 accidens
2375 6071 2432 6132 tiat;

1476 6155 1704 6220 quemadmodum
1730 6155 1800 6206 enim
1829 6159 1854 6206 et
1882 6169 1927 6208 ens
1946 6157 2081 6224 quoddam
2096 6169 2148 6224 per·
2170 6171 2212 6220 33,
2237 6157 2372 6224 quoddam
2396 6171 2433 6210 33-

1476 6241 1596 6296 caudam
1613 6241 1734 6296 accidens
1755 6247 1807 6304 est,
1837 6243 1871 6294 333
1884 6251 1909 6296 31
1934 6259 2012 6298 causa
2030 6243 2085 6298 etc.
2110 6243 2215 6298 Ciuili
2241 6245 2311 6298 Seni.
2337 6243 2363 6296 d.
2389 6245 2436 6298 37,-

1476 6345 1500 6382 3,
1520 6335 1545 6382 2.
1562 6347 1590 6398 q.
1608 6331 1633 6382 2.
2165 6351 2167 6356 ·

1545 6415 1725 6470 3333333333
1750 6421 1852 6484 Beata,
1873 6421 1909 6474 V.
1923 6421 1959 6474 de
1981 6421 2091 6474 Consul.
2108 6421 2236 6486 prosal·
2257 6421 2362 6486 Quoties
2387 6421 2433 6474 oli-

1475 6505 1539 6572 quid
1557 6505 1705 6568 cuiuspiam
1723 6507 1762 6558 rei
1781 6509 1861 6570 gratia
1883 6511 1988 6576 geritur,
2008 6511 2132 6574 aliudque
2148 6507 2431 6574 331133333333333-

1474 6597 1523 6660 313,
1540 6607 1620 6662 qoem
1634 6595 1725 6662 quod'
1719 6609 1743 6646 m
1747 6597 1912 6664 t,endebatur
1930 6597 2055 6664 obtingit,
2069 6609 2148 6652 33333
2150 6595 2283 6664 vocatur,
2297 6603 2326 6650 ut
2338 6597 2359 6650 si
2371 6613 2406 6666 qr
2400 6613 2431 6652 33

1473 6685 1575 6738 colendi
1593 6683 1650 6748 agri
1668 6697 1747 6736 33333
1769 6685 1868 6738 lodieus
1888 6691 1998 6740 numum
2012 6685 2106 6738 defossi
2120 6683 2178 6736 auri
2190 6685 2314 6790 pandus
2309 6687 2432 6740 3333333,

1542 6769 1638 6836 ⁶Cop,
1659 6773 1708 6834 16,
1727 6771 1751 6824 l.
2419 6787 2420 6790 ’

1542 6857 1650 6914 'Vere
1668 6859 1710 6912 12.
