<?xml version="1.0" encoding="UTF-8"?>
<!DOCTYPE html PUBLIC "-//W3C//DTD XHTML 1.0 Transitional//EN"
    "http://www.w3.org/TR/xhtml1/DTD/xhtml1-transitional.dtd">
<html xmlns="http://www.w3.org/1999/xhtml" xml:lang="en" lang="en">
 <head>
  <title>
</title>
<meta http-equiv="Content-Type" content="text/html;charset=utf-8" />
  <meta name='ocr-system' content='tesseract 3.04.00' />
  <meta name='ocr-capabilities' content='ocr_page ocr_carea ocr_par ocr_line ocrx_word'/>
</head>
<body>
  <div class='ocr_page' id='page_1' title='image "./doctorisseraphi00bonagoog/doctorisseraphi00bonagoog_0125.png"; bbox 0 0 5908 8266; ppageno 0'>
   <div class='ocr_carea' id='block_1_1' title="bbox 1136 595 1791 670">
    <p class='ocr_par' dir='ltr' id='par_1_1' title="bbox 1136 595 1791 670">
     <span class='ocr_line' id='line_1_1' title="bbox 1136 595 1791 670; baseline 0.012 -8"><span class='ocrx_word' id='word_1_1' title='bbox 1136 595 1326 664; x_wconf 74' lang='lat' dir='ltr'>contortus.</span> <span class='ocrx_word' id='word_1_2' title='bbox 1352 599 1389 664; x_wconf 87' lang='grc' dir='ltr'>ΙΝ</span> <span class='ocrx_word' id='word_1_3' title='bbox 1411 599 1678 670; x_wconf 79' lang='lat' dir='ltr'>ccctbsmstm</span> <span class='ocrx_word' id='word_1_4' title='bbox 1702 603 1732 670; x_wconf 86' lang='lat' dir='ltr'>C.</span> <span class='ocrx_word' id='word_1_5' title='bbox 1757 605 1791 670; x_wconf 85' lang='lat' dir='ltr'>X.</span> 
     </span>
    </p>
   </div>
   <div class='ocr_carea' id='block_1_2' title="bbox 863 775 1030 856">
    <p class='ocr_par' dir='ltr' id='par_1_2' title="bbox 863 775 1030 856">
     <span class='ocr_line' id='line_1_2' title="bbox 863 775 1030 856; baseline -0.012 -16"><span class='ocrx_word' id='word_1_6' title='bbox 863 775 1030 856; x_wconf 81' lang='lat' dir='ltr'>Qolnsno.</span> 
     </span>
    </p>
   </div>
   <div class='ocr_carea' id='block_1_3' title="bbox 298 985 1428 5728">
    <p class='ocr_par' dir='ltr' id='par_1_3' title="bbox 472 985 1428 1278">
     <span class='ocr_line' id='line_1_3' title="bbox 560 985 1428 1070; baseline 0.002 -18"><span class='ocrx_word' id='word_1_7' title='bbox 560 985 740 1070; x_wconf 80' lang='lat' dir='ltr'><strong>Quaeritur,</strong></span> <span class='ocrx_word' id='word_1_8' title='bbox 765 991 873 1052; x_wconf 90' lang='lat' dir='ltr'>utrum</span> <span class='ocrx_word' id='word_1_9' title='bbox 899 985 1020 1052; x_wconf 80' lang='lat' dir='ltr'>occulte</span> <span class='ocrx_word' id='word_1_10' title='bbox 1043 985 1147 1054; x_wconf 91' lang='lat' dir='ltr'>dicere</span> <span class='ocrx_word' id='word_1_11' title='bbox 1169 985 1288 1052; x_wconf 89' lang='lat' dir='ltr'>malum</span> <span class='ocrx_word' id='word_1_12' title='bbox 1311 985 1350 1056; x_wconf 90' lang='lat' dir='ltr'>de</span> <span class='ocrx_word' id='word_1_13' title='bbox 1372 987 1428 1054; x_wconf 92' lang='lat' dir='ltr'>ali-</span> 
     </span>
     <span class='ocr_line' id='line_1_4' title="bbox 472 1087 1428 1176; baseline 0.007 -20"><span class='ocrx_word' id='word_1_14' title='bbox 472 1109 536 1176; x_wconf 91' lang='lat' dir='ltr'>quo</span> <span class='ocrx_word' id='word_1_15' title='bbox 558 1091 599 1156; x_wconf 90' lang='lat' dir='ltr'>sit</span> <span class='ocrx_word' id='word_1_16' title='bbox 620 1087 773 1156; x_wconf 77' lang='lat' dir='ltr'>detractio</span> <span class='ocrx_word' id='word_1_17' title='bbox 794 1093 826 1154; x_wconf 88' lang='lat' dir='ltr'>et</span> <span class='ocrx_word' id='word_1_18' title='bbox 848 1095 1026 1174; x_wconf 90' lang='lat' dir='ltr'>peccatum,</span> <span class='ocrx_word' id='word_1_19' title='bbox 1049 1089 1104 1158; x_wconf 92' lang='lat' dir='ltr'>ubi</span> <span class='ocrx_word' id='word_1_20' title='bbox 1129 1095 1250 1156; x_wconf 90' lang='lat' dir='ltr'>constat</span> <span class='ocrx_word' id='word_1_21' title='bbox 1276 1111 1344 1162; x_wconf 90' lang='lat' dir='ltr'>esse</span> <span class='ocrx_word' id='word_1_22' title='bbox 1376 1113 1428 1162; x_wconf 86' lang='lat' dir='ltr'>ve-</span> 
     </span>
     <span class='ocr_line' id='line_1_5' title="bbox 472 1193 1082 1278; baseline 0.005 -16"><span class='ocrx_word' id='word_1_23' title='bbox 472 1215 544 1262; x_wconf 89' lang='lat' dir='ltr'>rum</span> <span class='ocrx_word' id='word_1_24' title='bbox 569 1193 692 1262; x_wconf 90' lang='lat' dir='ltr'>dicenti.</span> <span class='ocrx_word' id='word_1_25' title='bbox 718 1195 805 1278; x_wconf 84' lang='lat' dir='ltr'>Quod</span> <span class='ocrx_word' id='word_1_26' title='bbox 830 1213 914 1276; x_wconf 88' lang='lat' dir='ltr'>non,</span> <span class='ocrx_word' id='word_1_27' title='bbox 940 1195 1082 1264; x_wconf 87' lang='lat' dir='ltr'>videtur:</span> 
     </span>
    </p>

    <p class='ocr_par' dir='ltr' id='par_1_4' title="bbox 561 1299 1427 1390">
     <span class='ocr_line' id='line_1_6' title="bbox 561 1299 1427 1390; baseline 0.007 -24"><span class='ocrx_word' id='word_1_28' title='bbox 561 1303 590 1366; x_wconf 95' lang='grc'>1.</span> <span class='ocrx_word' id='word_1_29' title='bbox 611 1299 705 1384; x_wconf 81' lang='lat' dir='ltr'>Quia,</span> <span class='ocrx_word' id='word_1_30' title='bbox 722 1299 802 1366; x_wconf 91' lang='lat' dir='ltr'>sicut</span> <span class='ocrx_word' id='word_1_31' title='bbox 827 1301 989 1370; x_wconf 90' lang='lat' dir='ltr'>bonusest</span> <span class='ocrx_word' id='word_1_32' title='bbox 1013 1303 1125 1390; x_wconf 85' lang='lat' dir='ltr'>dignus</span> <span class='ocrx_word' id='word_1_33' title='bbox 1141 1303 1247 1386; x_wconf 88' lang='lat' dir='ltr'>leude,</span> <span class='ocrx_word' id='word_1_34' title='bbox 1263 1305 1306 1372; x_wconf 88' lang='lat' dir='ltr'>ita</span> <span class='ocrx_word' id='word_1_35' title='bbox 1326 1307 1427 1374; x_wconf 90' lang='lat' dir='ltr'>malus</span> 
     </span>
    </p>

    <p class='ocr_par' dir='ltr' id='par_1_5' title="bbox 319 1405 1427 1706">
     <span class='ocr_line' id='line_1_7' title="bbox 319 1405 1427 1514; baseline 0.004 -42"><span class='ocrx_word' id='word_1_36' title='bbox 319 1417 451 1514; x_wconf 52' lang='lat' dir='ltr'>sufficet*</span> <span class='ocrx_word' id='word_1_37' title='bbox 471 1411 519 1474; x_wconf 93' lang='lat' dir='ltr'>est</span> <span class='ocrx_word' id='word_1_38' title='bbox 540 1405 654 1492; x_wconf 87' lang='lat' dir='ltr'>dignus</span> <span class='ocrx_word' id='word_1_39' title='bbox 675 1405 849 1492; x_wconf 85' lang='lat' dir='ltr'>vituperio:</span> <span class='ocrx_word' id='word_1_40' title='bbox 875 1425 951 1492; x_wconf 90' lang='lat' dir='ltr'>ergo</span> <span class='ocrx_word' id='word_1_41' title='bbox 977 1409 1058 1482; x_wconf 90' lang='lat' dir='ltr'>sicut</span> <span class='ocrx_word' id='word_1_42' title='bbox 1082 1411 1201 1480; x_wconf 90' lang='lat' dir='ltr'>iustum</span> <span class='ocrx_word' id='word_1_43' title='bbox 1223 1418 1272 1479; x_wconf 90' lang='lat' dir='ltr'>est</span> <span class='ocrx_word' id='word_1_44' title='bbox 1298 1411 1427 1478; x_wconf 86' lang='lat' dir='ltr'>laudere</span> 
     </span>
     <span class='ocr_line' id='line_1_8' title="bbox 406 1501 1426 1600; baseline 0 -22"><span class='ocrx_word' id='word_1_45' title='bbox 406 1501 411 1512; x_wconf 84' lang='lat'>&#39;</span> <span class='ocrx_word' id='word_1_46' title='bbox 470 1513 603 1590; x_wconf 91' lang='lat' dir='ltr'>bonum,</span> <span class='ocrx_word' id='word_1_47' title='bbox 627 1513 671 1576; x_wconf 90' lang='lat' dir='ltr'>ita</span> <span class='ocrx_word' id='word_1_48' title='bbox 693 1511 813 1578; x_wconf 90' lang='lat' dir='ltr'>iustum</span> <span class='ocrx_word' id='word_1_49' title='bbox 829 1519 876 1580; x_wconf 90' lang='lat' dir='ltr'>est</span> <span class='ocrx_word' id='word_1_50' title='bbox 899 1513 1079 1600; x_wconf 84' lang='lat' dir='ltr'>vituperare</span> <span class='ocrx_word' id='word_1_51' title='bbox 1094 1519 1230 1584; x_wconf 90' lang='lat' dir='ltr'>malum:</span> <span class='ocrx_word' id='word_1_52' title='bbox 1256 1535 1331 1600; x_wconf 89' lang='lat' dir='ltr'>ergo</span> <span class='ocrx_word' id='word_1_53' title='bbox 1345 1515 1426 1582; x_wconf 90' lang='lat' dir='ltr'>sicut</span> 
     </span>
     <span class='ocr_line' id='line_1_9' title="bbox 470 1617 1426 1706; baseline 0 -22"><span class='ocrx_word' id='word_1_54' title='bbox 470 1622 663 1702; x_wconf 89' lang='lat' dir='ltr'>nonpcccat</span> <span class='ocrx_word' id='word_1_55' title='bbox 686 1617 740 1702; x_wconf 90' lang='lat' dir='ltr'>qui</span> <span class='ocrx_word' id='word_1_56' title='bbox 765 1617 870 1686; x_wconf 88' lang='lat' dir='ltr'>laudat</span> <span class='ocrx_word' id='word_1_57' title='bbox 893 1621 1026 1702; x_wconf 89' lang='lat' dir='ltr'>bonum,</span> <span class='ocrx_word' id='word_1_58' title='bbox 1049 1623 1093 1690; x_wconf 90' lang='lat' dir='ltr'>itu</span> <span class='ocrx_word' id='word_1_59' title='bbox 1109 1639 1166 1690; x_wconf 89' lang='lat' dir='ltr'>uec</span> <span class='ocrx_word' id='word_1_60' title='bbox 1190 1621 1243 1706; x_wconf 90' lang='lat' dir='ltr'>qui</span> <span class='ocrx_word' id='word_1_61' title='bbox 1268 1621 1342 1686; x_wconf 90' lang='lat' dir='ltr'>dicit</span> <span class='ocrx_word' id='word_1_62' title='bbox 1360 1637 1426 1684; x_wconf 89' lang='lat' dir='ltr'>ma-</span> 
     </span>
    </p>

    <p class='ocr_par' dir='ltr' id='par_1_6' title="bbox 471 1723 714 1790">
     <span class='ocr_line' id='line_1_10' title="bbox 471 1723 714 1790; baseline 0.008 -2"><span class='ocrx_word' id='word_1_63' title='bbox 471 1723 538 1790; x_wconf 89' lang='lat' dir='ltr'>lum</span> <span class='ocrx_word' id='word_1_64' title='bbox 560 1723 600 1790; x_wconf 91' lang='lat' dir='ltr'>de</span> <span class='ocrx_word' id='word_1_65' title='bbox 622 1725 714 1790; x_wconf 89' lang='lat' dir='ltr'>malo.</span> 
     </span>
    </p>

    <p class='ocr_par' dir='ltr' id='par_1_7' title="bbox 466 1827 1425 2956">
     <span class='ocr_line' id='line_1_11' title="bbox 557 1827 1425 1926; baseline -0.005 -30"><span class='ocrx_word' id='word_1_66' title='bbox 557 1835 588 1896; x_wconf 71' lang='lat'>2.</span> <span class='ocrx_word' id='word_1_67' title='bbox 614 1831 705 1912; x_wconf 92' lang='lat' dir='ltr'>ltem,</span> <span class='ocrx_word' id='word_1_68' title='bbox 721 1831 801 1900; x_wconf 90' lang='lat' dir='ltr'>sicut</span> <span class='ocrx_word' id='word_1_69' title='bbox 818 1835 1076 1920; x_wconf 90' lang='lat' dir='ltr'>congaudendum</span> <span class='ocrx_word' id='word_1_70' title='bbox 1100 1839 1147 1900; x_wconf 90' lang='lat' dir='ltr'>est</span> <span class='ocrx_word' id='word_1_71' title='bbox 1162 1831 1259 1906; x_wconf 93' lang='lat' dir='ltr'>bono,</span> <span class='ocrx_word' id='word_1_72' title='bbox 1282 1827 1425 1926; x_wconf 89' lang='lat' dir='ltr'>itacom-</span> 
     </span>
     <span class='ocr_line' id='line_1_12' title="bbox 468 1933 1425 2030; baseline -0.004 -28"><span class='ocrx_word' id='word_1_73' title='bbox 468 1937 649 2020; x_wconf 91' lang='lat' dir='ltr'>patiendum</span> <span class='ocrx_word' id='word_1_74' title='bbox 664 1945 712 2006; x_wconf 92' lang='lat' dir='ltr'>est</span> <span class='ocrx_word' id='word_1_75' title='bbox 725 1939 825 2006; x_wconf 88' lang='lat' dir='ltr'>malo:</span> <span class='ocrx_word' id='word_1_76' title='bbox 845 1957 919 2026; x_wconf 87' lang='lat' dir='ltr'>ergo</span> <span class='ocrx_word' id='word_1_77' title='bbox 944 1939 1024 2008; x_wconf 90' lang='lat' dir='ltr'>sicut</span> <span class='ocrx_word' id='word_1_78' title='bbox 1038 1943 1141 2022; x_wconf 91' lang='lat' dir='ltr'>potest</span> <span class='ocrx_word' id='word_1_79' title='bbox 1162 1933 1277 2030; x_wconf 90' lang='lat' dir='ltr'>aliquis</span> <span class='ocrx_word' id='word_1_80' title='bbox 1292 1933 1425 1998; x_wconf 89' lang='lat' dir='ltr'>recitare</span> 
     </span>
     <span class='ocr_line' id='line_1_13' title="bbox 468 2037 1425 2130; baseline -0.005 -22"><span class='ocrx_word' id='word_1_81' title='bbox 468 2041 561 2110; x_wconf 91' lang='lat' dir='ltr'>alicui</span> <span class='ocrx_word' id='word_1_82' title='bbox 585 2045 702 2112; x_wconf 92' lang='lat' dir='ltr'>bonum</span> <span class='ocrx_word' id='word_1_83' title='bbox 725 2045 855 2112; x_wconf 90' lang='lat' dir='ltr'>alterius</span> <span class='ocrx_word' id='word_1_84' title='bbox 879 2043 1099 2130; x_wconf 88' lang='lat' dir='ltr'>congaudendo</span> <span class='ocrx_word' id='word_1_85' title='bbox 1124 2039 1190 2104; x_wconf 90' lang='lat' dir='ltr'>sine</span> <span class='ocrx_word' id='word_1_86' title='bbox 1214 2043 1354 2122; x_wconf 92' lang='lat' dir='ltr'>peccato,</span> <span class='ocrx_word' id='word_1_87' title='bbox 1382 2037 1425 2104; x_wconf 90' lang='lat' dir='ltr'>ita</span> 
     </span>
     <span class='ocr_line' id='line_1_14' title="bbox 470 2143 1425 2236; baseline -0.004 -24"><span class='ocrx_word' id='word_1_88' title='bbox 470 2148 586 2216; x_wconf 89' lang='lat' dir='ltr'>malum</span> <span class='ocrx_word' id='word_1_89' title='bbox 613 2151 845 2236; x_wconf 89' lang='lat' dir='ltr'>compatiendo:</span> <span class='ocrx_word' id='word_1_90' title='bbox 874 2169 949 2236; x_wconf 87' lang='lat' dir='ltr'>ergo</span> <span class='ocrx_word' id='word_1_91' title='bbox 975 2147 1029 2234; x_wconf 91' lang='lat' dir='ltr'>qui</span> <span class='ocrx_word' id='word_1_92' title='bbox 1064 2145 1139 2212; x_wconf 88' lang='lat' dir='ltr'>dicit</span> <span class='ocrx_word' id='word_1_93' title='bbox 1163 2143 1284 2210; x_wconf 91' lang='lat' dir='ltr'>malum</span> <span class='ocrx_word' id='word_1_94' title='bbox 1315 2143 1353 2210; x_wconf 92' lang='lat' dir='ltr'>de</span> <span class='ocrx_word' id='word_1_95' title='bbox 1380 2143 1425 2210; x_wconf 89' lang='lat' dir='ltr'>al·</span> 
     </span>
     <span class='ocr_line' id='line_1_15' title="bbox 469 2253 1405 2340; baseline -0.01 -20"><span class='ocrx_word' id='word_1_96' title='bbox 469 2261 535 2322; x_wconf 90' lang='lat' dir='ltr'>tero</span> <span class='ocrx_word' id='word_1_97' title='bbox 557 2257 698 2336; x_wconf 86' lang='lat' dir='ltr'>occulte,</span> <span class='ocrx_word' id='word_1_98' title='bbox 722 2255 747 2322; x_wconf 93' lang='lat' dir='ltr'>si</span> <span class='ocrx_word' id='word_1_99' title='bbox 772 2255 976 2340; x_wconf 90' lang='lat' dir='ltr'>compatitur,</span> <span class='ocrx_word' id='word_1_100' title='bbox 1001 2269 1063 2316; x_wconf 89' lang='lat' dir='ltr'>oon</span> <span class='ocrx_word' id='word_1_101' title='bbox 1085 2253 1201 2334; x_wconf 91' lang='lat' dir='ltr'>peccat.</span> <span class='ocrx_word' id='word_1_102' title='bbox 1404 2257 1405 2260; x_wconf 74' lang='grc'>’</span> 
     </span>
     <span class='ocr_line' id='line_1_16' title="bbox 467 2355 1425 2440; baseline -0.007 -11"><span class='ocrx_word' id='word_1_103' title='bbox 467 2365 494 2430; x_wconf 13' lang='grc'>1,</span> <span class='ocrx_word' id='word_1_104' title='bbox 556 2363 586 2428; x_wconf 85' lang='grc'>3.</span> <span class='ocrx_word' id='word_1_105' title='bbox 622 2365 799 2440; x_wconf 87' lang='lat' dir='ltr'>Praeterea,</span> <span class='ocrx_word' id='word_1_106' title='bbox 835 2359 985 2432; x_wconf 85' lang='lat' dir='ltr'>Dominus</span> <span class='ocrx_word' id='word_1_107' title='bbox 1020 2355 1094 2422; x_wconf 90' lang='lat' dir='ltr'>dicit</span> <span class='ocrx_word' id='word_1_108' title='bbox 1124 2355 1269 2422; x_wconf 80' lang='lat' dir='ltr'>Matthaei</span> <span class='ocrx_word' id='word_1_109' title='bbox 1298 2355 1425 2440; x_wconf 78' lang='lat' dir='ltr'>decimo</span> 
     </span>
     <span class='ocr_line' id='line_1_17' title="bbox 467 2461 1424 2554; baseline -0.004 -22"><span class='ocrx_word' id='word_1_110' title='bbox 467 2471 614 2548; x_wconf 68' lang='grc'><strong>6616161,</strong></span> <span class='ocrx_word' id='word_1_111' title='bbox 639 2469 723 2554; x_wconf 90' lang='lat' dir='ltr'>quod</span> <span class='ocrx_word' id='word_1_112' title='bbox 755 2465 879 2552; x_wconf 89' lang='lat' dir='ltr'>quando</span> <span class='ocrx_word' id='word_1_113' title='bbox 902 2469 1010 2548; x_wconf 84' lang='lat' dir='ltr'>peccat</span> <span class='ocrx_word' id='word_1_114' title='bbox 1039 2461 1223 2548; x_wconf 70' lang='lat' dir='ltr'>proximus</span> <span class='ocrx_word' id='word_1_115' title='bbox 1248 2467 1294 2528; x_wconf 91' lang='lat' dir='ltr'>est</span> <span class='ocrx_word' id='word_1_116' title='bbox 1325 2461 1424 2530; x_wconf 90' lang='lat' dir='ltr'>corri-</span> 
     </span>
     <span class='ocr_line' id='line_1_18' title="bbox 467 2567 1423 2660; baseline -0.007 -21"><span class='ocrx_word' id='word_1_117' title='bbox 467 2573 586 2658; x_wconf 88' lang='lat' dir='ltr'>gendus</span> <span class='ocrx_word' id='word_1_118' title='bbox 608 2591 714 2638; x_wconf 92' lang='lat' dir='ltr'>coram</span> <span class='ocrx_word' id='word_1_119' title='bbox 736 2589 801 2638; x_wconf 92' lang='lat' dir='ltr'>uno</span> <span class='ocrx_word' id='word_1_120' title='bbox 825 2569 874 2636; x_wconf 86' lang='lat' dir='ltr'>uel</span> <span class='ocrx_word' id='word_1_121' title='bbox 897 2587 1003 2634; x_wconf 88' lang='lat' dir='ltr'>coram</span> <span class='ocrx_word' id='word_1_122' title='bbox 1025 2568 1165 2646; x_wconf 89' lang='lat' dir='ltr'>duobus;</span> <span class='ocrx_word' id='word_1_123' title='bbox 1199 2567 1283 2652; x_wconf 92' lang='lat' dir='ltr'>quud</span> <span class='ocrx_word' id='word_1_124' title='bbox 1312 2567 1337 2632; x_wconf 93' lang='lat' dir='ltr'>si</span> <span class='ocrx_word' id='word_1_125' title='bbox 1361 2587 1423 2660; x_wconf 88' lang='lat' dir='ltr'>oon</span> 
     </span>
     <span class='ocr_line' id='line_1_19' title="bbox 466 2671 1423 2764; baseline -0.007 -19"><span class='ocrx_word' id='word_1_126' title='bbox 466 2679 570 2764; x_wconf 87' lang='lat' dir='ltr'>audit,</span> <span class='ocrx_word' id='word_1_127' title='bbox 593 2677 760 2744; x_wconf 89' lang='lat' dir='ltr'>dicendum</span> <span class='ocrx_word' id='word_1_128' title='bbox 787 2681 835 2742; x_wconf 89' lang='lat' dir='ltr'>est</span> <span class='ocrx_word' id='word_1_129' title='bbox 857 2673 1030 2740; x_wconf 87' lang='lat' dir='ltr'>Ecclesiae:</span> <span class='ocrx_word' id='word_1_130' title='bbox 1058 2691 1137 2762; x_wconf 88' lang='lat' dir='ltr'>ergo</span> <span class='ocrx_word' id='word_1_131' title='bbox 1166 2671 1277 2740; x_wconf 89' lang='lat' dir='ltr'>saltem</span> <span class='ocrx_word' id='word_1_132' title='bbox 1307 2673 1345 2740; x_wconf 92' lang='lat' dir='ltr'>de</span> <span class='ocrx_word' id='word_1_133' title='bbox 1376 2671 1423 2738; x_wconf 51' lang='lat' dir='ltr'>in*</span> 
     </span>
     <span class='ocr_line' id='line_1_20' title="bbox 466 2779 1423 2870; baseline -0.004 -20"><span class='ocrx_word' id='word_1_134' title='bbox 466 2785 636 2870; x_wconf 81' lang='lat' dir='ltr'>corrigibili</span> <span class='ocrx_word' id='word_1_135' title='bbox 665 2783 794 2848; x_wconf 86' lang='lat' dir='ltr'>uidetur·</span> <span class='ocrx_word' id='word_1_136' title='bbox 819 2779 902 2866; x_wconf 92' lang='lat' dir='ltr'>quod</span> <span class='ocrx_word' id='word_1_137' title='bbox 925 2779 1020 2846; x_wconf 92' lang='lat' dir='ltr'>bomo</span> <span class='ocrx_word' id='word_1_138' title='bbox 1045 2781 1143 2866; x_wconf 88' lang='lat' dir='ltr'>possit</span> <span class='ocrx_word' id='word_1_139' title='bbox 1169 2779 1288 2846; x_wconf 86' lang='lat' dir='ltr'>malum</span> <span class='ocrx_word' id='word_1_140' title='bbox 1319 2779 1423 2846; x_wconf 87' lang='lat' dir='ltr'>dicere</span> 
     </span>
     <span class='ocr_line' id='line_1_21' title="bbox 466 2889 600 2956; baseline -0.015 0"><span class='ocrx_word' id='word_1_141' title='bbox 466 2889 600 2956; x_wconf 86' lang='lat' dir='ltr'>cuilibet.</span> 
     </span>
    </p>

    <p class='ocr_par' dir='ltr' id='par_1_8' title="bbox 554 2989 1421 3078">
     <span class='ocr_line' id='line_1_22' title="bbox 554 2989 1421 3078; baseline -0.003 -17"><span class='ocrx_word' id='word_1_142' title='bbox 554 2997 697 3062; x_wconf 80' lang='lat' dir='ltr'>Consus:</span> <span class='ocrx_word' id='word_1_143' title='bbox 728 2995 756 3058; x_wconf 95' lang='grc'>1.</span> <span class='ocrx_word' id='word_1_144' title='bbox 782 2993 878 3076; x_wconf 88' lang='lat' dir='ltr'>Quod</span> <span class='ocrx_word' id='word_1_145' title='bbox 893 2991 952 3058; x_wconf 88' lang='lat' dir='ltr'>tibi</span> <span class='ocrx_word' id='word_1_146' title='bbox 972 3013 1038 3058; x_wconf 90' lang='lat' dir='ltr'>nou</span> <span class='ocrx_word' id='word_1_147' title='bbox 1055 2993 1104 3058; x_wconf 87' lang='lat' dir='ltr'>cis</span> <span class='ocrx_word' id='word_1_148' title='bbox 1127 2989 1299 3076; x_wconf 62' lang='grc'><strong>16116111</strong></span> <span class='ocrx_word' id='word_1_149' title='bbox 1321 3011 1359 3058; x_wconf 88' lang='lat' dir='ltr'>ne</span> <span class='ocrx_word' id='word_1_150' title='bbox 1375 2989 1421 3078; x_wconf 76' lang='lat' dir='ltr'>fe-</span> 
     </span>
    </p>

    <p class='ocr_par' dir='ltr' id='par_1_9' title="bbox 298 3097 1421 3502">
     <span class='ocr_line' id='line_1_23' title="bbox 298 3097 1421 3184; baseline -0.004 -17"><span class='ocrx_word' id='word_1_151' title='bbox 298 3111 452 3156; x_wconf 70' lang='grc'><strong>166666</strong></span> <span class='ocrx_word' id='word_1_152' title='bbox 465 3101 549 3166; x_wconf 87' lang='lat' dir='ltr'>ceris</span> <span class='ocrx_word' id='word_1_153' title='bbox 562 3103 592 3164; x_wconf 74' lang='lat'>2:</span> <span class='ocrx_word' id='word_1_154' title='bbox 617 3119 693 3184; x_wconf 89' lang='lat' dir='ltr'>crgo</span> <span class='ocrx_word' id='word_1_155' title='bbox 716 3097 800 3184; x_wconf 87' lang='lat' dir='ltr'>quod</span> <span class='ocrx_word' id='word_1_156' title='bbox 823 3115 886 3164; x_wconf 91' lang='lat' dir='ltr'>uon</span> <span class='ocrx_word' id='word_1_157' title='bbox 908 3097 957 3166; x_wconf 85' lang='lat' dir='ltr'>uis</span> <span class='ocrx_word' id='word_1_158' title='bbox 971 3099 1011 3166; x_wconf 93' lang='lat' dir='ltr'>de</span> <span class='ocrx_word' id='word_1_159' title='bbox 1033 3103 1065 3166; x_wconf 89' lang='lat' dir='ltr'>te</span> <span class='ocrx_word' id='word_1_160' title='bbox 1087 3097 1161 3176; x_wconf 89' lang='lat' dir='ltr'>dici,</span> <span class='ocrx_word' id='word_1_161' title='bbox 1178 3115 1242 3162; x_wconf 92' lang='grc'>616</span> <span class='ocrx_word' id='word_1_162' title='bbox 1265 3097 1359 3164; x_wconf 91' lang='lat' dir='ltr'>debes</span> <span class='ocrx_word' id='word_1_163' title='bbox 1376 3097 1421 3164; x_wconf 91' lang='lat' dir='ltr'>di-</span> 
     </span>
     <span class='ocr_line' id='line_1_24' title="bbox 464 3201 1420 3288; baseline -0.004 -16"><span class='ocrx_word' id='word_1_164' title='bbox 464 3223 534 3272; x_wconf 89' lang='lat' dir='ltr'>uere</span> <span class='ocrx_word' id='word_1_165' title='bbox 557 3205 596 3270; x_wconf 94' lang='lat' dir='ltr'>de</span> <span class='ocrx_word' id='word_1_166' title='bbox 620 3205 699 3286; x_wconf 90' lang='lat' dir='ltr'>alio;</span> <span class='ocrx_word' id='word_1_167' title='bbox 722 3205 776 3272; x_wconf 91' lang='lat' dir='ltr'>sed</span> <span class='ocrx_word' id='word_1_168' title='bbox 799 3223 860 3270; x_wconf 91' lang='grc'>616</span> <span class='ocrx_word' id='word_1_169' title='bbox 885 3203 978 3270; x_wconf 88' lang='lat' dir='ltr'>debes</span> <span class='ocrx_word' id='word_1_170' title='bbox 1002 3205 1098 3282; x_wconf 88' lang='lat' dir='ltr'>velle,</span> <span class='ocrx_word' id='word_1_171' title='bbox 1124 3203 1208 3288; x_wconf 82' lang='lat' dir='ltr'>quod</span> <span class='ocrx_word' id='word_1_172' title='bbox 1238 3201 1352 3288; x_wconf 89' lang='lat' dir='ltr'>aliquis</span> <span class='ocrx_word' id='word_1_173' title='bbox 1366 3201 1420 3268; x_wconf 84' lang='lat' dir='ltr'>ol-</span> 
     </span>
     <span class='ocr_line' id='line_1_25' title="bbox 463 3307 1419 3394; baseline -0.002 -18"><span class='ocrx_word' id='word_1_174' title='bbox 463 3316 547 3376; x_wconf 90' lang='lat' dir='ltr'>ceret</span> <span class='ocrx_word' id='word_1_175' title='bbox 571 3309 608 3376; x_wconf 90' lang='lat' dir='ltr'>de</span> <span class='ocrx_word' id='word_1_176' title='bbox 633 3315 662 3376; x_wconf 90' lang='grc'>16</span> <span class='ocrx_word' id='word_1_177' title='bbox 685 3309 822 3388; x_wconf 81' lang='lat' dir='ltr'>ntalem,</span> <span class='ocrx_word' id='word_1_178' title='bbox 846 3315 877 3376; x_wconf 91' lang='lat' dir='ltr'>te</span> <span class='ocrx_word' id='word_1_179' title='bbox 899 3309 1040 3388; x_wconf 89' lang='lat' dir='ltr'>absente,</span> <span class='ocrx_word' id='word_1_180' title='bbox 1067 3307 1140 3394; x_wconf 91' lang='lat' dir='ltr'>quie</span> <span class='ocrx_word' id='word_1_181' title='bbox 1154 3307 1233 3372; x_wconf 91' lang='lat' dir='ltr'>nibil</span> <span class='ocrx_word' id='word_1_182' title='bbox 1252 3307 1307 3374; x_wconf 90' lang='lat' dir='ltr'>tibi</span> <span class='ocrx_word' id='word_1_183' title='bbox 1326 3307 1419 3394; x_wconf 92' lang='lat' dir='ltr'>prod-</span> 
     </span>
     <span class='ocr_line' id='line_1_26' title="bbox 462 3417 805 3502; baseline -0.009 -18"><span class='ocrx_word' id='word_1_184' title='bbox 462 3417 538 3484; x_wconf 91' lang='lat' dir='ltr'>erit:</span> <span class='ocrx_word' id='word_1_185' title='bbox 565 3435 639 3502; x_wconf 88' lang='lat' dir='ltr'>ergo</span> <span class='ocrx_word' id='word_1_186' title='bbox 661 3421 719 3484; x_wconf 86' lang='lat' dir='ltr'>etc.</span> <span class='ocrx_word' id='word_1_187' title='bbox 804 3453 805 3456; x_wconf 60' lang='lat'><em>=</em></span> 
     </span>
    </p>

    <p class='ocr_par' dir='ltr' id='par_1_10' title="bbox 408 3515 1419 3926">
     <span class='ocr_line' id='line_1_27' title="bbox 408 3515 1419 3608; baseline -0.003 -15"><span class='ocrx_word' id='word_1_188' title='bbox 408 3535 409 3538; x_wconf 75' lang='grc'>’</span> <span class='ocrx_word' id='word_1_189' title='bbox 551 3529 581 3592; x_wconf 68' lang='lat' dir='ltr'>d.</span> <span class='ocrx_word' id='word_1_190' title='bbox 605 3525 700 3604; x_wconf 89' lang='lat' dir='ltr'>ltem,</span> <span class='ocrx_word' id='word_1_191' title='bbox 723 3523 778 3608; x_wconf 89' lang='lat' dir='ltr'>qui</span> <span class='ocrx_word' id='word_1_192' title='bbox 802 3523 877 3590; x_wconf 90' lang='lat' dir='ltr'>dicit</span> <span class='ocrx_word' id='word_1_193' title='bbox 899 3523 1017 3590; x_wconf 89' lang='lat' dir='ltr'>malum</span> <span class='ocrx_word' id='word_1_194' title='bbox 1040 3523 1079 3590; x_wconf 92' lang='lat' dir='ltr'>de</span> <span class='ocrx_word' id='word_1_195' title='bbox 1101 3521 1161 3588; x_wconf 89' lang='lat' dir='ltr'>alio</span> <span class='ocrx_word' id='word_1_196' title='bbox 1186 3521 1289 3588; x_wconf 85' lang='lat' dir='ltr'>aufert</span> <span class='ocrx_word' id='word_1_197' title='bbox 1313 3521 1340 3588; x_wconf 92' lang='grc'>61</span> <span class='ocrx_word' id='word_1_198' title='bbox 1364 3515 1419 3590; x_wconf 91' lang='lat' dir='ltr'>bo·</span> 
     </span>
     <span class='ocr_line' id='line_1_28' title="bbox 463 3627 1419 3714; baseline -0.002 -18"><span class='ocrx_word' id='word_1_199' title='bbox 463 3649 539 3698; x_wconf 92' lang='lat' dir='ltr'>num</span> <span class='ocrx_word' id='word_1_200' title='bbox 564 3649 695 3696; x_wconf 89' lang='lat' dir='ltr'>nomen:</span> <span class='ocrx_word' id='word_1_201' title='bbox 726 3649 801 3714; x_wconf 87' lang='lat' dir='ltr'>ergo</span> <span class='ocrx_word' id='word_1_202' title='bbox 830 3647 901 3696; x_wconf 91' lang='lat' dir='ltr'>cum</span> <span class='ocrx_word' id='word_1_203' title='bbox 932 3649 1050 3694; x_wconf 85' lang='lat' dir='ltr'>nomen</span> <span class='ocrx_word' id='word_1_204' title='bbox 1081 3629 1200 3694; x_wconf 84' lang='lat' dir='ltr'>bonurn</span> <span class='ocrx_word' id='word_1_205' title='bbox 1232 3627 1272 3694; x_wconf 90' lang='lat' dir='ltr'>sit</span> <span class='ocrx_word' id='word_1_206' title='bbox 1301 3627 1419 3694; x_wconf 81' lang='lat' dir='ltr'>meiius</span> 
     </span>
     <span class='ocr_line' id='line_1_29' title="bbox 462 3733 1419 3826; baseline 0 -24"><span class='ocrx_word' id='word_1_207' title='bbox 462 3757 563 3826; x_wconf 84' lang='lat' dir='ltr'>quum</span> <span class='ocrx_word' id='word_1_208' title='bbox 587 3737 685 3802; x_wconf 86' lang='lat' dir='ltr'>multi</span> <span class='ocrx_word' id='word_1_209' title='bbox 707 3733 893 3816; x_wconf 67' lang='lat' dir='ltr'>theuderii,</span> <span class='ocrx_word' id='word_1_210' title='bbox 916 3753 992 3822; x_wconf 90' lang='lat' dir='ltr'>ergo</span> <span class='ocrx_word' id='word_1_211' title='bbox 1015 3753 1087 3802; x_wconf 88' lang='lat' dir='ltr'>cum</span> <span class='ocrx_word' id='word_1_212' title='bbox 1111 3737 1206 3802; x_wconf 90' lang='lat' dir='ltr'>homo</span> <span class='ocrx_word' id='word_1_213' title='bbox 1229 3753 1291 3800; x_wconf 91' lang='lat' dir='ltr'>non</span> <span class='ocrx_word' id='word_1_214' title='bbox 1322 3735 1419 3820; x_wconf 93' lang='lat' dir='ltr'>possit</span> 
     </span>
     <span class='ocr_line' id='line_1_30' title="bbox 461 3841 1388 3926; baseline -0.004 -16"><span class='ocrx_word' id='word_1_215' title='bbox 461 3845 513 3910; x_wconf 88' lang='lat' dir='ltr'>alii</span> <span class='ocrx_word' id='word_1_216' title='bbox 535 3845 661 3910; x_wconf 84' lang='lat' dir='ltr'>auterre</span> <span class='ocrx_word' id='word_1_217' title='bbox 687 3843 850 3910; x_wconf 84' lang='lat' dir='ltr'>thesauros</span> <span class='ocrx_word' id='word_1_218' title='bbox 875 3841 941 3910; x_wconf 89' lang='lat' dir='ltr'>sine</span> <span class='ocrx_word' id='word_1_219' title='bbox 959 3847 1100 3926; x_wconf 87' lang='lat' dir='ltr'>peccato,</span> <span class='ocrx_word' id='word_1_220' title='bbox 1125 3841 1268 3908; x_wconf 88' lang='lat' dir='ltr'>similiter</span> <span class='ocrx_word' id='word_1_221' title='bbox 1292 3847 1349 3906; x_wconf 87' lang='lat' dir='ltr'>etc.</span> <span class='ocrx_word' id='word_1_222' title='bbox 1386 3871 1388 3878; x_wconf 47' lang='lat'><strong><em>⁴</em></strong></span> 
     </span>
    </p>

    <p class='ocr_par' dir='ltr' id='par_1_11' title="bbox 461 3945 1419 4246">
     <span class='ocr_line' id='line_1_31' title="bbox 551 3945 1419 4030; baseline -0.007 -12"><span class='ocrx_word' id='word_1_223' title='bbox 551 3951 581 4018; x_wconf 83' lang='lat'>3.</span> <span class='ocrx_word' id='word_1_224' title='bbox 605 3951 696 4030; x_wconf 88' lang='lat' dir='ltr'>Item,</span> <span class='ocrx_word' id='word_1_225' title='bbox 726 3949 841 4016; x_wconf 88' lang='lat' dir='ltr'>dicitur</span> <span class='ocrx_word' id='word_1_226' title='bbox 874 3949 999 4016; x_wconf 84' lang='lat' dir='ltr'>levitici</span> <span class='ocrx_word' id='word_1_227' title='bbox 1028 3947 1148 4014; x_wconf 91' lang='lat' dir='ltr'>decimo</span> <span class='ocrx_word' id='word_1_228' title='bbox 1179 3965 1262 4014; x_wconf 89' lang='lat' dir='ltr'>nono</span> <span class='ocrx_word' id='word_1_229' title='bbox 1276 3947 1308 4010; x_wconf 70' lang='lat'>4:</span> <span class='ocrx_word' id='word_1_230' title='bbox 1343 3945 1419 4012; x_wconf 90' lang='lat' dir='ltr'>Nou</span> 
     </span>
     <span class='ocr_line' id='line_1_32' title="bbox 461 4051 1419 4138; baseline -0.004 -18"><span class='ocrx_word' id='word_1_231' title='bbox 461 4055 634 4122; x_wconf 82' lang='lat' dir='ltr'>tnuiedt&#39;ces</span> <span class='ocrx_word' id='word_1_232' title='bbox 655 4055 779 4132; x_wconf 66' lang='lat' dir='ltr'>aarum</span> <span class='ocrx_word' id='word_1_233' title='bbox 803 4053 856 4120; x_wconf 88' lang='lat' dir='ltr'>scd</span> <span class='ocrx_word' id='word_1_234' title='bbox 881 4053 935 4138; x_wconf 91' lang='lat' dir='ltr'>qui</span> <span class='ocrx_word' id='word_1_235' title='bbox 957 4051 1037 4120; x_wconf 91' lang='lat' dir='ltr'>malc</span> <span class='ocrx_word' id='word_1_236' title='bbox 1061 4051 1135 4118; x_wconf 88' lang='lat' dir='ltr'>dicit</span> <span class='ocrx_word' id='word_1_237' title='bbox 1154 4055 1241 4116; x_wconf 85' lang='lat' dir='ltr'>retro</span> <span class='ocrx_word' id='word_1_238' title='bbox 1264 4051 1419 4118; x_wconf 85' lang='lat' dir='ltr'>maledicit</span> 
     </span>
     <span class='ocr_line' id='line_1_33' title="bbox 461 4159 1234 4246; baseline -0.008 -18"><span class='ocrx_word' id='word_1_239' title='bbox 461 4160 573 4229; x_wconf 90' lang='lat' dir='ltr'>surdo:</span> <span class='ocrx_word' id='word_1_240' title='bbox 596 4179 672 4246; x_wconf 87' lang='lat' dir='ltr'>ergo</span> <span class='ocrx_word' id='word_1_241' title='bbox 695 4161 768 4226; x_wconf 87' lang='lat' dir='ltr'>lacit</span> <span class='ocrx_word' id='word_1_242' title='bbox 790 4167 899 4226; x_wconf 87' lang='lat' dir='ltr'>contra</span> <span class='ocrx_word' id='word_1_243' title='bbox 922 4159 999 4224; x_wconf 93' lang='lat' dir='ltr'>illud</span> <span class='ocrx_word' id='word_1_244' title='bbox 1022 4163 1234 4242; x_wconf 88' lang='lat' dir='ltr'>praeceptum.</span> 
     </span>
    </p>

    <p class='ocr_par' dir='ltr' id='par_1_12' title="bbox 458 4261 1417 4774">
     <span class='ocr_line' id='line_1_34' title="bbox 548 4261 1417 4350; baseline -0.002 -18"><span class='ocrx_word' id='word_1_245' title='bbox 548 4267 579 4332; x_wconf 85' lang='grc'>1.</span> <span class='ocrx_word' id='word_1_246' title='bbox 604 4267 780 4342; x_wconf 87' lang='grc' dir='ltr'><strong>Ρ16616166,</strong></span> <span class='ocrx_word' id='word_1_247' title='bbox 805 4271 966 4350; x_wconf 88' lang='lat' dir='ltr'>peccatum</span> <span class='ocrx_word' id='word_1_248' title='bbox 991 4265 1106 4330; x_wconf 91' lang='lat' dir='ltr'>lactum</span> <span class='ocrx_word' id='word_1_249' title='bbox 1132 4263 1164 4328; x_wconf 95' lang='lat' dir='ltr'>in</span> <span class='ocrx_word' id='word_1_250' title='bbox 1188 4261 1313 4348; x_wconf 90' lang='lat' dir='ltr'>publico</span> <span class='ocrx_word' id='word_1_251' title='bbox 1328 4283 1417 4330; x_wconf 89' lang='lat' dir='ltr'>scan-</span> 
     </span>
     <span class='ocr_line' id='line_1_35' title="bbox 459 4369 1417 4458; baseline 0 -20"><span class='ocrx_word' id='word_1_252' title='bbox 459 4373 588 4440; x_wconf 89' lang='lat' dir='ltr'>dalizat:</span> <span class='ocrx_word' id='word_1_253' title='bbox 612 4391 688 4458; x_wconf 90' lang='lat' dir='ltr'>ergo</span> <span class='ocrx_word' id='word_1_254' title='bbox 717 4371 771 4456; x_wconf 91' lang='lat' dir='ltr'>qui</span> <span class='ocrx_word' id='word_1_255' title='bbox 796 4377 958 4456; x_wconf 89' lang='lat' dir='ltr'>peccatum</span> <span class='ocrx_word' id='word_1_256' title='bbox 989 4369 1130 4456; x_wconf 87' lang='lat' dir='ltr'>aliquod,</span> <span class='ocrx_word' id='word_1_257' title='bbox 1161 4369 1247 4454; x_wconf 88' lang='lat' dir='ltr'>quod</span> <span class='ocrx_word' id='word_1_258' title='bbox 1277 4389 1338 4438; x_wconf 92' lang='lat' dir='ltr'>non</span> <span class='ocrx_word' id='word_1_259' title='bbox 1371 4377 1417 4438; x_wconf 91' lang='lat' dir='ltr'>est</span> 
     </span>
     <span class='ocr_line' id='line_1_36' title="bbox 458 4475 1416 4563; baseline -0.002 -19"><span class='ocrx_word' id='word_1_260' title='bbox 458 4477 638 4563; x_wconf 90' lang='lat' dir='ltr'>publicum,</span> <span class='ocrx_word' id='word_1_261' title='bbox 661 4476 819 4562; x_wconf 91' lang='lat' dir='ltr'>publicat,</span> <span class='ocrx_word' id='word_1_262' title='bbox 849 4477 1051 4556; x_wconf 88' lang='lat' dir='ltr'>scandalizat;</span> <span class='ocrx_word' id='word_1_263' title='bbox 1080 4475 1135 4544; x_wconf 91' lang='lat' dir='ltr'>sed</span> <span class='ocrx_word' id='word_1_264' title='bbox 1159 4475 1217 4542; x_wconf 86' lang='lat' dir='ltr'>ille</span> <span class='ocrx_word' id='word_1_265' title='bbox 1249 4475 1303 4560; x_wconf 90' lang='lat' dir='ltr'>qui</span> <span class='ocrx_word' id='word_1_266' title='bbox 1330 4477 1416 4542; x_wconf 93' lang='lat' dir='ltr'>oblo-</span> 
     </span>
     <span class='ocr_line' id='line_1_37' title="bbox 458 4581 1416 4670; baseline -0.002 -20"><span class='ocrx_word' id='word_1_267' title='bbox 458 4585 582 4670; x_wconf 83' lang='lat' dir='ltr'>quitur,</span> <span class='ocrx_word' id='word_1_268' title='bbox 607 4585 680 4652; x_wconf 89' lang='lat' dir='ltr'>lecit</span> <span class='ocrx_word' id='word_1_269' title='bbox 702 4591 865 4670; x_wconf 88' lang='lat' dir='ltr'>peccatum</span> <span class='ocrx_word' id='word_1_270' title='bbox 889 4583 1092 4662; x_wconf 89' lang='lat' dir='ltr'>innotescere,</span> <span class='ocrx_word' id='word_1_271' title='bbox 1112 4581 1197 4668; x_wconf 88' lang='lat' dir='ltr'>quod</span> <span class='ocrx_word' id='word_1_272' title='bbox 1220 4581 1311 4648; x_wconf 87' lang='lat' dir='ltr'>latet:</span> <span class='ocrx_word' id='word_1_273' title='bbox 1340 4601 1416 4668; x_wconf 90' lang='lat' dir='ltr'>ergo</span> 
     </span>
     <span class='ocr_line' id='line_1_38' title="bbox 458 4689 1113 4774; baseline -0.003 -18"><span class='ocrx_word' id='word_1_274' title='bbox 458 4689 644 4756; x_wconf 85' lang='lat' dir='ltr'>scandalizat</span> <span class='ocrx_word' id='word_1_275' title='bbox 667 4709 755 4770; x_wconf 92' lang='lat' dir='ltr'>eum,</span> <span class='ocrx_word' id='word_1_276' title='bbox 779 4707 850 4756; x_wconf 92' lang='lat' dir='ltr'>cum</span> <span class='ocrx_word' id='word_1_277' title='bbox 877 4709 940 4774; x_wconf 92' lang='lat' dir='ltr'>quo</span> <span class='ocrx_word' id='word_1_278' title='bbox 962 4689 1113 4774; x_wconf 90' lang='lat' dir='ltr'>loquitur.</span> 
     </span>
    </p>

    <p class='ocr_par' dir='ltr' id='par_1_13' title="bbox 305 4789 1415 5728">
     <span class='ocr_line' id='line_1_39' title="bbox 446 4789 1414 4882; baseline -0.005 -17"><span class='ocrx_word' id='word_1_279' title='bbox 446 4807 450 4816; x_wconf 88' lang='lat'>&#39;</span> <span class='ocrx_word' id='word_1_280' title='bbox 547 4797 741 4882; x_wconf 88' lang='lat' dir='ltr'>Respondeo:</span> <span class='ocrx_word' id='word_1_281' title='bbox 770 4789 951 4874; x_wconf 89' lang='lat' dir='ltr'>dicendum,</span> <span class='ocrx_word' id='word_1_282' title='bbox 983 4795 1068 4880; x_wconf 93' lang='lat' dir='ltr'>quod</span> <span class='ocrx_word' id='word_1_283' title='bbox 1097 4793 1151 4880; x_wconf 89' lang='lat' dir='ltr'>qui</span> <span class='ocrx_word' id='word_1_284' title='bbox 1187 4793 1261 4860; x_wconf 90' lang='lat' dir='ltr'>dicit</span> <span class='ocrx_word' id='word_1_285' title='bbox 1294 4795 1414 4861; x_wconf 90' lang='lat' dir='ltr'>malum</span> 
     </span>
     <span class='ocr_line' id='line_1_40' title="bbox 373 4897 1415 4984; baseline -0.002 -18"><span class='ocrx_word' id='word_1_286' title='bbox 373 4911 438 4966; x_wconf 77' lang='lat' dir='ltr'>Reso-</span> <span class='ocrx_word' id='word_1_287' title='bbox 458 4901 496 4968; x_wconf 90' lang='lat' dir='ltr'>de</span> <span class='ocrx_word' id='word_1_288' title='bbox 509 4903 582 4982; x_wconf 88' lang='lat' dir='ltr'>elio,</span> <span class='ocrx_word' id='word_1_289' title='bbox 599 4907 654 4968; x_wconf 90' lang='lat' dir='ltr'>aut</span> <span class='ocrx_word' id='word_1_290' title='bbox 670 4901 745 4968; x_wconf 90' lang='lat' dir='ltr'>dicit</span> <span class='ocrx_word' id='word_1_291' title='bbox 759 4901 945 4966; x_wconf 78' lang='lat' dir='ltr'>necessitate</span> <span class='ocrx_word' id='word_1_292' title='bbox 960 4899 1166 4984; x_wconf 83' lang='lat' dir='ltr'>compulsus,</span> <span class='ocrx_word' id='word_1_293' title='bbox 1187 4903 1243 4964; x_wconf 90' lang='grc'>661</span> <span class='ocrx_word' id='word_1_294' title='bbox 1257 4897 1415 4966; x_wconf 84' lang='lat' dir='ltr'>inductus</span> 
     </span>
     <span class='ocr_line' id='line_1_41' title="bbox 305 5001 1414 5092; baseline -0.004 -20"><span class='ocrx_word' id='word_1_295' title='bbox 305 5015 391 5072; x_wconf 75' lang='grc'><strong>61116</strong></span> <span class='ocrx_word' id='word_1_296' title='bbox 404 5029 440 5062; x_wconf 73' lang='lat' dir='ltr'>ca·</span> <span class='ocrx_word' id='word_1_297' title='bbox 458 5005 612 5086; x_wconf 87' lang='lat' dir='ltr'>utilitutc,</span> <span class='ocrx_word' id='word_1_298' title='bbox 638 5012 693 5073; x_wconf 88' lang='lat' dir='ltr'>aut</span> <span class='ocrx_word' id='word_1_299' title='bbox 720 5005 910 5092; x_wconf 79' lang='lat' dir='ltr'>euugitutus</span> <span class='ocrx_word' id='word_1_300' title='bbox 938 5001 1132 5070; x_wconf 74' lang='lat' dir='ltr'>detrudendi</span> <span class='ocrx_word' id='word_1_301' title='bbox 1159 5001 1301 5068; x_wconf 83' lang='lat' dir='ltr'>libidine.</span> <span class='ocrx_word' id='word_1_302' title='bbox 1326 5005 1414 5068; x_wconf 87' lang='lat' dir='ltr'>&#39;lunc</span> 
     </span>
     <span class='ocr_line' id='line_1_42' title="bbox 344 5083 1413 5198; baseline -0.004 -19"><span class='ocrx_word' id='word_1_303' title='bbox 344 5083 437 5168; x_wconf 63' lang='lat' dir='ltr'>iiiios·</span> <span class='ocrx_word' id='word_1_304' title='bbox 456 5113 658 5198; x_wconf 84' lang='lat' dir='ltr'>compellitur</span> <span class='ocrx_word' id='word_1_305' title='bbox 674 5111 875 5188; x_wconf 88' lang='lat' dir='ltr'>necessitutc,</span> <span class='ocrx_word' id='word_1_306' title='bbox 898 5109 1023 5196; x_wconf 90' lang='lat' dir='ltr'>quando</span> <span class='ocrx_word' id='word_1_307' title='bbox 1040 5107 1224 5194; x_wconf 81' lang='lat' dir='ltr'>astringitur</span> <span class='ocrx_word' id='word_1_308' title='bbox 1247 5113 1413 5194; x_wconf 89' lang='lat' dir='ltr'>praecepio</span> 
     </span>
     <span class='ocr_line' id='line_1_43' title="bbox 456 5213 1412 5298; baseline -0.004 -14"><span class='ocrx_word' id='word_1_309' title='bbox 456 5221 507 5288; x_wconf 83' lang='lat' dir='ltr'>uel</span> <span class='ocrx_word' id='word_1_310' title='bbox 529 5215 694 5298; x_wconf 83' lang='grc'><strong>11616666,</strong></span> <span class='ocrx_word' id='word_1_311' title='bbox 718 5219 768 5284; x_wconf 84' lang='lat' dir='ltr'>vel</span> <span class='ocrx_word' id='word_1_312' title='bbox 791 5217 921 5284; x_wconf 87' lang='lat' dir='ltr'>divino:</span> <span class='ocrx_word' id='word_1_313' title='bbox 945 5213 1108 5294; x_wconf 89' lang='lat' dir='ltr'>humuno,</span> <span class='ocrx_word' id='word_1_314' title='bbox 1133 5215 1257 5298; x_wconf 89' lang='lat' dir='ltr'>quaudo</span> <span class='ocrx_word' id='word_1_315' title='bbox 1280 5213 1355 5280; x_wconf 90' lang='lat' dir='ltr'>dicit</span> <span class='ocrx_word' id='word_1_316' title='bbox 1384 5215 1412 5282; x_wconf 91' lang='lat' dir='ltr'>ei</span> 
     </span>
     <span class='ocr_line' id='line_1_44' title="bbox 456 5321 1411 5410; baseline -0.004 -18"><span class='ocrx_word' id='word_1_317' title='bbox 456 5327 511 5410; x_wconf 90' lang='lat' dir='ltr'>qui</span> <span class='ocrx_word' id='word_1_318' title='bbox 533 5331 636 5410; x_wconf 91' lang='lat' dir='ltr'>potest</span> <span class='ocrx_word' id='word_1_319' title='bbox 657 5325 839 5410; x_wconf 85' lang='lat' dir='ltr'>praecipere</span> <span class='ocrx_word' id='word_1_320' title='bbox 863 5331 892 5392; x_wconf 92' lang='lat' dir='ltr'>et</span> <span class='ocrx_word' id='word_1_321' title='bbox 915 5323 1080 5409; x_wconf 88' lang='lat' dir='ltr'>praecipit,</span> <span class='ocrx_word' id='word_1_322' title='bbox 1104 5327 1140 5388; x_wconf 94' lang='lat' dir='ltr'>ut</span> <span class='ocrx_word' id='word_1_323' title='bbox 1163 5321 1258 5400; x_wconf 91' lang='lat' dir='ltr'>dicat;</span> <span class='ocrx_word' id='word_1_324' title='bbox 1283 5321 1411 5402; x_wconf 84' lang='lat' dir='ltr'>divino,</span> 
     </span>
     <span class='ocr_line' id='line_1_45' title="bbox 438 5425 1413 5516; baseline -0.003 -19"><span class='ocrx_word' id='word_1_325' title='bbox 438 5433 581 5516; x_wconf 51' lang='lat' dir='ltr'>¹quando</span> <span class='ocrx_word' id='word_1_326' title='bbox 605 5431 792 5500; x_wconf 86' lang='lat' dir='ltr'>conscientia</span> <span class='ocrx_word' id='word_1_327' title='bbox 814 5431 909 5498; x_wconf 89' lang='lat' dir='ltr'>dictat</span> <span class='ocrx_word' id='word_1_328' title='bbox 933 5429 1065 5508; x_wconf 90' lang='lat' dir='ltr'>bomini,</span> <span class='ocrx_word' id='word_1_329' title='bbox 1089 5427 1173 5514; x_wconf 91' lang='lat' dir='ltr'>quod</span> <span class='ocrx_word' id='word_1_330' title='bbox 1197 5425 1263 5512; x_wconf 90' lang='lat' dir='ltr'>ipsc</span> <span class='ocrx_word' id='word_1_331' title='bbox 1287 5433 1413 5494; x_wconf 86' lang='lat' dir='ltr'>tenetur</span> 
     </span>
     <span class='ocr_line' id='line_1_46' title="bbox 456 5533 1412 5622; baseline -0.003 -20"><span class='ocrx_word' id='word_1_332' title='bbox 456 5555 605 5604; x_wconf 87' lang='lat' dir='ltr'>accusare</span> <span class='ocrx_word' id='word_1_333' title='bbox 629 5537 827 5622; x_wconf 81' lang='lat' dir='ltr'>proximtuu,</span> <span class='ocrx_word' id='word_1_334' title='bbox 851 5543 887 5602; x_wconf 92' lang='lat' dir='ltr'>ut</span> <span class='ocrx_word' id='word_1_335' title='bbox 917 5535 1106 5620; x_wconf 89' lang='lat' dir='ltr'>corrigatur,</span> <span class='ocrx_word' id='word_1_336' title='bbox 1130 5533 1303 5602; x_wconf 87' lang='lat' dir='ltr'>secundum</span> <span class='ocrx_word' id='word_1_337' title='bbox 1334 5533 1412 5600; x_wconf 92' lang='lat' dir='ltr'>illud</span> 
     </span>
     <span class='ocr_line' id='line_1_47' title="bbox 320 5641 1411 5728; baseline -0.003 -19"><span class='ocrx_word' id='word_1_338' title='bbox 320 5651 436 5696; x_wconf 68' lang='lat' dir='ltr'>Secundus</span> <span class='ocrx_word' id='word_1_339' title='bbox 455 5649 657 5728; x_wconf 90' lang='lat' dir='ltr'>praeceptum</span> <span class='ocrx_word' id='word_1_340' title='bbox 681 5641 804 5710; x_wconf 86' lang='lat' dir='ltr'>Domini</span> <span class='ocrx_word' id='word_1_341' title='bbox 826 5641 865 5710; x_wconf 92' lang='lat' dir='ltr'>de</span> <span class='ocrx_word' id='word_1_342' title='bbox 887 5641 1080 5710; x_wconf 89' lang='lat' dir='ltr'>correctione</span> <span class='ocrx_word' id='word_1_343' title='bbox 1103 5641 1250 5708; x_wconf 86' lang='grc'><strong>11616111.</strong></span> <span class='ocrx_word' id='word_1_344' title='bbox 1263 5677 1308 5688; x_wconf 83' lang='grc'>--</span> <span class='ocrx_word' id='word_1_345' title='bbox 1323 5641 1411 5706; x_wconf 90' lang='lat' dir='ltr'>Tunc</span> 
     </span>
    </p>
   </div>
   <div class='ocr_carea' id='block_1_4' title="bbox 1488 775 2598 2232">
    <p class='ocr_par' dir='ltr' id='par_1_14' title="bbox 1491 775 2560 1470">
     <span class='ocr_line' id='line_1_48' title="bbox 1491 775 2450 866; baseline 0.002 -22"><span class='ocrx_word' id='word_1_346' title='bbox 1491 783 1539 846; x_wconf 91' lang='lat' dir='ltr'>est</span> <span class='ocrx_word' id='word_1_347' title='bbox 1562 779 1671 846; x_wconf 90' lang='lat' dir='ltr'>audire</span> <span class='ocrx_word' id='word_1_348' title='bbox 1695 781 1772 846; x_wconf 92' lang='lat' dir='ltr'>illud</span> <span class='ocrx_word' id='word_1_349' title='bbox 1793 781 1912 846; x_wconf 83' lang='grc'><strong>1611661</strong></span> <span class='ocrx_word' id='word_1_350' title='bbox 1928 783 1961 844; x_wconf 90' lang='grc'>61</span> <span class='ocrx_word' id='word_1_351' title='bbox 1982 795 2044 844; x_wconf 88' lang='grc'>666</span> <span class='ocrx_word' id='word_1_352' title='bbox 2069 775 2156 844; x_wconf 88' lang='lat' dir='ltr'>obest</span> <span class='ocrx_word' id='word_1_353' title='bbox 2166 775 2192 856; x_wconf 84' lang='lat'>⁵,</span> <span class='ocrx_word' id='word_1_354' title='bbox 2214 777 2297 844; x_wconf 89' lang='grc'><strong>61661</strong></span> <span class='ocrx_word' id='word_1_355' title='bbox 2325 781 2450 866; x_wconf 87' lang='lat' dir='ltr'>quando</span> 
     </span>
     <span class='ocr_line' id='line_1_49' title="bbox 1491 877 2451 970; baseline 0.002 -20"><span class='ocrx_word' id='word_1_356' title='bbox 1491 883 1564 970; x_wconf 93' lang='lat' dir='ltr'>quis</span> <span class='ocrx_word' id='word_1_357' title='bbox 1586 891 1695 952; x_wconf 89' lang='lat' dir='ltr'>narrat</span> <span class='ocrx_word' id='word_1_358' title='bbox 1717 883 1852 962; x_wconf 82' lang='lat' dir='ltr'>heroici,</span> <span class='ocrx_word' id='word_1_359' title='bbox 1877 881 1931 966; x_wconf 85' lang='lat' dir='ltr'>qui</span> <span class='ocrx_word' id='word_1_360' title='bbox 1955 877 2055 964; x_wconf 85' lang='lat' dir='ltr'>diligit</span> <span class='ocrx_word' id='word_1_361' title='bbox 2076 883 2108 946; x_wconf 92' lang='lat' dir='ltr'>et</span> <span class='ocrx_word' id='word_1_362' title='bbox 2131 881 2184 968; x_wconf 91' lang='lat' dir='ltr'>qui</span> <span class='ocrx_word' id='word_1_363' title='bbox 2208 883 2396 966; x_wconf 89' lang='lat' dir='ltr'>compatitur</span> <span class='ocrx_word' id='word_1_364' title='bbox 2419 891 2451 952; x_wconf 88' lang='lat' dir='ltr'>et</span> 
     </span>
     <span class='ocr_line' id='line_1_50' title="bbox 1492 985 2560 1076; baseline -0.008 -20"><span class='ocrx_word' id='word_1_365' title='bbox 1492 991 1587 1058; x_wconf 88' lang='lat' dir='ltr'>babet</span> <span class='ocrx_word' id='word_1_366' title='bbox 1613 989 1806 1056; x_wconf 87' lang='lat' dir='ltr'>voluntatem</span> <span class='ocrx_word' id='word_1_367' title='bbox 1829 985 2005 1076; x_wconf 89' lang='lat' dir='ltr'>corrigendi</span> <span class='ocrx_word' id='word_1_368' title='bbox 2031 985 2145 1072; x_wconf 91' lang='lat' dir='ltr'>ipsum.</span> <span class='ocrx_word' id='word_1_369' title='bbox 2163 987 2350 1072; x_wconf 83' lang='lat' dir='ltr'>-Quando</span> <span class='ocrx_word' id='word_1_370' title='bbox 2375 1003 2560 1054; x_wconf 71' lang='grc'><strong>1611166...</strong></span> 
     </span>
     <span class='ocr_line' id='line_1_51' title="bbox 1491 1089 2449 1178; baseline -0.002 -18"><span class='ocrx_word' id='word_1_371' title='bbox 1491 1113 1553 1160; x_wconf 90' lang='grc'>616</span> <span class='ocrx_word' id='word_1_372' title='bbox 1585 1093 1801 1162; x_wconf 88' lang='lat' dir='ltr'>consideratur</span> <span class='ocrx_word' id='word_1_373' title='bbox 1828 1089 2012 1170; x_wconf 90' lang='lat' dir='ltr'>necessitas,</span> <span class='ocrx_word' id='word_1_374' title='bbox 2038 1111 2096 1160; x_wconf 90' lang='lat' dir='ltr'>nec</span> <span class='ocrx_word' id='word_1_375' title='bbox 2124 1093 2338 1162; x_wconf 88' lang='lat' dir='ltr'>consideratur</span> <span class='ocrx_word' id='word_1_376' title='bbox 2366 1093 2449 1178; x_wconf 88' lang='lat' dir='ltr'>utili-</span> 
     </span>
     <span class='ocr_line' id='line_1_52' title="bbox 1491 1193 2451 1276; baseline 0 -12"><span class='ocrx_word' id='word_1_377' title='bbox 1491 1205 1553 1276; x_wconf 88' lang='lat' dir='ltr'>tas,</span> <span class='ocrx_word' id='word_1_378' title='bbox 1577 1197 1669 1264; x_wconf 89' lang='lat' dir='ltr'>etiam</span> <span class='ocrx_word' id='word_1_379' title='bbox 1687 1195 1712 1262; x_wconf 93' lang='lat' dir='ltr'>si</span> <span class='ocrx_word' id='word_1_380' title='bbox 1727 1195 1769 1260; x_wconf 89' lang='lat' dir='ltr'>sit</span> <span class='ocrx_word' id='word_1_381' title='bbox 1790 1193 1924 1272; x_wconf 82' lang='grc'><strong>1611166,</strong></span> <span class='ocrx_word' id='word_1_382' title='bbox 1949 1213 2012 1262; x_wconf 89' lang='grc'>166</span> <span class='ocrx_word' id='word_1_383' title='bbox 2033 1203 2206 1264; x_wconf 87' lang='lat' dir='ltr'>excusatur</span> <span class='ocrx_word' id='word_1_384' title='bbox 2222 1215 2242 1264; x_wconf 87' lang='lat' dir='ltr'>a</span> <span class='ocrx_word' id='word_1_385' title='bbox 2258 1195 2451 1264; x_wconf 82' lang='lat' dir='ltr'>detrahendi</span> 
     </span>
     <span class='ocr_line' id='line_1_53' title="bbox 1492 1297 2448 1388; baseline 0.002 -22"><span class='ocrx_word' id='word_1_386' title='bbox 1492 1301 1644 1378; x_wconf 87' lang='lat' dir='ltr'>libidine,</span> <span class='ocrx_word' id='word_1_387' title='bbox 1666 1297 1763 1364; x_wconf 88' lang='lat' dir='ltr'>immo</span> <span class='ocrx_word' id='word_1_388' title='bbox 1784 1303 1911 1384; x_wconf 87' lang='lat' dir='ltr'>peccato</span> <span class='ocrx_word' id='word_1_389' title='bbox 1935 1299 2136 1370; x_wconf 84' lang='lat' dir='ltr'>detractionis</span> <span class='ocrx_word' id='word_1_390' title='bbox 2156 1307 2280 1388; x_wconf 89' lang='lat' dir='ltr'>peccat,</span> <span class='ocrx_word' id='word_1_391' title='bbox 2306 1303 2398 1370; x_wconf 85' lang='lat' dir='ltr'>etiam</span> <span class='ocrx_word' id='word_1_392' title='bbox 2422 1303 2448 1370; x_wconf 89' lang='lat' dir='ltr'>si</span> 
     </span>
     <span class='ocr_line' id='line_1_54' title="bbox 1493 1401 1815 1470; baseline 0 -2"><span class='ocrx_word' id='word_1_393' title='bbox 1493 1421 1604 1470; x_wconf 89' lang='lat' dir='ltr'>verum</span> <span class='ocrx_word' id='word_1_394' title='bbox 1628 1401 1717 1468; x_wconf 88' lang='lat' dir='ltr'>dicat.</span> <span class='ocrx_word' id='word_1_395' title='bbox 1814 1409 1815 1416; x_wconf 77' lang='grc'>’</span> 
     </span>
    </p>

    <p class='ocr_par' dir='ltr' id='par_1_15' title="bbox 1490 1507 2447 1910">
     <span class='ocr_line' id='line_1_55' title="bbox 1580 1507 2447 1600; baseline 0.009 -28"><span class='ocrx_word' id='word_1_396' title='bbox 1580 1507 1722 1574; x_wconf 85' lang='lat' dir='ltr'>Rationes</span> <span class='ocrx_word' id='word_1_397' title='bbox 1745 1507 1851 1594; x_wconf 87' lang='lat' dir='ltr'>igitur,</span> <span class='ocrx_word' id='word_1_398' title='bbox 1877 1527 1957 1594; x_wconf 88' lang='lat' dir='ltr'>quae</span> <span class='ocrx_word' id='word_1_399' title='bbox 1988 1513 2139 1596; x_wconf 86' lang='lat' dir='ltr'>probant,</span> <span class='ocrx_word' id='word_1_400' title='bbox 2167 1515 2253 1600; x_wconf 90' lang='lat' dir='ltr'>quod</span> <span class='ocrx_word' id='word_1_401' title='bbox 2282 1519 2447 1600; x_wconf 89' lang='lat' dir='ltr'>peccatum</span> 
     </span>
     <span class='ocr_line' id='line_1_56' title="bbox 1491 1611 2447 1700; baseline 0.01 -22"><span class='ocrx_word' id='word_1_402' title='bbox 1491 1613 1531 1678; x_wconf 91' lang='lat' dir='ltr'>sit</span> <span class='ocrx_word' id='word_1_403' title='bbox 1553 1611 1657 1680; x_wconf 89' lang='lat' dir='ltr'>dicere</span> <span class='ocrx_word' id='word_1_404' title='bbox 1680 1613 1796 1682; x_wconf 89' lang='lat' dir='ltr'>malum</span> <span class='ocrx_word' id='word_1_405' title='bbox 1829 1615 1867 1684; x_wconf 94' lang='lat' dir='ltr'>de</span> <span class='ocrx_word' id='word_1_406' title='bbox 1897 1615 1957 1684; x_wconf 91' lang='lat' dir='ltr'>alio</span> <span class='ocrx_word' id='word_1_407' title='bbox 1988 1617 2203 1700; x_wconf 85' lang='grc'><strong>1161666116,</strong></span> <span class='ocrx_word' id='word_1_408' title='bbox 2235 1621 2447 1690; x_wconf 86' lang='lat' dir='ltr'>concedendae</span> 
     </span>
     <span class='ocr_line' id='line_1_57' title="bbox 1491 1717 2446 1806; baseline 0.01 -22"><span class='ocrx_word' id='word_1_409' title='bbox 1491 1717 1655 1798; x_wconf 69' lang='grc'><strong>66616161</strong></span> <span class='ocrx_word' id='word_1_410' title='bbox 1678 1719 1864 1786; x_wconf 84' lang='lat' dir='ltr'>interveniat</span> <span class='ocrx_word' id='word_1_411' title='bbox 1881 1723 2256 1806; x_wconf 83' lang='grc'><strong>666666111616111111166;</strong></span> <span class='ocrx_word' id='word_1_412' title='bbox 2273 1733 2348 1792; x_wconf 93' lang='lat' dir='ltr'>tunc</span> <span class='ocrx_word' id='word_1_413' title='bbox 2365 1727 2446 1794; x_wconf 90' lang='lat' dir='ltr'>enim</span> 
     </span>
     <span class='ocr_line' id='line_1_58' title="bbox 1490 1825 1920 1910; baseline 0 -22"><span class='ocrx_word' id='word_1_414' title='bbox 1490 1827 1591 1908; x_wconf 88' lang='lat' dir='ltr'>patet,</span> <span class='ocrx_word' id='word_1_415' title='bbox 1616 1825 1701 1910; x_wconf 91' lang='lat' dir='ltr'>quod</span> <span class='ocrx_word' id='word_1_416' title='bbox 1722 1845 1783 1892; x_wconf 93' lang='lat' dir='ltr'>non</span> <span class='ocrx_word' id='word_1_417' title='bbox 1809 1825 1920 1894; x_wconf 86' lang='lat' dir='ltr'>valent.</span> 
     </span>
    </p>

    <p class='ocr_par' dir='ltr' id='par_1_16' title="bbox 1488 1931 2598 2232">
     <span class='ocr_line' id='line_1_59' title="bbox 1582 1931 2598 2022; baseline 0 -26"><span class='ocrx_word' id='word_1_418' title='bbox 1582 1933 1610 1996; x_wconf 94' lang='grc'>1.</span> <span class='ocrx_word' id='word_1_419' title='bbox 1634 1931 1722 2014; x_wconf 84' lang='lat' dir='ltr'>Quod</span> <span class='ocrx_word' id='word_1_420' title='bbox 1745 1931 1892 2000; x_wconf 90' lang='lat' dir='ltr'>obiicitur</span> <span class='ocrx_word' id='word_1_421' title='bbox 1914 1933 1947 1998; x_wconf 92' lang='lat' dir='ltr'>in</span> <span class='ocrx_word' id='word_1_422' title='bbox 1974 1933 2187 2014; x_wconf 89' lang='lat' dir='ltr'>contrarium,</span> <span class='ocrx_word' id='word_1_423' title='bbox 2210 1935 2295 2022; x_wconf 91' lang='lat' dir='ltr'>quod</span> <span class='ocrx_word' id='word_1_424' title='bbox 2324 1935 2444 2004; x_wconf 90' lang='lat' dir='ltr'>iustum</span> <span class='ocrx_word' id='word_1_425' title='bbox 2463 1951 2547 2014; x_wconf 69' lang='lat' dir='ltr'>sortus</span> <span class='ocrx_word' id='word_1_426' title='bbox 2561 1965 2598 2008; x_wconf 71' lang='lat' dir='ltr'>tp-</span> 
     </span>
     <span class='ocr_line' id='line_1_60' title="bbox 1489 2007 2593 2128; baseline 0.004 -24"><span class='ocrx_word' id='word_1_427' title='bbox 1489 2041 1536 2104; x_wconf 89' lang='lat' dir='ltr'>est</span> <span class='ocrx_word' id='word_1_428' title='bbox 1559 2035 1740 2122; x_wconf 84' lang='lat' dir='ltr'>uituperare</span> <span class='ocrx_word' id='word_1_429' title='bbox 1763 2047 1839 2118; x_wconf 91' lang='lat' dir='ltr'>etc.;</span> <span class='ocrx_word' id='word_1_430' title='bbox 1872 2037 2056 2118; x_wconf 91' lang='lat' dir='ltr'>dicendum,</span> <span class='ocrx_word' id='word_1_431' title='bbox 2087 2041 2172 2124; x_wconf 92' lang='lat' dir='ltr'>quod</span> <span class='ocrx_word' id='word_1_432' title='bbox 2195 2041 2337 2126; x_wconf 85' lang='lat' dir='ltr'>quamvis</span> <span class='ocrx_word' id='word_1_433' title='bbox 2361 2041 2444 2128; x_wconf 86' lang='lat' dir='ltr'>digni</span> <span class='ocrx_word' id='word_1_434' title='bbox 2467 2007 2593 2058; x_wconf 48' lang='lat' dir='ltr'>”mim</span> 
     </span>
     <span class='ocr_line' id='line_1_61' title="bbox 1488 2141 2444 2232; baseline 0.007 -22"><span class='ocrx_word' id='word_1_435' title='bbox 1488 2141 1550 2210; x_wconf 91' lang='lat' dir='ltr'>sint</span> <span class='ocrx_word' id='word_1_436' title='bbox 1566 2143 1735 2230; x_wconf 81' lang='lat' dir='ltr'>vituperio,</span> <span class='ocrx_word' id='word_1_437' title='bbox 1752 2163 1814 2228; x_wconf 89' lang='lat' dir='ltr'>non</span> <span class='ocrx_word' id='word_1_438' title='bbox 1837 2151 1942 2212; x_wconf 89' lang='lat' dir='ltr'>tamen</span> <span class='ocrx_word' id='word_1_439' title='bbox 1957 2145 2051 2212; x_wconf 91' lang='lat' dir='ltr'>homo</span> <span class='ocrx_word' id='word_1_440' title='bbox 2066 2143 2157 2212; x_wconf 90' lang='lat' dir='ltr'>debet</span> <span class='ocrx_word' id='word_1_441' title='bbox 2177 2145 2367 2232; x_wconf 85' lang='lat' dir='ltr'>vituperare.</span> <span class='ocrx_word' id='word_1_442' title='bbox 2384 2149 2444 2216; x_wconf 92' lang='lat' dir='ltr'>Nec</span> 
     </span>
    </p>
   </div>
   <div class='ocr_carea' id='block_1_5' title="bbox 1406 2249 2507 2352">
    <p class='ocr_par' dir='ltr' id='par_1_17' title="bbox 1406 2249 2507 2352">
     <span class='ocr_line' id='line_1_62' title="bbox 1406 2249 2507 2352; baseline 0.007 -39"><span class='ocrx_word' id='word_1_443' title='bbox 1406 2261 1409 2272; x_wconf 57' lang='lat'><strong>¹</strong></span> <span class='ocrx_word' id='word_1_444' title='bbox 1488 2253 1535 2314; x_wconf 92' lang='lat' dir='ltr'>est</span> <span class='ocrx_word' id='word_1_445' title='bbox 1559 2249 1659 2318; x_wconf 90' lang='lat' dir='ltr'>simile</span> <span class='ocrx_word' id='word_1_446' title='bbox 1682 2251 1719 2316; x_wconf 92' lang='lat' dir='ltr'>de</span> <span class='ocrx_word' id='word_1_447' title='bbox 1744 2251 1848 2332; x_wconf 91' lang='lat' dir='ltr'>laude,</span> <span class='ocrx_word' id='word_1_448' title='bbox 1874 2251 1949 2336; x_wconf 90' lang='lat' dir='ltr'>quia</span> <span class='ocrx_word' id='word_1_449' title='bbox 1970 2251 2054 2318; x_wconf 85' lang='lat' dir='ltr'>famu</span> <span class='ocrx_word' id='word_1_450' title='bbox 2074 2251 2154 2318; x_wconf 89' lang='lat' dir='ltr'>bona</span> <span class='ocrx_word' id='word_1_451' title='bbox 2183 2251 2361 2320; x_wconf 78' lang='grc'><strong>6161161611</strong></span> <span class='ocrx_word' id='word_1_452' title='bbox 2389 2255 2445 2320; x_wconf 93' lang='lat' dir='ltr'>ho·</span> <span class='ocrx_word' id='word_1_453' title='bbox 2506 2349 2507 2352; x_wconf 8' lang='grc' dir='ltr'><strong>Ἴ</strong></span> 
     </span>
    </p>
   </div>
   <div class='ocr_carea' id='block_1_6' title="bbox 1482 2357 2492 3712">
    <p class='ocr_par' dir='ltr' id='par_1_18' title="bbox 1487 2357 2492 2634">
     <span class='ocr_line' id='line_1_63' title="bbox 1487 2357 2492 2446; baseline 0.005 -25"><span class='ocrx_word' id='word_1_454' title='bbox 1487 2372 1584 2436; x_wconf 85' lang='grc'><strong>6611,</strong></span> <span class='ocrx_word' id='word_1_455' title='bbox 1608 2357 1660 2422; x_wconf 86' lang='grc'>661</span> <span class='ocrx_word' id='word_1_456' title='bbox 1679 2359 1761 2424; x_wconf 89' lang='lat' dir='ltr'>mala</span> <span class='ocrx_word' id='word_1_457' title='bbox 1775 2359 1815 2424; x_wconf 88' lang='lat' dir='ltr'>ad</span> <span class='ocrx_word' id='word_1_458' title='bbox 1836 2358 1973 2438; x_wconf 90' lang='lat' dir='ltr'>malum,</span> <span class='ocrx_word' id='word_1_459' title='bbox 1998 2363 2027 2424; x_wconf 95' lang='grc'>61</span> <span class='ocrx_word' id='word_1_460' title='bbox 2044 2357 2113 2424; x_wconf 88' lang='grc'><strong>1166</strong></span> <span class='ocrx_word' id='word_1_461' title='bbox 2135 2363 2261 2426; x_wconf 89' lang='lat' dir='ltr'>nonest</span> <span class='ocrx_word' id='word_1_462' title='bbox 2282 2359 2442 2444; x_wconf 88' lang='lat' dir='ltr'>publican-</span> <span class='ocrx_word' id='word_1_463' title='bbox 2489 2439 2492 2446; x_wconf 32' lang='grc'><strong>,</strong></span> 
     </span>
     <span class='ocr_line' id='line_1_64' title="bbox 1487 2461 2442 2546; baseline 0.004 -18"><span class='ocrx_word' id='word_1_464' title='bbox 1487 2461 1563 2528; x_wconf 90' lang='lat' dir='ltr'>dum</span> <span class='ocrx_word' id='word_1_465' title='bbox 1577 2463 1705 2542; x_wconf 90' lang='lat' dir='ltr'>malum,</span> <span class='ocrx_word' id='word_1_466' title='bbox 1721 2463 1804 2530; x_wconf 91' lang='lat' dir='ltr'>sicut</span> <span class='ocrx_word' id='word_1_467' title='bbox 1819 2465 1946 2530; x_wconf 90' lang='lat' dir='ltr'>bonum.</span> <span class='ocrx_word' id='word_1_468' title='bbox 1959 2501 2004 2512; x_wconf 92' lang='lat'>—</span> <span class='ocrx_word' id='word_1_469' title='bbox 2015 2463 2189 2546; x_wconf 86' lang='lat' dir='ltr'>Praeterea,</span> <span class='ocrx_word' id='word_1_470' title='bbox 2201 2483 2262 2530; x_wconf 92' lang='lat' dir='ltr'>noo</span> <span class='ocrx_word' id='word_1_471' title='bbox 2278 2471 2326 2532; x_wconf 92' lang='lat' dir='ltr'>est</span> <span class='ocrx_word' id='word_1_472' title='bbox 2337 2483 2442 2532; x_wconf 93' lang='lat' dir='ltr'>meum</span> 
     </span>
     <span class='ocr_line' id='line_1_65' title="bbox 1487 2565 1636 2634; baseline 0.007 -3"><span class='ocrx_word' id='word_1_473' title='bbox 1487 2565 1636 2634; x_wconf 85' lang='lat' dir='ltr'>iudicare.</span> 
     </span>
    </p>

    <p class='ocr_par' dir='ltr' id='par_1_19' title="bbox 1484 2667 2499 3168">
     <span class='ocr_line' id='line_1_66' title="bbox 1577 2667 2442 2762; baseline 0.009 -24"><span class='ocrx_word' id='word_1_474' title='bbox 1577 2677 1605 2738; x_wconf 76' lang='grc'>1.</span> <span class='ocrx_word' id='word_1_475' title='bbox 1632 2673 1718 2756; x_wconf 85' lang='lat' dir='ltr'>Quod</span> <span class='ocrx_word' id='word_1_476' title='bbox 1751 2675 1896 2742; x_wconf 92' lang='lat' dir='ltr'>obiicitur</span> <span class='ocrx_word' id='word_1_477' title='bbox 1928 2675 1965 2740; x_wconf 91' lang='lat' dir='ltr'>de</span> <span class='ocrx_word' id='word_1_478' title='bbox 1998 2667 2226 2762; x_wconf 80' lang='lat' dir='ltr'>compassione,</span> <span class='ocrx_word' id='word_1_479' title='bbox 2258 2677 2442 2760; x_wconf 91' lang='lat' dir='ltr'>dicendum,</span> 
     </span>
     <span class='ocr_line' id='line_1_67' title="bbox 1486 2779 2442 2866; baseline 0.012 -24"><span class='ocrx_word' id='word_1_480' title='bbox 1486 2779 1571 2862; x_wconf 93' lang='lat' dir='ltr'>quod</span> <span class='ocrx_word' id='word_1_481' title='bbox 1593 2797 1669 2844; x_wconf 85' lang='lat' dir='ltr'>vera</span> <span class='ocrx_word' id='word_1_482' title='bbox 1692 2779 1864 2864; x_wconf 85' lang='lat' dir='ltr'>compassio</span> <span class='ocrx_word' id='word_1_483' title='bbox 1895 2785 1959 2858; x_wconf 91' lang='lat' dir='ltr'>est,</span> <span class='ocrx_word' id='word_1_484' title='bbox 1988 2779 2019 2846; x_wconf 93' lang='lat' dir='ltr'>in</span> <span class='ocrx_word' id='word_1_485' title='bbox 2043 2801 2106 2866; x_wconf 88' lang='lat' dir='ltr'>qua</span> <span class='ocrx_word' id='word_1_486' title='bbox 2136 2785 2323 2851; x_wconf 87' lang='lat' dir='ltr'>vulneratur</span> <span class='ocrx_word' id='word_1_487' title='bbox 2360 2803 2442 2852; x_wconf 86' lang='lat' dir='ltr'>com-</span> 
     </span>
     <span class='ocr_line' id='line_1_68' title="bbox 1485 2883 2442 2974; baseline 0.006 -24"><span class='ocrx_word' id='word_1_488' title='bbox 1485 2883 1625 2968; x_wconf 88' lang='lat' dir='ltr'>patiens,</span> <span class='ocrx_word' id='word_1_489' title='bbox 1648 2903 1711 2950; x_wconf 92' lang='lat' dir='ltr'>non</span> <span class='ocrx_word' id='word_1_490' title='bbox 1734 2885 1767 2950; x_wconf 91' lang='lat' dir='ltr'>in</span> <span class='ocrx_word' id='word_1_491' title='bbox 1790 2905 1853 2970; x_wconf 91' lang='lat' dir='ltr'>qua</span> <span class='ocrx_word' id='word_1_492' title='bbox 1873 2885 2091 2950; x_wconf 83' lang='lat' dir='ltr'>damnificatur</span> <span class='ocrx_word' id='word_1_493' title='bbox 2107 2887 2211 2954; x_wconf 89' lang='lat' dir='ltr'>miser.</span> <span class='ocrx_word' id='word_1_494' title='bbox 2237 2889 2271 2954; x_wconf 87' lang='lat' dir='ltr'>Et</span> <span class='ocrx_word' id='word_1_495' title='bbox 2295 2889 2370 2974; x_wconf 92' lang='lat' dir='ltr'>quia</span> <span class='ocrx_word' id='word_1_496' title='bbox 2384 2889 2442 2956; x_wconf 91' lang='lat' dir='ltr'>iste</span> 
     </span>
     <span class='ocr_line' id='line_1_69' title="bbox 1485 2989 2440 3078; baseline 0.008 -24"><span class='ocrx_word' id='word_1_497' title='bbox 1485 2989 1517 3054; x_wconf 92' lang='lat' dir='ltr'>in</span> <span class='ocrx_word' id='word_1_498' title='bbox 1540 2989 1599 3056; x_wconf 87' lang='lat' dir='ltr'>bac</span> <span class='ocrx_word' id='word_1_499' title='bbox 1623 2989 1821 3058; x_wconf 87' lang='lat' dir='ltr'>oblocutione</span> <span class='ocrx_word' id='word_1_500' title='bbox 1841 2989 2019 3058; x_wconf 84' lang='lat' dir='ltr'>damnificet</span> <span class='ocrx_word' id='word_1_501' title='bbox 2043 2995 2264 3078; x_wconf 78' lang='lat' dir='ltr'>paccatorem6</span> <span class='ocrx_word' id='word_1_502' title='bbox 2290 2995 2320 3060; x_wconf 93' lang='lat' dir='ltr'>in</span> <span class='ocrx_word' id='word_1_503' title='bbox 2343 2995 2440 3076; x_wconf 88' lang='lat' dir='ltr'>lama,</span> 
     </span>
     <span class='ocr_line' id='line_1_70' title="bbox 1484 3095 1932 3164; baseline 0.006 -4"><span class='ocrx_word' id='word_1_504' title='bbox 1484 3095 1553 3162; x_wconf 88' lang='lat' dir='ltr'>ideo</span> <span class='ocrx_word' id='word_1_505' title='bbox 1576 3115 1638 3162; x_wconf 93' lang='lat' dir='ltr'>non</span> <span class='ocrx_word' id='word_1_506' title='bbox 1660 3095 1754 3162; x_wconf 89' lang='lat' dir='ltr'>debet</span> <span class='ocrx_word' id='word_1_507' title='bbox 1774 3115 1932 3164; x_wconf 88' lang='lat' dir='ltr'>accusare.</span> 
     </span>
    </p>

    <p class='ocr_par' dir='ltr' id='par_1_20' title="bbox 1482 3201 2440 3712">
     <span class='ocr_line' id='line_1_71' title="bbox 1574 3201 2440 3286; baseline 0.007 -18"><span class='ocrx_word' id='word_1_508' title='bbox 1574 3201 1602 3268; x_wconf 88' lang='grc'>3.</span> <span class='ocrx_word' id='word_1_509' title='bbox 1629 3203 1716 3286; x_wconf 87' lang='lat' dir='ltr'>Quod</span> <span class='ocrx_word' id='word_1_510' title='bbox 1748 3203 1893 3270; x_wconf 89' lang='lat' dir='ltr'>obiicitur</span> <span class='ocrx_word' id='word_1_511' title='bbox 1924 3201 1962 3268; x_wconf 93' lang='lat' dir='ltr'>de</span> <span class='ocrx_word' id='word_1_512' title='bbox 1993 3203 2115 3270; x_wconf 89' lang='lat' dir='ltr'>Domini</span> <span class='ocrx_word' id='word_1_513' title='bbox 2144 3205 2309 3286; x_wconf 88' lang='lat' dir='ltr'>mandato,</span> <span class='ocrx_word' id='word_1_514' title='bbox 2336 3205 2440 3274; x_wconf 91' lang='lat' dir='ltr'>dicen-</span> 
     </span>
     <span class='ocr_line' id='line_1_72' title="bbox 1484 3307 2439 3398; baseline 0.008 -24"><span class='ocrx_word' id='word_1_515' title='bbox 1484 3307 1574 3388; x_wconf 92' lang='lat' dir='ltr'>dum,</span> <span class='ocrx_word' id='word_1_516' title='bbox 1598 3309 1683 3394; x_wconf 89' lang='lat' dir='ltr'>quod</span> <span class='ocrx_word' id='word_1_517' title='bbox 1698 3309 1848 3376; x_wconf 84' lang='lat' dir='ltr'>Dominus</span> <span class='ocrx_word' id='word_1_518' title='bbox 1866 3307 2021 3394; x_wconf 85' lang='lat' dir='ltr'>iutelligit,</span> <span class='ocrx_word' id='word_1_519' title='bbox 2048 3309 2131 3396; x_wconf 91' lang='lat' dir='ltr'>quod</span> <span class='ocrx_word' id='word_1_520' title='bbox 2147 3311 2275 3378; x_wconf 90' lang='lat' dir='ltr'>vocandi</span> <span class='ocrx_word' id='word_1_521' title='bbox 2297 3319 2370 3380; x_wconf 89' lang='lat' dir='ltr'>sunt</span> <span class='ocrx_word' id='word_1_522' title='bbox 2383 3315 2439 3398; x_wconf 87' lang='lat' dir='ltr'>qui</span> 
     </span>
     <span class='ocr_line' id='line_1_73' title="bbox 1483 3413 2439 3502; baseline 0.008 -24"><span class='ocrx_word' id='word_1_523' title='bbox 1483 3419 1615 3498; x_wconf 91' lang='lat' dir='ltr'>possunt</span> <span class='ocrx_word' id='word_1_524' title='bbox 1637 3419 1668 3480; x_wconf 93' lang='lat' dir='ltr'>et</span> <span class='ocrx_word' id='word_1_525' title='bbox 1685 3415 1794 3482; x_wconf 84' lang='grc'><strong>161611</strong></span> <span class='ocrx_word' id='word_1_526' title='bbox 1817 3413 1982 3502; x_wconf 73' lang='lat' dir='ltr'>prodesse,</span> <span class='ocrx_word' id='word_1_527' title='bbox 2000 3421 2029 3482; x_wconf 91' lang='grc'>61</span> <span class='ocrx_word' id='word_1_528' title='bbox 2045 3433 2102 3502; x_wconf 89' lang='lat' dir='ltr'>per</span> <span class='ocrx_word' id='word_1_529' title='bbox 2120 3415 2299 3484; x_wconf 78' lang='lat' dir='ltr'>Ecclesium</span> <span class='ocrx_word' id='word_1_530' title='bbox 2314 3437 2377 3486; x_wconf 92' lang='lat' dir='ltr'>non</span> <span class='ocrx_word' id='word_1_531' title='bbox 2392 3419 2439 3486; x_wconf 88' lang='lat' dir='ltr'>in·</span> 
     </span>
     <span class='ocr_line' id='line_1_74' title="bbox 1484 3519 2439 3610; baseline 0.006 -24"><span class='ocrx_word' id='word_1_532' title='bbox 1484 3519 1593 3604; x_wconf 89' lang='lat' dir='ltr'>telligit</span> <span class='ocrx_word' id='word_1_533' title='bbox 1621 3521 1870 3602; x_wconf 87' lang='lat' dir='ltr'>multitudinem,</span> <span class='ocrx_word' id='word_1_534' title='bbox 1901 3521 1956 3588; x_wconf 88' lang='lat' dir='ltr'>scd</span> <span class='ocrx_word' id='word_1_535' title='bbox 1987 3521 2130 3608; x_wconf 88' lang='lat' dir='ltr'>intelligit</span> <span class='ocrx_word' id='word_1_536' title='bbox 2160 3541 2234 3590; x_wconf 91' lang='lat' dir='ltr'>eum</span> <span class='ocrx_word' id='word_1_537' title='bbox 2264 3523 2318 3610; x_wconf 89' lang='lat' dir='ltr'>qui</span> <span class='ocrx_word' id='word_1_538' title='bbox 2346 3527 2439 3610; x_wconf 91' lang='lat' dir='ltr'>prod-</span> 
     </span>
     <span class='ocr_line' id='line_1_75' title="bbox 1482 3627 2436 3712; baseline 0.004 -18"><span class='ocrx_word' id='word_1_539' title='bbox 1482 3643 1551 3694; x_wconf 89' lang='lat' dir='ltr'>esse</span> <span class='ocrx_word' id='word_1_540' title='bbox 1573 3631 1675 3712; x_wconf 90' lang='lat' dir='ltr'>potest</span> <span class='ocrx_word' id='word_1_541' title='bbox 1697 3633 1728 3694; x_wconf 91' lang='grc'>61</span> <span class='ocrx_word' id='word_1_542' title='bbox 1744 3627 1835 3694; x_wconf 91' lang='lat' dir='ltr'>debet</span> <span class='ocrx_word' id='word_1_543' title='bbox 1858 3627 2033 3712; x_wconf 85' lang='lat' dir='ltr'>corrigere,</span> <span class='ocrx_word' id='word_1_544' title='bbox 2051 3635 2081 3694; x_wconf 92' lang='lat' dir='ltr'>et</span> <span class='ocrx_word' id='word_1_545' title='bbox 2097 3629 2149 3694; x_wconf 90' lang='lat' dir='ltr'>tali</span> <span class='ocrx_word' id='word_1_546' title='bbox 2168 3637 2213 3696; x_wconf 90' lang='lat' dir='ltr'>est</span> <span class='ocrx_word' id='word_1_547' title='bbox 2237 3629 2402 3698; x_wconf 89' lang='lat' dir='ltr'>dicendum</span> <span class='ocrx_word' id='word_1_548' title='bbox 2416 3633 2436 3698; x_wconf 78' lang='lat'>⁷.</span> 
     </span>
    </p>
   </div>
   <div class='ocr_carea' id='block_1_7' title="bbox 1547 3853 2376 4012">
    <p class='ocr_par' dir='ltr' id='par_1_21' title="bbox 1547 3853 2376 4012">
     <span class='ocr_line' id='line_1_76' title="bbox 1547 3853 2376 3928; baseline 0.005 -20"><span class='ocrx_word' id='word_1_549' title='bbox 1547 3853 1675 3926; x_wconf 83' lang='lat' dir='ltr'>Secundo,</span> <span class='ocrx_word' id='word_1_550' title='bbox 1695 3853 1775 3926; x_wconf 80' lang='lat' dir='ltr'>quood</span> <span class='ocrx_word' id='word_1_551' title='bbox 1795 3853 1920 3910; x_wconf 82' lang='grc'><strong>11161166</strong></span> <span class='ocrx_word' id='word_1_552' title='bbox 1940 3853 2088 3926; x_wconf 80' lang='lat' dir='ltr'>regiminis,</span> <span class='ocrx_word' id='word_1_553' title='bbox 2110 3857 2207 3928; x_wconf 80' lang='lat' dir='ltr'>quando</span> <span class='ocrx_word' id='word_1_554' title='bbox 2226 3857 2376 3928; x_wconf 82' lang='grc'><strong>6166161161</strong></span> 
     </span>
     <span class='ocr_line' id='line_1_77' title="bbox 1827 3939 2089 4012; baseline 0 -16"><span class='ocrx_word' id='word_1_555' title='bbox 1827 3939 1961 4012; x_wconf 78' lang='lat' dir='ltr'>praelatus</span> <span class='ocrx_word' id='word_1_556' title='bbox 1981 3941 2089 3998; x_wconf 89' lang='grc'><strong>6161166.</strong></span> 
     </span>
    </p>
   </div>
   <div class='ocr_carea' id='block_1_8' title="bbox 1473 4153 2601 5726">
    <p class='ocr_par' dir='ltr' id='par_1_22' title="bbox 1477 4153 2601 4878">
     <span class='ocr_line' id='line_1_78' title="bbox 1577 4153 2544 4242; baseline 0.001 -23"><span class='ocrx_word' id='word_1_557' title='bbox 1577 4153 1681 4220; x_wconf 88' lang='lat' dir='ltr'>Verbo</span> <span class='ocrx_word' id='word_1_558' title='bbox 1703 4155 1773 4222; x_wconf 84' lang='lat' dir='ltr'>uris</span> <span class='ocrx_word' id='word_1_559' title='bbox 1787 4153 1946 4242; x_wconf 82' lang='lat' dir='ltr'>supientia</span> <span class='ocrx_word' id='word_1_560' title='bbox 1961 4161 2019 4222; x_wconf 92' lang='lat' dir='ltr'>etc.</span> <span class='ocrx_word' id='word_1_561' title='bbox 2045 4155 2134 4222; x_wconf 86' lang='lat' dir='ltr'>Dedit</span> <span class='ocrx_word' id='word_1_562' title='bbox 2150 4175 2247 4240; x_wconf 87' lang='lat' dir='ltr'>snpra</span> <span class='ocrx_word' id='word_1_563' title='bbox 2262 4157 2435 4224; x_wconf 91' lang='lat' dir='ltr'>remedium</span> <span class='ocrx_word' id='word_1_564' title='bbox 2454 4175 2544 4222; x_wconf 80' lang='grc'><strong>6666.</strong></span> 
     </span>
     <span class='ocr_line' id='line_1_79' title="bbox 1481 4260 2436 4346; baseline 0.002 -18"><span class='ocrx_word' id='word_1_565' title='bbox 1481 4267 1590 4328; x_wconf 87' lang='grc'><strong>616116</strong></span> <span class='ocrx_word' id='word_1_566' title='bbox 1613 4260 1742 4346; x_wconf 89' lang='lat' dir='ltr'>praelati</span> <span class='ocrx_word' id='word_1_567' title='bbox 1771 4261 1940 4342; x_wconf 82' lang='lat' dir='ltr'>malitiam3</span> <span class='ocrx_word' id='word_1_568' title='bbox 1964 4261 2015 4328; x_wconf 92' lang='lat' dir='ltr'>hic</span> <span class='ocrx_word' id='word_1_569' title='bbox 2039 4261 2091 4328; x_wconf 88' lang='lat' dir='ltr'>dat</span> <span class='ocrx_word' id='word_1_570' title='bbox 2123 4263 2298 4330; x_wconf 87' lang='lat' dir='ltr'>remedium</span> <span class='ocrx_word' id='word_1_571' title='bbox 2327 4267 2436 4330; x_wconf 88' lang='lat' dir='ltr'>contra</span> 
     </span>
     <span class='ocr_line' id='line_1_80' title="bbox 1477 4363 2435 4452; baseline -0.002 -16"><span class='ocrx_word' id='word_1_572' title='bbox 1477 4367 1611 4452; x_wconf 86' lang='lat' dir='ltr'>praelati</span> <span class='ocrx_word' id='word_1_573' title='bbox 1643 4363 1838 4448; x_wconf 73' lang='lat' dir='ltr'>scultellam,</span> <span class='ocrx_word' id='word_1_574' title='bbox 1873 4367 2057 4448; x_wconf 89' lang='lat' dir='ltr'>ostendens,</span> <span class='ocrx_word' id='word_1_575' title='bbox 2090 4369 2265 4452; x_wconf 86' lang='lat' dir='ltr'>praelatum</span> <span class='ocrx_word' id='word_1_576' title='bbox 2302 4369 2435 4436; x_wconf 87' lang='lat' dir='ltr'>stultum</span> 
     </span>
     <span class='ocr_line' id='line_1_81' title="bbox 1480 4473 2601 4562; baseline 0 -22"><span class='ocrx_word' id='word_1_577' title='bbox 1480 4493 1542 4540; x_wconf 93' lang='lat' dir='ltr'>non</span> <span class='ocrx_word' id='word_1_578' title='bbox 1570 4493 1637 4540; x_wconf 92' lang='lat' dir='ltr'>esse</span> <span class='ocrx_word' id='word_1_579' title='bbox 1667 4475 1933 4558; x_wconf 84' lang='lat' dir='ltr'>promovendum,</span> <span class='ocrx_word' id='word_1_580' title='bbox 1965 4473 2019 4542; x_wconf 91' lang='lat' dir='ltr'>sed</span> <span class='ocrx_word' id='word_1_581' title='bbox 2050 4475 2147 4562; x_wconf 89' lang='lat' dir='ltr'>magis</span> <span class='ocrx_word' id='word_1_582' title='bbox 2178 4475 2360 4560; x_wconf 89' lang='lat' dir='ltr'>praecipitio</span> <span class='ocrx_word' id='word_1_583' title='bbox 2388 4477 2434 4542; x_wconf 90' lang='lat' dir='ltr'>di·</span> <span class='ocrx_word' id='word_1_584' title='bbox 2453 4495 2601 4540; x_wconf 72' lang='lat' dir='ltr'>bertonus.</span> 
     </span>
     <span class='ocr_line' id='line_1_82' title="bbox 1479 4549 2551 4668; baseline 0 -20"><span class='ocrx_word' id='word_1_585' title='bbox 1479 4601 1593 4666; x_wconf 87' lang='lat' dir='ltr'>gnum:</span> <span class='ocrx_word' id='word_1_586' title='bbox 1619 4581 1721 4666; x_wconf 92' lang='lat' dir='ltr'>primo</span> <span class='ocrx_word' id='word_1_587' title='bbox 1738 4585 1866 4668; x_wconf 85' lang='lat' dir='ltr'>propter</span> <span class='ocrx_word' id='word_1_588' title='bbox 1889 4579 2046 4648; x_wconf 87' lang='lat' dir='ltr'>defectum</span> <span class='ocrx_word' id='word_1_589' title='bbox 2063 4579 2235 4646; x_wconf 84' lang='lat' dir='ltr'>lucutionis</span> <span class='ocrx_word' id='word_1_590' title='bbox 2257 4581 2433 4662; x_wconf 67' lang='lat' dir='ltr'>discretum</span> <span class='ocrx_word' id='word_1_591' title='bbox 2494 4549 2551 4606; x_wconf 44' lang='grc' dir='ltr'>ΡΜ</span> 
     </span>
     <span class='ocr_line' id='line_1_83' title="bbox 1479 4686 2433 4772; baseline 0 -18"><span class='ocrx_word' id='word_1_592' title='bbox 1479 4687 1617 4754; x_wconf 90' lang='lat' dir='ltr'>secundo</span> <span class='ocrx_word' id='word_1_593' title='bbox 1639 4693 1767 4772; x_wconf 86' lang='lat' dir='ltr'>propter</span> <span class='ocrx_word' id='word_1_594' title='bbox 1792 4686 1947 4752; x_wconf 86' lang='lat' dir='ltr'>delectum</span> <span class='ocrx_word' id='word_1_595' title='bbox 1972 4687 2244 4752; x_wconf 83' lang='lat' dir='ltr'>considerationis</span> <span class='ocrx_word' id='word_1_596' title='bbox 2254 4687 2433 4770; x_wconf 61' lang='lat' dir='ltr'>procidua</span> 
     </span>
     <span class='ocr_line' id='line_1_84' title="bbox 1479 4789 2351 4878; baseline 0.002 -20"><span class='ocrx_word' id='word_1_597' title='bbox 1479 4793 1571 4860; x_wconf 89' lang='lat' dir='ltr'>tertio</span> <span class='ocrx_word' id='word_1_598' title='bbox 1593 4799 1722 4878; x_wconf 90' lang='lat' dir='ltr'>propter</span> <span class='ocrx_word' id='word_1_599' title='bbox 1746 4791 1901 4860; x_wconf 85' lang='lat' dir='ltr'>delectum</span> <span class='ocrx_word' id='word_1_600' title='bbox 1925 4793 2125 4876; x_wconf 86' lang='lat' dir='ltr'>operutionis</span> <span class='ocrx_word' id='word_1_601' title='bbox 2147 4789 2351 4878; x_wconf 68' lang='lat' dir='ltr'>sr’ttctuosuc.</span> 
     </span>
    </p>

    <p class='ocr_par' dir='ltr' id='par_1_23' title="bbox 1473 4891 2598 5726">
     <span class='ocr_line' id='line_1_85' title="bbox 1567 4891 2598 4984; baseline 0 -18"><span class='ocrx_word' id='word_1_602' title='bbox 1567 4899 1668 4982; x_wconf 89' lang='lat' dir='ltr'>(Vers.</span> <span class='ocrx_word' id='word_1_603' title='bbox 1695 4901 1745 4964; x_wconf 71' lang='grc'>11.</span> <span class='ocrx_word' id='word_1_604' title='bbox 1764 4899 1815 4966; x_wconf 88' lang='grc'>13.</span> <span class='ocrx_word' id='word_1_605' title='bbox 1844 4897 1917 4978; x_wconf 76' lang='lat' dir='ltr'>lh).</span> <span class='ocrx_word' id='word_1_606' title='bbox 1937 4898 2064 4982; x_wconf 82' lang='lat' dir='ltr'>Propter</span> <span class='ocrx_word' id='word_1_607' title='bbox 2080 4897 2237 4966; x_wconf 86' lang='lat' dir='ltr'>defectum</span> <span class='ocrx_word' id='word_1_608' title='bbox 2260 4891 2433 4968; x_wconf 87' lang='lat' dir='ltr'>locutionis</span> <span class='ocrx_word' id='word_1_609' title='bbox 2445 4921 2598 4984; x_wconf 66' lang='grc'><strong>11161616.</strong></span> 
     </span>
     <span class='ocr_line' id='line_1_86' title="bbox 1478 4975 2574 5092; baseline 0.004 -24"><span class='ocrx_word' id='word_1_610' title='bbox 1478 5003 1637 5070; x_wconf 85' lang='lat' dir='ltr'>rtiscretoe</span> <span class='ocrx_word' id='word_1_611' title='bbox 1660 5005 1776 5070; x_wconf 90' lang='lat' dir='ltr'>stultus</span> <span class='ocrx_word' id='word_1_612' title='bbox 1800 5021 1832 5068; x_wconf 92' lang='lat' dir='ltr'>se</span> <span class='ocrx_word' id='word_1_613' title='bbox 1857 5003 1959 5088; x_wconf 89' lang='lat' dir='ltr'>ipsum</span> <span class='ocrx_word' id='word_1_614' title='bbox 1978 5001 2174 5088; x_wconf 90' lang='lat' dir='ltr'>praecipitat,</span> <span class='ocrx_word' id='word_1_615' title='bbox 2193 5003 2275 5072; x_wconf 93' lang='lat' dir='ltr'>sicut</span> <span class='ocrx_word' id='word_1_616' title='bbox 2298 5023 2355 5092; x_wconf 88' lang='lat' dir='ltr'>per</span> <span class='ocrx_word' id='word_1_617' title='bbox 2377 5025 2433 5074; x_wconf 87' lang='lat' dir='ltr'>an·</span> <span class='ocrx_word' id='word_1_618' title='bbox 2450 4975 2574 5082; x_wconf 44' lang='lat' dir='ltr'>aiiii-&#39;iiii</span> 
     </span>
     <span class='ocr_line' id='line_1_87' title="bbox 1478 5109 2431 5194; baseline 0.004 -18"><span class='ocrx_word' id='word_1_619' title='bbox 1478 5109 1616 5176; x_wconf 89' lang='lat' dir='ltr'>tithesim</span> <span class='ocrx_word' id='word_1_620' title='bbox 1649 5109 1771 5194; x_wconf 91' lang='lat' dir='ltr'>sapiens</span> <span class='ocrx_word' id='word_1_621' title='bbox 1795 5111 1922 5176; x_wconf 82' lang='grc'><strong>6161161,</strong></span> <span class='ocrx_word' id='word_1_622' title='bbox 1946 5109 2015 5176; x_wconf 92' lang='lat' dir='ltr'>ldeo</span> <span class='ocrx_word' id='word_1_623' title='bbox 2039 5109 2130 5176; x_wconf 90' lang='lat' dir='ltr'>dicit:</span> <span class='ocrx_word' id='word_1_624' title='bbox 2162 5111 2264 5178; x_wconf 84' lang='lat' dir='ltr'>Verbo</span> <span class='ocrx_word' id='word_1_625' title='bbox 2289 5113 2358 5180; x_wconf 86' lang='lat' dir='ltr'>uris</span> <span class='ocrx_word' id='word_1_626' title='bbox 2375 5133 2431 5180; x_wconf 84' lang='lat' dir='ltr'>su-</span> 
     </span>
     <span class='ocr_line' id='line_1_88' title="bbox 1473 5213 2430 5302; baseline 0.004 -22"><span class='ocrx_word' id='word_1_627' title='bbox 1473 5213 1593 5300; x_wconf 81' lang='lat' dir='ltr'>pientes</span> <span class='ocrx_word' id='word_1_628' title='bbox 1622 5213 1756 5300; x_wconf 79' lang='grc'><strong>616116,</strong></span> <span class='ocrx_word' id='word_1_629' title='bbox 1790 5215 1863 5302; x_wconf 91' lang='lat' dir='ltr'>quia</span> <span class='ocrx_word' id='word_1_630' title='bbox 1883 5215 1917 5280; x_wconf 92' lang='lat' dir='ltr'>in</span> <span class='ocrx_word' id='word_1_631' title='bbox 1946 5213 2022 5300; x_wconf 88' lang='lat' dir='ltr'>ipsis</span> <span class='ocrx_word' id='word_1_632' title='bbox 2050 5221 2178 5302; x_wconf 89' lang='lat' dir='ltr'>propter</span> <span class='ocrx_word' id='word_1_633' title='bbox 2213 5215 2430 5284; x_wconf 89' lang='lat' dir='ltr'>discretionem</span> 
     </span>
     <span class='ocr_line' id='line_1_89' title="bbox 1475 5319 2430 5410; baseline 0.004 -24"><span class='ocrx_word' id='word_1_634' title='bbox 1475 5319 1611 5406; x_wconf 88' lang='lat' dir='ltr'>acquirit</span> <span class='ocrx_word' id='word_1_635' title='bbox 1632 5321 1782 5406; x_wconf 83' lang='lat' dir='ltr'>gratiam3</span> <span class='ocrx_word' id='word_1_636' title='bbox 1816 5321 2018 5390; x_wconf 84' lang='lat' dir='ltr'>Ecclesiastici</span> <span class='ocrx_word' id='word_1_637' title='bbox 2043 5323 2191 5408; x_wconf 79' lang='lat' dir='ltr'>vigesimo</span> <span class='ocrx_word' id='word_1_638' title='bbox 2212 5323 2235 5388; x_wconf 88' lang='lat'>8:</span> <span class='ocrx_word' id='word_1_639' title='bbox 2273 5349 2289 5382; x_wconf 87' lang='lat'>«</span> <span class='ocrx_word' id='word_1_640' title='bbox 2304 5323 2430 5410; x_wconf 87' lang='lat' dir='ltr'>Sapiens</span> 
     </span>
     <span class='ocr_line' id='line_1_90' title="bbox 1475 5427 2430 5512; baseline -0.002 -16"><span class='ocrx_word' id='word_1_641' title='bbox 1475 5427 1579 5496; x_wconf 84' lang='lat' dir='ltr'>uerbis</span> <span class='ocrx_word' id='word_1_642' title='bbox 1603 5445 1635 5494; x_wconf 90' lang='grc'>66</span> <span class='ocrx_word' id='word_1_643' title='bbox 1651 5427 1754 5512; x_wconf 91' lang='lat' dir='ltr'>ipsum</span> <span class='ocrx_word' id='word_1_644' title='bbox 1778 5429 1942 5496; x_wconf 84' lang='lat' dir='ltr'>amabilem</span> <span class='ocrx_word' id='word_1_645' title='bbox 1958 5429 2031 5496; x_wconf 87' lang='lat' dir='ltr'>lacit</span> <span class='ocrx_word' id='word_1_646' title='bbox 2047 5453 2081 5508; x_wconf 75' lang='grc' dir='ltr'>»ς</span> <span class='ocrx_word' id='word_1_647' title='bbox 2099 5429 2152 5496; x_wconf 89' lang='lat' dir='ltr'>sed</span> <span class='ocrx_word' id='word_1_648' title='bbox 2168 5435 2308 5496; x_wconf 91' lang='lat' dir='ltr'>econtra:</span> <span class='ocrx_word' id='word_1_649' title='bbox 2325 5427 2430 5494; x_wconf 82' lang='lat' dir='ltr'>Lubiu</span> 
     </span>
     <span class='ocr_line' id='line_1_91' title="bbox 1475 5535 2430 5622; baseline 0 -20"><span class='ocrx_word' id='word_1_650' title='bbox 1475 5535 1660 5622; x_wconf 79' lang='lat' dir='ltr'>insapientia</span> <span class='ocrx_word' id='word_1_651' title='bbox 1679 5535 1950 5622; x_wconf 77' lang='lat' dir='ltr'>praecipitabunt</span> <span class='ocrx_word' id='word_1_652' title='bbox 1972 5555 2058 5614; x_wconf 84' lang='lat' dir='ltr'>ecum,</span> <span class='ocrx_word' id='word_1_653' title='bbox 2082 5535 2183 5602; x_wconf 87' lang='lat' dir='ltr'>idest</span> <span class='ocrx_word' id='word_1_654' title='bbox 2207 5535 2320 5614; x_wconf 85' lang='lat' dir='ltr'>uerba,</span> <span class='ocrx_word' id='word_1_655' title='bbox 2350 5551 2430 5620; x_wconf 88' lang='lat' dir='ltr'>quac</span> 
     </span>
     <span class='ocr_line' id='line_1_92' title="bbox 1473 5639 2429 5726; baseline -0.002 -20"><span class='ocrx_word' id='word_1_656' title='bbox 1473 5641 1647 5726; x_wconf 89' lang='lat' dir='ltr'>procedunt</span> <span class='ocrx_word' id='word_1_657' title='bbox 1670 5659 1710 5708; x_wconf 85' lang='lat' dir='ltr'>ex</span> <span class='ocrx_word' id='word_1_658' title='bbox 1735 5641 1822 5708; x_wconf 89' lang='lat' dir='ltr'>labiis</span> <span class='ocrx_word' id='word_1_659' title='bbox 1838 5639 2028 5726; x_wconf 85' lang='lat' dir='ltr'>insipientis3</span> <span class='ocrx_word' id='word_1_660' title='bbox 2054 5639 2294 5706; x_wconf 70' lang='lat' dir='ltr'>proverbiorum</span> <span class='ocrx_word' id='word_1_661' title='bbox 2309 5639 2429 5706; x_wconf 92' lang='lat' dir='ltr'>decimo</span> 
     </span>
    </p>
   </div>
   <div class='ocr_carea' id='block_1_9' title="bbox 453 5743 2429 5940">
    <p class='ocr_par' dir='ltr' id='par_1_24' title="bbox 453 5529 2429 5940">
     <span class='ocr_line' id='line_1_93' title="bbox 454 5743 2429 5834; baseline -0.001 -20"><span class='ocrx_word' id='word_1_662' title='bbox 454 5749 627 5816; x_wconf 83' lang='lat' dir='ltr'>inducitur</span> <span class='ocrx_word' id='word_1_663' title='bbox 650 5749 805 5830; x_wconf 83' lang='lat' dir='ltr'>utititute,</span> <span class='ocrx_word' id='word_1_664' title='bbox 829 5749 954 5834; x_wconf 87' lang='lat' dir='ltr'>quando</span> <span class='ocrx_word' id='word_1_665' title='bbox 985 5755 1092 5815; x_wconf 90' lang='lat' dir='ltr'>narrat</span> <span class='ocrx_word' id='word_1_666' title='bbox 1115 5747 1233 5814; x_wconf 89' lang='lat' dir='ltr'>malum</span> <span class='ocrx_word' id='word_1_667' title='bbox 1256 5745 1324 5812; x_wconf 91' lang='lat' dir='ltr'>eius</span> <span class='ocrx_word' id='word_1_668' title='bbox 1355 5745 1410 5812; x_wconf 86' lang='lat' dir='ltr'>ali·</span> <span class='ocrx_word' id='word_1_669' title='bbox 1472 5753 1599 5812; x_wconf 85' lang='lat' dir='ltr'>cctam:</span> <span class='ocrx_word' id='word_1_670' title='bbox 1621 5773 1637 5806; x_wconf 90' lang='lat'>«</span> <span class='ocrx_word' id='word_1_671' title='bbox 1653 5747 1695 5812; x_wconf 91' lang='lat' dir='ltr'>Os</span> <span class='ocrx_word' id='word_1_672' title='bbox 1717 5749 1805 5814; x_wconf 91' lang='lat' dir='ltr'>stulti</span> <span class='ocrx_word' id='word_1_673' title='bbox 1819 5745 1965 5814; x_wconf 86' lang='lat' dir='ltr'>contritio</span> <span class='ocrx_word' id='word_1_674' title='bbox 1988 5745 2069 5824; x_wconf 91' lang='lat' dir='ltr'>eius,</span> <span class='ocrx_word' id='word_1_675' title='bbox 2087 5751 2118 5812; x_wconf 91' lang='lat' dir='ltr'>et</span> <span class='ocrx_word' id='word_1_676' title='bbox 2133 5743 2215 5812; x_wconf 89' lang='lat' dir='ltr'>labia</span> <span class='ocrx_word' id='word_1_677' title='bbox 2237 5745 2320 5812; x_wconf 90' lang='lat' dir='ltr'>illius</span> <span class='ocrx_word' id='word_1_678' title='bbox 2336 5745 2429 5812; x_wconf 88' lang='lat' dir='ltr'>ruina</span> 
     </span>
     <span class='ocr_line' id='line_1_94' title="bbox 453 5851 2427 5940; baseline 0.001 -20"><span class='ocrx_word' id='word_1_679' title='bbox 453 5857 519 5934; x_wconf 90' lang='lat' dir='ltr'>cui,</span> <span class='ocrx_word' id='word_1_680' title='bbox 544 5855 596 5940; x_wconf 92' lang='lat' dir='ltr'>qui</span> <span class='ocrx_word' id='word_1_681' title='bbox 622 5861 723 5940; x_wconf 89' lang='lat' dir='ltr'>potest</span> <span class='ocrx_word' id='word_1_682' title='bbox 746 5855 892 5940; x_wconf 89' lang='lat' dir='ltr'>prodesse</span> <span class='ocrx_word' id='word_1_683' title='bbox 908 5861 939 5920; x_wconf 90' lang='lat' dir='ltr'>et</span> <span class='ocrx_word' id='word_1_684' title='bbox 962 5873 1023 5920; x_wconf 91' lang='lat' dir='ltr'>non</span> <span class='ocrx_word' id='word_1_685' title='bbox 1047 5853 1170 5932; x_wconf 89' lang='lat' dir='ltr'>obesse,</span> <span class='ocrx_word' id='word_1_686' title='bbox 1193 5857 1224 5918; x_wconf 90' lang='lat' dir='ltr'>et</span> <span class='ocrx_word' id='word_1_687' title='bbox 1242 5851 1292 5918; x_wconf 91' lang='lat' dir='ltr'>oui</span> <span class='ocrx_word' id='word_1_688' title='bbox 1316 5851 1408 5936; x_wconf 91' lang='lat' dir='ltr'>prod·</span> <span class='ocrx_word' id='word_1_689' title='bbox 1472 5851 1593 5918; x_wconf 87' lang='lat' dir='ltr'>animae</span> <span class='ocrx_word' id='word_1_690' title='bbox 1624 5851 1692 5918; x_wconf 92' lang='lat' dir='ltr'>eius</span> <span class='ocrx_word' id='word_1_691' title='bbox 1706 5879 1738 5916; x_wconf 85' lang='lat'>».</span> <span class='ocrx_word' id='word_1_692' title='bbox 1767 5889 1809 5912; x_wconf 87' lang='lat'>-.-</span> <span class='ocrx_word' id='word_1_693' title='bbox 1837 5853 1874 5918; x_wconf 86' lang='lat' dir='ltr'>Et</span> <span class='ocrx_word' id='word_1_694' title='bbox 1896 5851 1976 5918; x_wconf 92' lang='lat' dir='ltr'>ratio</span> <span class='ocrx_word' id='word_1_695' title='bbox 2005 5851 2268 5936; x_wconf 88' lang='lat' dir='ltr'>praecipitationis</span> <span class='ocrx_word' id='word_1_696' title='bbox 2300 5859 2348 5920; x_wconf 89' lang='lat' dir='ltr'>est</span> <span class='ocrx_word' id='word_1_697' title='bbox 2380 5853 2427 5920; x_wconf 93' lang='lat' dir='ltr'>in-</span> 
     </span>
    </p>
   </div>
   <div class='ocr_carea' id='block_1_10' title="bbox 452 6289 1408 6966">
    <p class='ocr_par' dir='ltr' id='par_1_25' title="bbox 524 6289 738 6346">
     <span class='ocr_line' id='line_1_95' title="bbox 524 6289 738 6346; baseline -0.009 0"><span class='ocrx_word' id='word_1_698' title='bbox 524 6289 532 6320; x_wconf 82' lang='lat'>¹</span> <span class='ocrx_word' id='word_1_699' title='bbox 555 6295 628 6346; x_wconf 88' lang='lat' dir='ltr'>Vers.</span> <span class='ocrx_word' id='word_1_700' title='bbox 651 6293 738 6344; x_wconf 85' lang='grc'><strong>15-17.</strong></span> 
     </span>
    </p>

    <p class='ocr_par' dir='ltr' id='par_1_26' title="bbox 452 6377 1408 6704">
     <span class='ocr_line' id='line_1_96' title="bbox 523 6377 1407 6448; baseline -0.005 -14"><span class='ocrx_word' id='word_1_701' title='bbox 523 6377 534 6410; x_wconf 76' lang='lat'>²</span> <span class='ocrx_word' id='word_1_702' title='bbox 555 6381 621 6436; x_wconf 90' lang='lat' dir='ltr'>Tob.</span> <span class='ocrx_word' id='word_1_703' title='bbox 641 6381 672 6448; x_wconf 85' lang='lat' dir='ltr'>l,</span> <span class='ocrx_word' id='word_1_704' title='bbox 692 6383 740 6432; x_wconf 77' lang='lat' dir='ltr'>ld:</span> <span class='ocrx_word' id='word_1_705' title='bbox 759 6381 833 6448; x_wconf 80' lang='lat' dir='ltr'>Quod</span> <span class='ocrx_word' id='word_1_706' title='bbox 855 6379 888 6432; x_wconf 88' lang='lat' dir='ltr'>ab</span> <span class='ocrx_word' id='word_1_707' title='bbox 906 6381 956 6432; x_wconf 87' lang='lat' dir='ltr'>aliu</span> <span class='ocrx_word' id='word_1_708' title='bbox 977 6381 1064 6434; x_wconf 84' lang='lat' dir='ltr'>oderis</span> <span class='ocrx_word' id='word_1_709' title='bbox 1082 6379 1137 6434; x_wconf 86' lang='lat' dir='ltr'>lieri</span> <span class='ocrx_word' id='word_1_710' title='bbox 1157 6379 1218 6442; x_wconf 91' lang='lat' dir='ltr'>tibi,</span> <span class='ocrx_word' id='word_1_711' title='bbox 1238 6379 1308 6442; x_wconf 60' lang='lat' dir='ltr'>iride,</span> <span class='ocrx_word' id='word_1_712' title='bbox 1327 6383 1407 6446; x_wconf 87' lang='lat' dir='ltr'>netu</span> 
     </span>
     <span class='ocr_line' id='line_1_97' title="bbox 452 6465 1407 6536; baseline 0.002 -20"><span class='ocrx_word' id='word_1_713' title='bbox 452 6467 591 6532; x_wconf 86' lang='lat' dir='ltr'>aliquando</span> <span class='ocrx_word' id='word_1_714' title='bbox 611 6471 683 6520; x_wconf 88' lang='lat' dir='ltr'>alteri</span> <span class='ocrx_word' id='word_1_715' title='bbox 702 6469 788 6522; x_wconf 80' lang='lat' dir='ltr'>facias.</span> <span class='ocrx_word' id='word_1_716' title='bbox 808 6469 860 6524; x_wconf 88' lang='lat' dir='ltr'>Clr.</span> <span class='ocrx_word' id='word_1_717' title='bbox 873 6471 959 6522; x_wconf 89' lang='lat' dir='ltr'>llettb.</span> <span class='ocrx_word' id='word_1_718' title='bbox 972 6469 1002 6532; x_wconf 93' lang='lat'>7,</span> <span class='ocrx_word' id='word_1_719' title='bbox 1017 6469 1064 6536; x_wconf 76' lang='lat' dir='ltr'>l23</span> <span class='ocrx_word' id='word_1_720' title='bbox 1077 6471 1138 6522; x_wconf 90' lang='lat' dir='ltr'>Luc.</span> <span class='ocrx_word' id='word_1_721' title='bbox 1153 6469 1183 6532; x_wconf 85' lang='grc'>6,</span> <span class='ocrx_word' id='word_1_722' title='bbox 1196 6469 1240 6520; x_wconf 81' lang='lat' dir='ltr'>al.</span> <span class='ocrx_word' id='word_1_723' title='bbox 1252 6495 1288 6508; x_wconf 89' lang='lat'>-</span> <span class='ocrx_word' id='word_1_724' title='bbox 1301 6465 1407 6520; x_wconf 89' lang='grc'><strong>11161166</strong></span> 
     </span>
     <span class='ocr_line' id='line_1_98' title="bbox 452 6553 1408 6622; baseline 0.004 -20"><span class='ocrx_word' id='word_1_725' title='bbox 452 6553 534 6604; x_wconf 85' lang='lat' dir='ltr'>rerba</span> <span class='ocrx_word' id='word_1_726' title='bbox 553 6553 639 6608; x_wconf 84' lang='lat' dir='ltr'>dicere</span> <span class='ocrx_word' id='word_1_727' title='bbox 657 6557 690 6610; x_wconf 89' lang='lat' dir='ltr'>de</span> <span class='ocrx_word' id='word_1_728' title='bbox 706 6557 774 6622; x_wconf 87' lang='lat' dir='ltr'>ulio,</span> <span class='ocrx_word' id='word_1_729' title='bbox 795 6557 841 6610; x_wconf 89' lang='lat' dir='ltr'>sed</span> <span class='ocrx_word' id='word_1_730' title='bbox 860 6571 912 6610; x_wconf 86' lang='lat' dir='ltr'>lton</span> <span class='ocrx_word' id='word_1_731' title='bbox 932 6557 1007 6610; x_wconf 86' lang='lat' dir='ltr'>debes</span> <span class='ocrx_word' id='word_1_732' title='bbox 1026 6559 1085 6610; x_wconf 82' lang='lat' dir='ltr'>Vct.</span> <span class='ocrx_word' id='word_1_733' title='bbox 1105 6555 1250 6622; x_wconf 82' lang='lat' dir='ltr'>transponit</span> <span class='ocrx_word' id='word_1_734' title='bbox 1268 6559 1408 6622; x_wconf 81' lang='grc'><strong>6661616-</strong></span> 
     </span>
     <span class='ocr_line' id='line_1_99' title="bbox 452 6639 810 6704; baseline 0.025 -13"><span class='ocrx_word' id='word_1_735' title='bbox 452 6639 533 6704; x_wconf 86' lang='lat' dir='ltr'>derit,</span> <span class='ocrx_word' id='word_1_736' title='bbox 554 6649 652 6694; x_wconf 88' lang='lat' dir='ltr'>mutato</span> <span class='ocrx_word' id='word_1_737' title='bbox 671 6645 718 6698; x_wconf 87' lang='lat' dir='ltr'>sed</span> <span class='ocrx_word' id='word_1_738' title='bbox 737 6649 759 6698; x_wconf 92' lang='lat' dir='ltr'>in</span> <span class='ocrx_word' id='word_1_739' title='bbox 779 6647 810 6700; x_wconf 87' lang='lat' dir='ltr'>si.</span> 
     </span>
    </p>

    <p class='ocr_par' dir='ltr' id='par_1_27' title="bbox 452 6725 1408 6886">
     <span class='ocr_line' id='line_1_100' title="bbox 522 6725 1408 6800; baseline 0.011 -20"><span class='ocrx_word' id='word_1_740' title='bbox 522 6725 630 6782; x_wconf 73' lang='grc'>31666.</span> <span class='ocrx_word' id='word_1_741' title='bbox 648 6735 697 6794; x_wconf 76' lang='lat'>27,</span> <span class='ocrx_word' id='word_1_742' title='bbox 717 6735 746 6800; x_wconf 90' lang='grc'>1,</span> <span class='ocrx_word' id='word_1_743' title='bbox 765 6735 810 6788; x_wconf 85' lang='lat' dir='ltr'>ubi</span> <span class='ocrx_word' id='word_1_744' title='bbox 830 6751 878 6800; x_wconf 92' lang='lat' dir='ltr'>pro</span> <span class='ocrx_word' id='word_1_745' title='bbox 906 6735 987 6790; x_wconf 78' lang='lat' dir='ltr'>inulti</span> <span class='ocrx_word' id='word_1_746' title='bbox 1012 6733 1134 6790; x_wconf 72' lang='lat' dir='ltr'>dicessuri</span> <span class='ocrx_word' id='word_1_747' title='bbox 1161 6735 1272 6798; x_wconf 77' lang='lat' dir='ltr'>Vulgata</span> <span class='ocrx_word' id='word_1_748' title='bbox 1302 6729 1408 6786; x_wconf 76' lang='lat' dir='ltr'>divitiae</span> 
     </span>
     <span class='ocr_line' id='line_1_101' title="bbox 452 6817 827 6886; baseline 0.016 -18"><span class='ocrx_word' id='word_1_749' title='bbox 452 6817 561 6870; x_wconf 83' lang='grc'><strong>1661116.</strong></span> <span class='ocrx_word' id='word_1_750' title='bbox 580 6817 734 6884; x_wconf 70' lang='grc'><strong>1116116616.</strong></span> <span class='ocrx_word' id='word_1_751' title='bbox 752 6823 783 6886; x_wconf 91' lang='grc'>7,</span> <span class='ocrx_word' id='word_1_752' title='bbox 803 6827 827 6874; x_wconf 79' lang='grc'>1.</span> 
     </span>
    </p>

    <p class='ocr_par' dir='ltr' id='par_1_28' title="bbox 521 6901 1251 6966">
     <span class='ocr_line' id='line_1_102' title="bbox 521 6901 1251 6966; baseline 0.008 -8"><span class='ocrx_word' id='word_1_753' title='bbox 521 6901 533 6934; x_wconf 84' lang='lat'><strong>⁴</strong></span> <span class='ocrx_word' id='word_1_754' title='bbox 553 6907 628 6958; x_wconf 85' lang='lat' dir='ltr'>Vers.</span> <span class='ocrx_word' id='word_1_755' title='bbox 647 6907 689 6958; x_wconf 86' lang='grc'>11.</span> <span class='ocrx_word' id='word_1_756' title='bbox 708 6937 742 6946; x_wconf 85' lang='lat'>-</span> <span class='ocrx_word' id='word_1_757' title='bbox 761 6911 810 6962; x_wconf 82' lang='lat' dir='ltr'>Pro</span> <span class='ocrx_word' id='word_1_758' title='bbox 828 6911 899 6964; x_wconf 84' lang='lat' dir='ltr'>mute</span> <span class='ocrx_word' id='word_1_759' title='bbox 917 6911 981 6966; x_wconf 85' lang='lat' dir='ltr'>dicit</span> <span class='ocrx_word' id='word_1_760' title='bbox 997 6917 1070 6966; x_wconf 86' lang='lat' dir='ltr'>retro</span> <span class='ocrx_word' id='word_1_761' title='bbox 1089 6913 1109 6966; x_wconf 85' lang='lat' dir='ltr'>C</span> <span class='ocrx_word' id='word_1_762' title='bbox 1127 6911 1251 6966; x_wconf 82' lang='lat' dir='ltr'>detrudit.</span> 
     </span>
    </p>
   </div>
   <div class='ocr_carea' id='block_1_11' title="bbox 1470 6285 2425 6976">
    <p class='ocr_par' dir='ltr' id='par_1_29' title="bbox 1470 6285 2425 6532">
     <span class='ocr_line' id='line_1_103' title="bbox 1542 6285 2425 6356; baseline 0.007 -16"><span class='ocrx_word' id='word_1_763' title='bbox 1542 6285 1553 6316; x_wconf 85' lang='lat'><strong>⁵</strong></span> <span class='ocrx_word' id='word_1_764' title='bbox 1572 6289 1659 6342; x_wconf 86' lang='lat' dir='ltr'>Verba</span> <span class='ocrx_word' id='word_1_765' title='bbox 1679 6295 1702 6346; x_wconf 83' lang='lat' dir='ltr'>et</span> <span class='ocrx_word' id='word_1_766' title='bbox 1721 6289 1791 6346; x_wconf 86' lang='lat' dir='ltr'>coi...</span> <span class='ocrx_word' id='word_1_767' title='bbox 1810 6287 1881 6344; x_wconf 81' lang='lat' dir='ltr'>obest</span> <span class='ocrx_word' id='word_1_768' title='bbox 1900 6289 2081 6352; x_wconf 83' lang='lat' dir='ltr'>supplevimus</span> <span class='ocrx_word' id='word_1_769' title='bbox 2108 6307 2139 6342; x_wconf 79' lang='lat' dir='ltr'>eu</span> <span class='ocrx_word' id='word_1_770' title='bbox 2168 6293 2244 6346; x_wconf 93' lang='lat' dir='ltr'>codd.</span> <span class='ocrx_word' id='word_1_771' title='bbox 2273 6295 2340 6346; x_wconf 87' lang='lat' dir='ltr'>lutra</span> <span class='ocrx_word' id='word_1_772' title='bbox 2366 6299 2425 6356; x_wconf 89' lang='lat' dir='ltr'>post</span> 
     </span>
     <span class='ocr_line' id='line_1_104' title="bbox 1470 6375 2424 6444; baseline 0.004 -14"><span class='ocrx_word' id='word_1_773' title='bbox 1470 6391 1524 6430; x_wconf 88' lang='lat' dir='ltr'>nun</span> <span class='ocrx_word' id='word_1_774' title='bbox 1544 6375 2103 6444; x_wconf 74' lang='grc'><strong>666611161661111661666661.1111161111·</strong></span> <span class='ocrx_word' id='word_1_775' title='bbox 2120 6379 2145 6430; x_wconf 90' lang='lat' dir='ltr'>in</span> <span class='ocrx_word' id='word_1_776' title='bbox 2167 6381 2243 6432; x_wconf 88' lang='lat' dir='ltr'>codd.</span> <span class='ocrx_word' id='word_1_777' title='bbox 2262 6385 2322 6432; x_wconf 90' lang='lat' dir='ltr'>ante</span> <span class='ocrx_word' id='word_1_778' title='bbox 2341 6379 2424 6434; x_wconf 83' lang='lat' dir='ltr'>detru-</span> 
     </span>
     <span class='ocr_line' id='line_1_105' title="bbox 1470 6461 2142 6532; baseline 0.003 -14"><span class='ocrx_word' id='word_1_779' title='bbox 1470 6461 1551 6518; x_wconf 79' lang='grc'><strong>1661</strong></span> <span class='ocrx_word' id='word_1_780' title='bbox 1566 6481 1705 6532; x_wconf 83' lang='lat' dir='ltr'>per-peram</span> <span class='ocrx_word' id='word_1_781' title='bbox 1726 6465 1852 6520; x_wconf 81' lang='lat' dir='ltr'>excidisse</span> <span class='ocrx_word' id='word_1_782' title='bbox 1864 6463 1989 6530; x_wconf 85' lang='lat' dir='ltr'>particula</span> <span class='ocrx_word' id='word_1_783' title='bbox 2007 6481 2035 6520; x_wconf 87' lang='lat' dir='ltr'>u.</span> <span class='ocrx_word' id='word_1_784' title='bbox 2141 6527 2142 6530; x_wconf 8' lang='grc' dir='ltr'><strong>Ἰ</strong></span> 
     </span>
    </p>

    <p class='ocr_par' dir='ltr' id='par_1_30' title="bbox 1470 6549 2424 6712">
     <span class='ocr_line' id='line_1_106' title="bbox 1542 6549 2424 6624; baseline 0 -16"><span class='ocrx_word' id='word_1_785' title='bbox 1542 6551 1770 6624; x_wconf 73' lang='grc' dir='ltr'>Β1616666116·</span> <span class='ocrx_word' id='word_1_786' title='bbox 1789 6557 1827 6610; x_wconf 84' lang='lat' dir='ltr'>est</span> <span class='ocrx_word' id='word_1_787' title='bbox 1846 6549 1893 6620; x_wconf 83' lang='lat' dir='ltr'>pro</span> <span class='ocrx_word' id='word_1_788' title='bbox 1909 6559 2087 6622; x_wconf 84' lang='lat' dir='ltr'>pauculorum.</span> <span class='ocrx_word' id='word_1_789' title='bbox 2106 6557 2172 6610; x_wconf 87' lang='lat' dir='ltr'>Cum</span> <span class='ocrx_word' id='word_1_790' title='bbox 2190 6557 2269 6610; x_wconf 89' lang='lat' dir='ltr'>codd.</span> <span class='ocrx_word' id='word_1_791' title='bbox 2288 6557 2360 6608; x_wconf 83' lang='lat' dir='ltr'>varie</span> <span class='ocrx_word' id='word_1_792' title='bbox 2371 6555 2424 6608; x_wconf 88' lang='lat' dir='ltr'>dis·</span> 
     </span>
     <span class='ocr_line' id='line_1_107' title="bbox 1470 6643 2370 6712; baseline 0.002 -18"><span class='ocrx_word' id='word_1_793' title='bbox 1470 6643 1582 6696; x_wconf 89' lang='lat' dir='ltr'>sentiunt</span> <span class='ocrx_word' id='word_1_794' title='bbox 1601 6645 1667 6698; x_wconf 89' lang='lat' dir='ltr'>inter</span> <span class='ocrx_word' id='word_1_795' title='bbox 1685 6661 1728 6708; x_wconf 91' lang='lat' dir='ltr'>se,</span> <span class='ocrx_word' id='word_1_796' title='bbox 1746 6647 1811 6696; x_wconf 87' lang='lat' dir='ltr'>baec</span> <span class='ocrx_word' id='word_1_797' title='bbox 1829 6643 1955 6696; x_wconf 79' lang='lat' dir='ltr'>correctio</span> <span class='ocrx_word' id='word_1_798' title='bbox 1975 6643 2050 6698; x_wconf 92' lang='lat' dir='ltr'>nobis</span> <span class='ocrx_word' id='word_1_799' title='bbox 2067 6645 2230 6712; x_wconf 88' lang='lat' dir='ltr'>probabilior</span> <span class='ocrx_word' id='word_1_800' title='bbox 2248 6645 2304 6698; x_wconf 87' lang='lat' dir='ltr'>vise</span> <span class='ocrx_word' id='word_1_801' title='bbox 2324 6651 2370 6698; x_wconf 88' lang='lat' dir='ltr'>est.</span> 
     </span>
    </p>

    <p class='ocr_par' dir='ltr' id='par_1_31' title="bbox 1520 6729 2222 6800">
     <span class='ocr_line' id='line_1_108' title="bbox 1520 6729 2222 6800; baseline 0 -14"><span class='ocrx_word' id='word_1_802' title='bbox 1520 6741 1523 6748; x_wconf 78' lang='grc'>’</span> <span class='ocrx_word' id='word_1_803' title='bbox 1541 6729 1551 6760; x_wconf 76' lang='lat'>⁷</span> <span class='ocrx_word' id='word_1_804' title='bbox 1571 6733 1624 6786; x_wconf 89' lang='lat' dir='ltr'>Clr.</span> <span class='ocrx_word' id='word_1_805' title='bbox 1641 6735 1711 6788; x_wconf 81' lang='lat' dir='ltr'>Alex.</span> <span class='ocrx_word' id='word_1_806' title='bbox 1730 6735 1786 6786; x_wconf 86' lang='grc'><strong>1161.</strong></span> <span class='ocrx_word' id='word_1_807' title='bbox 1804 6735 1829 6786; x_wconf 84' lang='lat' dir='ltr'>S.</span> <span class='ocrx_word' id='word_1_808' title='bbox 1850 6747 1875 6798; x_wconf 93' lang='lat' dir='ltr'>p.</span> <span class='ocrx_word' id='word_1_809' title='bbox 1894 6733 1923 6784; x_wconf 92' lang='lat' dir='ltr'>ll.</span> <span class='ocrx_word' id='word_1_810' title='bbox 1940 6747 1968 6800; x_wconf 91' lang='lat' dir='ltr'>q.</span> <span class='ocrx_word' id='word_1_811' title='bbox 1989 6733 2048 6786; x_wconf 79' lang='lat' dir='ltr'>lau.</span> <span class='ocrx_word' id='word_1_812' title='bbox 2065 6749 2114 6798; x_wconf 87' lang='lat' dir='ltr'>per</span> <span class='ocrx_word' id='word_1_813' title='bbox 2132 6739 2222 6786; x_wconf 88' lang='lat' dir='ltr'>toturn.</span> 
     </span>
    </p>

    <p class='ocr_par' dir='ltr' id='par_1_32' title="bbox 1541 6817 2421 6890">
     <span class='ocr_line' id='line_1_109' title="bbox 1541 6817 2421 6890; baseline -0.002 -16"><span class='ocrx_word' id='word_1_814' title='bbox 1541 6817 1552 6850; x_wconf 75' lang='lat'>⁸</span> <span class='ocrx_word' id='word_1_815' title='bbox 1571 6823 1644 6876; x_wconf 85' lang='lat' dir='ltr'>Vers.</span> <span class='ocrx_word' id='word_1_816' title='bbox 1658 6825 1687 6876; x_wconf 82' lang='lat' dir='ltr'>ta</span> <span class='ocrx_word' id='word_1_817' title='bbox 1697 6843 1703 6878; x_wconf 91' lang='lat'>:</span> <span class='ocrx_word' id='word_1_818' title='bbox 1714 6823 1821 6890; x_wconf 87' lang='lat' dir='ltr'>Sapiens</span> <span class='ocrx_word' id='word_1_819' title='bbox 1832 6823 1857 6874; x_wconf 94' lang='lat' dir='ltr'>in</span> <span class='ocrx_word' id='word_1_820' title='bbox 1870 6821 1959 6874; x_wconf 75' lang='lat' dir='ltr'>verbis</span> <span class='ocrx_word' id='word_1_821' title='bbox 1972 6829 2019 6874; x_wconf 90' lang='lat' dir='ltr'>etc.</span> <span class='ocrx_word' id='word_1_822' title='bbox 2032 6851 2067 6864; x_wconf 90' lang='lat'>-·</span> <span class='ocrx_word' id='word_1_823' title='bbox 2081 6827 2231 6890; x_wconf 76' lang='lat' dir='ltr'>quuruntur</span> <span class='ocrx_word' id='word_1_824' title='bbox 2243 6823 2318 6874; x_wconf 80' lang='lat' dir='ltr'>Prov.</span> <span class='ocrx_word' id='word_1_825' title='bbox 2335 6821 2382 6882; x_wconf 89' lang='lat' dir='ltr'>l8,</span> <span class='ocrx_word' id='word_1_826' title='bbox 2396 6819 2421 6872; x_wconf 83' lang='lat'>7.</span> 
     </span>
    </p>

    <p class='ocr_par' dir='ltr' id='par_1_33' title="bbox 1471 6909 1624 6976">
     <span class='ocr_line' id='line_1_110' title="bbox 1471 6909 1624 6976; baseline 0.013 -14"><span class='ocrx_word' id='word_1_827' title='bbox 1471 6909 1624 6976; x_wconf 54' lang='grc'><strong>611661.</strong></span> 
     </span>
    </p>
   </div>
   <div class='ocr_carea' id='block_1_12' title="bbox 0 0 2958 8266">
    <p class='ocr_par' dir='ltr' id='par_1_34' title="bbox 0 0 2958 8266">
     <span class='ocr_line' id='line_1_111' title="bbox 0 0 2958 8266; baseline 0 2"><span class='ocrx_word' id='word_1_828' title='bbox 0 0 2958 8266; x_wconf 95' lang='lat' dir='ltr'> </span> 
     </span>
    </p>
   </div>
  </div>
 </body>
</html>
