<?xml version="1.0" encoding="UTF-8"?>
<!DOCTYPE html PUBLIC "-//W3C//DTD XHTML 1.0 Transitional//EN"
    "http://www.w3.org/TR/xhtml1/DTD/xhtml1-transitional.dtd">
<html xmlns="http://www.w3.org/1999/xhtml" xml:lang="en" lang="en">
 <head>
  <title>
</title>
<meta http-equiv="Content-Type" content="text/html;charset=utf-8" />
  <meta name='ocr-system' content='tesseract 3.04.00' />
  <meta name='ocr-capabilities' content='ocr_page ocr_carea ocr_par ocr_line ocrx_word'/>
</head>
<body>
  <div class='ocr_page' id='page_1' title='image "./doctorisseraphi00bonagoog/doctorisseraphi00bonagoog_0569.png"; bbox 0 0 5900 8266; ppageno 0'>
   <div class='ocr_carea' id='block_1_1' title="bbox 527 625 591 694">
    <p class='ocr_par' dir='ltr' id='par_1_1' title="bbox 527 625 591 694">
     <span class='ocr_line' id='line_1_1' title="bbox 527 625 591 694; baseline -0.031 0"><span class='ocrx_word' id='word_1_1' title='bbox 527 625 591 694; x_wconf 73' lang='grc'>528</span> 
     </span>
    </p>
   </div>
   <div class='ocr_carea' id='block_1_2' title="bbox 524 797 1485 1630">
    <p class='ocr_par' dir='ltr' id='par_1_2' title="bbox 524 797 1485 1630">
     <span class='ocr_line' id='line_1_2' title="bbox 524 797 1484 884; baseline -0.004 -16"><span class='ocrx_word' id='word_1_2' title='bbox 524 801 603 868; x_wconf 89' lang='lat' dir='ltr'>illud</span> <span class='ocrx_word' id='word_1_3' title='bbox 625 799 756 868; x_wconf 82' lang='lat' dir='ltr'>Psalmi:</span> <span class='ocrx_word' id='word_1_4' title='bbox 785 799 894 884; x_wconf 78' lang='lat' dir='ltr'>«Quis</span> <span class='ocrx_word' id='word_1_5' title='bbox 916 805 964 866; x_wconf 91' lang='lat' dir='ltr'>est</span> <span class='ocrx_word' id='word_1_6' title='bbox 985 799 1095 880; x_wconf 90' lang='lat' dir='ltr'>homo,</span> <span class='ocrx_word' id='word_1_7' title='bbox 1119 797 1174 884; x_wconf 93' lang='lat' dir='ltr'>qui</span> <span class='ocrx_word' id='word_1_8' title='bbox 1199 799 1282 864; x_wconf 85' lang='lat' dir='ltr'>viret</span> <span class='ocrx_word' id='word_1_9' title='bbox 1304 805 1337 864; x_wconf 91' lang='lat' dir='ltr'>et</span> <span class='ocrx_word' id='word_1_10' title='bbox 1351 817 1413 864; x_wconf 90' lang='lat' dir='ltr'>non</span> <span class='ocrx_word' id='word_1_11' title='bbox 1438 799 1484 868; x_wconf 84' lang='lat' dir='ltr'>ri-</span> 
     </span>
     <span class='ocr_line' id='line_1_3' title="bbox 524 903 1483 988; baseline -0.004 -14"><span class='ocrx_word' id='word_1_12' title='bbox 524 905 609 976; x_wconf 82' lang='lat' dir='ltr'>debit</span> <span class='ocrx_word' id='word_1_13' title='bbox 632 911 765 976; x_wconf 87' lang='grc'><strong>444444</strong></span> <span class='ocrx_word' id='word_1_14' title='bbox 780 931 812 970; x_wconf 86' lang='grc'>».</span> <span class='ocrx_word' id='word_1_15' title='bbox 841 907 879 970; x_wconf 85' lang='lat' dir='ltr'>m</span> <span class='ocrx_word' id='word_1_16' title='bbox 908 925 974 970; x_wconf 88' lang='lat' dir='ltr'>noa</span> <span class='ocrx_word' id='word_1_17' title='bbox 998 903 1108 970; x_wconf 83' lang='grc'>44444441</span> <span class='ocrx_word' id='word_1_18' title='bbox 1140 903 1242 970; x_wconf 83' lang='lat' dir='ltr'>Iesus.</span> <span class='ocrx_word' id='word_1_19' title='bbox 1271 903 1326 970; x_wconf 91' lang='lat' dir='ltr'>Hic</span> <span class='ocrx_word' id='word_1_20' title='bbox 1354 903 1483 988; x_wconf 90' lang='lat' dir='ltr'>ponitur</span> 
     </span>
     <span class='ocr_line' id='line_1_4' title="bbox 524 1009 1485 1096; baseline -0.003 -16"><span class='ocrx_word' id='word_1_21' title='bbox 524 1013 608 1080; x_wconf 86' lang='lat' dir='ltr'>iilius</span> <span class='ocrx_word' id='word_1_22' title='bbox 636 1013 809 1090; x_wconf 83' lang='lat' dir='ltr'>correctio,</span> <span class='ocrx_word' id='word_1_23' title='bbox 838 1011 912 1096; x_wconf 89' lang='lat' dir='ltr'>quia</span> <span class='ocrx_word' id='word_1_24' title='bbox 943 1013 1003 1078; x_wconf 91' lang='lat' dir='ltr'>hoc</span> <span class='ocrx_word' id='word_1_25' title='bbox 1026 1027 1089 1076; x_wconf 92' lang='lat' dir='ltr'>non</span> <span class='ocrx_word' id='word_1_26' title='bbox 1124 1009 1206 1076; x_wconf 84' lang='lat' dir='ltr'>dixit</span> <span class='ocrx_word' id='word_1_27' title='bbox 1228 1009 1332 1090; x_wconf 87' lang='grc'><strong>44444,</strong></span> <span class='ocrx_word' id='word_1_28' title='bbox 1367 1009 1485 1078; x_wconf 88' lang='lat' dir='ltr'>scilicet</span> 
     </span>
     <span class='ocr_line' id='line_1_5' title="bbox 524 1113 1482 1204; baseline -0.004 -18"><span class='ocrx_word' id='word_1_29' title='bbox 524 1119 683 1204; x_wconf 89' lang='lat' dir='ltr'>quianon</span> <span class='ocrx_word' id='word_1_30' title='bbox 710 1117 861 1198; x_wconf 91' lang='lat' dir='ltr'>moritur;</span> <span class='ocrx_word' id='word_1_31' title='bbox 885 1135 952 1182; x_wconf 88' lang='lat' dir='ltr'>aon</span> <span class='ocrx_word' id='word_1_32' title='bbox 974 1115 1085 1182; x_wconf 81' lang='lat' dir='ltr'>dicit:</span> <span class='ocrx_word' id='word_1_33' title='bbox 1107 1113 1182 1180; x_wconf 87' lang='lat' dir='ltr'>Noa</span> <span class='ocrx_word' id='word_1_34' title='bbox 1205 1113 1368 1196; x_wconf 87' lang='lat' dir='ltr'>moritur,</span> <span class='ocrx_word' id='word_1_35' title='bbox 1392 1117 1482 1202; x_wconf 88' lang='lat' dir='ltr'>quia,</span> 
     </span>
     <span class='ocr_line' id='line_1_6' title="bbox 524 1221 1481 1308; baseline -0.006 -14"><span class='ocrx_word' id='word_1_36' title='bbox 524 1225 606 1294; x_wconf 88' lang='lat' dir='ltr'>sicut</span> <span class='ocrx_word' id='word_1_37' title='bbox 628 1223 743 1290; x_wconf 88' lang='lat' dir='ltr'>dicitur</span> <span class='ocrx_word' id='word_1_38' title='bbox 761 1221 962 1288; x_wconf 87' lang='lat' dir='ltr'>Ecclesiastae</span> <span class='ocrx_word' id='word_1_39' title='bbox 977 1239 1075 1300; x_wconf 90' lang='lat' dir='ltr'>nono,</span> <span class='ocrx_word' id='word_1_40' title='bbox 1103 1237 1227 1288; x_wconf 75' lang='lat' dir='ltr'>«nemo</span> <span class='ocrx_word' id='word_1_41' title='bbox 1251 1227 1313 1302; x_wconf 91' lang='lat' dir='ltr'>est,</span> <span class='ocrx_word' id='word_1_42' title='bbox 1329 1223 1384 1308; x_wconf 90' lang='lat' dir='ltr'>qui</span> <span class='ocrx_word' id='word_1_43' title='bbox 1400 1239 1481 1288; x_wconf 90' lang='lat' dir='ltr'>sem-</span> 
     </span>
     <span class='ocr_line' id='line_1_7' title="bbox 524 1327 1484 1418; baseline 0 -22"><span class='ocrx_word' id='word_1_44' title='bbox 524 1347 582 1418; x_wconf 89' lang='lat' dir='ltr'>per</span> <span class='ocrx_word' id='word_1_45' title='bbox 603 1331 690 1398; x_wconf 82' lang='lat' dir='ltr'>uiuat</span> <span class='ocrx_word' id='word_1_46' title='bbox 705 1353 740 1408; x_wconf 80' lang='lat'>»;</span> <span class='ocrx_word' id='word_1_47' title='bbox 765 1329 839 1396; x_wconf 82' lang='lat' dir='ltr'>secl:</span> <span class='ocrx_word' id='word_1_48' title='bbox 865 1327 919 1396; x_wconf 86' lang='lat' dir='ltr'>Sic</span> <span class='ocrx_word' id='word_1_49' title='bbox 941 1345 1017 1396; x_wconf 85' lang='lat' dir='ltr'>earn</span> <span class='ocrx_word' id='word_1_50' title='bbox 1039 1327 1111 1394; x_wconf 87' lang='grc'><strong>4444</strong></span> <span class='ocrx_word' id='word_1_51' title='bbox 1133 1345 1284 1408; x_wconf 83' lang='lat' dir='ltr'>manere,</span> <span class='ocrx_word' id='word_1_52' title='bbox 1310 1329 1410 1396; x_wconf 85' lang='lat' dir='ltr'>donec</span> <span class='ocrx_word' id='word_1_53' title='bbox 1433 1347 1484 1396; x_wconf 88' lang='lat' dir='ltr'>ee·</span> 
     </span>
     <span class='ocr_line' id='line_1_8' title="bbox 524 1429 1484 1524; baseline -0.004 -20"><span class='ocrx_word' id='word_1_54' title='bbox 524 1429 642 1515; x_wconf 58' lang='lat' dir='ltr'>aiant}</span> <span class='ocrx_word' id='word_1_55' title='bbox 660 1437 743 1524; x_wconf 84' lang='lat' dir='ltr'>quid</span> <span class='ocrx_word' id='word_1_56' title='bbox 766 1437 811 1502; x_wconf 87' lang='lat' dir='ltr'>od</span> <span class='ocrx_word' id='word_1_57' title='bbox 834 1435 886 1502; x_wconf 80' lang='grc'>444</span> <span class='ocrx_word' id='word_1_58' title='bbox 909 1435 1080 1502; x_wconf 83' lang='lat' dir='ltr'>Remissire</span> <span class='ocrx_word' id='word_1_59' title='bbox 1102 1441 1150 1502; x_wconf 91' lang='lat' dir='ltr'>est</span> <span class='ocrx_word' id='word_1_60' title='bbox 1178 1435 1343 1522; x_wconf 83' lang='lat' dir='ltr'>legendum</span> <span class='ocrx_word' id='word_1_61' title='bbox 1369 1441 1400 1504; x_wconf 92' lang='lat' dir='ltr'>et</span> <span class='ocrx_word' id='word_1_62' title='bbox 1427 1453 1484 1504; x_wconf 91' lang='lat' dir='ltr'>ex·</span> 
     </span>
     <span class='ocr_line' id='line_1_9' title="bbox 524 1541 918 1630; baseline -0.013 -19"><span class='ocrx_word' id='word_1_63' title='bbox 524 1543 704 1630; x_wconf 89' lang='lat' dir='ltr'>ponendum</span> <span class='ocrx_word' id='word_1_64' title='bbox 725 1548 763 1610; x_wconf 91' lang='lat' dir='ltr'>ut</span> <span class='ocrx_word' id='word_1_65' title='bbox 785 1559 885 1626; x_wconf 87' lang='lat' dir='ltr'>supra</span> <span class='ocrx_word' id='word_1_66' title='bbox 896 1541 918 1606; x_wconf 73' lang='lat'>².</span> 
     </span>
    </p>
   </div>
   <div class='ocr_carea' id='block_1_3' title="bbox 887 1755 1115 1838">
    <p class='ocr_par' dir='ltr' id='par_1_3' title="bbox 887 1755 1115 1838">
     <span class='ocr_line' id='line_1_10' title="bbox 887 1755 1115 1838; baseline 0 -16"><span class='ocrx_word' id='word_1_67' title='bbox 887 1755 1115 1838; x_wconf 77' lang='grc'><strong>9444444444.</strong></span> 
     </span>
    </p>
   </div>
   <div class='ocr_carea' id='block_1_4' title="bbox 606 1919 1548 2054">
    <p class='ocr_par' dir='ltr' id='par_1_4' title="bbox 606 1919 1548 2054">
     <span class='ocr_line' id='line_1_11' title="bbox 606 1919 1548 2054; baseline 0.006 -28"><span class='ocrx_word' id='word_1_68' title='bbox 606 1969 666 2034; x_wconf 87' lang='grc'>48.</span> <span class='ocrx_word' id='word_1_69' title='bbox 692 1919 816 2050; x_wconf 81' lang='lat' dir='ltr'>Quaest.</span> <span class='ocrx_word' id='word_1_70' title='bbox 839 1965 861 2032; x_wconf 92' lang='lat' dir='ltr'>i.</span> <span class='ocrx_word' id='word_1_71' title='bbox 887 1965 946 2032; x_wconf 91' lang='lat' dir='ltr'>Sed</span> <span class='ocrx_word' id='word_1_72' title='bbox 968 1967 1134 2054; x_wconf 90' lang='lat' dir='ltr'>quaeritur</span> <span class='ocrx_word' id='word_1_73' title='bbox 1166 1967 1217 2033; x_wconf 90' lang='lat' dir='ltr'>hic</span> <span class='ocrx_word' id='word_1_74' title='bbox 1241 1965 1277 2032; x_wconf 93' lang='lat' dir='ltr'>de</span> <span class='ocrx_word' id='word_1_75' title='bbox 1310 1967 1369 2032; x_wconf 93' lang='lat' dir='ltr'>hoc</span> <span class='ocrx_word' id='word_1_76' title='bbox 1398 1963 1484 2050; x_wconf 92' lang='lat' dir='ltr'>quod</span> <span class='ocrx_word' id='word_1_77' title='bbox 1547 1993 1548 1996; x_wconf 39' lang='lat'>¹</span> 
     </span>
    </p>
   </div>
   <div class='ocr_carea' id='block_1_5' title="bbox 523 2071 1485 2266">
    <p class='ocr_par' dir='ltr' id='par_1_5' title="bbox 523 2071 1485 2266">
     <span class='ocr_line' id='line_1_12' title="bbox 523 2071 1484 2162; baseline 0 -22"><span class='ocrx_word' id='word_1_78' title='bbox 523 2073 616 2140; x_wconf 87' lang='lat' dir='ltr'>dicit:</span> <span class='ocrx_word' id='word_1_79' title='bbox 643 2071 741 2140; x_wconf 86' lang='lat' dir='ltr'>Alias</span> <span class='ocrx_word' id='word_1_80' title='bbox 763 2071 869 2160; x_wconf 81' lang='lat' dir='ltr'>cinget</span> <span class='ocrx_word' id='word_1_81' title='bbox 891 2081 920 2140; x_wconf 90' lang='lat' dir='ltr'>te</span> <span class='ocrx_word' id='word_1_82' title='bbox 943 2081 972 2142; x_wconf 90' lang='lat' dir='ltr'>ct</span> <span class='ocrx_word' id='word_1_83' title='bbox 995 2073 1104 2152; x_wconf 85' lang='lat' dir='ltr'>ducet,</span> <span class='ocrx_word' id='word_1_84' title='bbox 1130 2093 1195 2162; x_wconf 89' lang='lat' dir='ltr'>qao</span> <span class='ocrx_word' id='word_1_85' title='bbox 1217 2079 1255 2138; x_wconf 87' lang='lat' dir='ltr'>tu</span> <span class='ocrx_word' id='word_1_86' title='bbox 1276 2091 1344 2140; x_wconf 88' lang='lat' dir='ltr'>aaa</span> <span class='ocrx_word' id='word_1_87' title='bbox 1365 2071 1423 2140; x_wconf 78' lang='lat' dir='ltr'>ets.</span> <span class='ocrx_word' id='word_1_88' title='bbox 1442 2109 1484 2122; x_wconf 88' lang='lat'>·-</span> 
     </span>
     <span class='ocr_line' id='line_1_13' title="bbox 523 2177 1485 2266; baseline 0 -20"><span class='ocrx_word' id='word_1_89' title='bbox 523 2179 654 2248; x_wconf 88' lang='lat' dir='ltr'>Videtur</span> <span class='ocrx_word' id='word_1_90' title='bbox 679 2197 719 2248; x_wconf 91' lang='lat' dir='ltr'>ex</span> <span class='ocrx_word' id='word_1_91' title='bbox 745 2181 819 2260; x_wconf 94' lang='lat' dir='ltr'>hoc,</span> <span class='ocrx_word' id='word_1_92' title='bbox 842 2179 928 2266; x_wconf 91' lang='lat' dir='ltr'>quod</span> <span class='ocrx_word' id='word_1_93' title='bbox 950 2179 1055 2266; x_wconf 82' lang='lat' dir='ltr'>passio</span> <span class='ocrx_word' id='word_1_94' title='bbox 1077 2177 1159 2250; x_wconf 90' lang='lat' dir='ltr'>Petri</span> <span class='ocrx_word' id='word_1_95' title='bbox 1184 2179 1279 2248; x_wconf 85' lang='lat' dir='ltr'>tuerit</span> <span class='ocrx_word' id='word_1_96' title='bbox 1307 2179 1485 2248; x_wconf 83' lang='lat' dir='ltr'>involunta-</span> 
     </span>
    </p>
   </div>
   <div class='ocr_carea' id='block_1_6' title="bbox 423 2275 1053 2372">
    <p class='ocr_par' dir='ltr' id='par_1_6' title="bbox 423 2275 1053 2372">
     <span class='ocr_line' id='line_1_14' title="bbox 423 2275 1053 2372; baseline 0.005 -23"><span class='ocrx_word' id='word_1_97' title='bbox 423 2275 425 2278; x_wconf 71' lang='grc'><strong>’</strong></span> <span class='ocrx_word' id='word_1_98' title='bbox 524 2285 589 2352; x_wconf 90' lang='lat' dir='ltr'>ria:</span> <span class='ocrx_word' id='word_1_99' title='bbox 614 2303 690 2372; x_wconf 91' lang='lat' dir='ltr'>ergo</span> <span class='ocrx_word' id='word_1_100' title='bbox 712 2305 774 2354; x_wconf 91' lang='lat' dir='ltr'>non</span> <span class='ocrx_word' id='word_1_101' title='bbox 798 2285 859 2354; x_wconf 89' lang='lat' dir='ltr'>luit</span> <span class='ocrx_word' id='word_1_102' title='bbox 881 2287 1053 2355; x_wconf 88' lang='lat' dir='ltr'>meritoria.</span> 
     </span>
    </p>
   </div>
   <div class='ocr_carea' id='block_1_7' title="bbox 614 2381 1485 2480">
    <p class='ocr_par' dir='ltr' id='par_1_7' title="bbox 614 2381 1485 2480">
     <span class='ocr_line' id='line_1_15' title="bbox 614 2381 1485 2480; baseline 0.005 -22"><span class='ocrx_word' id='word_1_103' title='bbox 614 2395 815 2460; x_wconf 76' lang='lat' dir='ltr'>RESPONDEO:</span> <span class='ocrx_word' id='word_1_104' title='bbox 850 2381 976 2480; x_wconf 88' lang='lat' dir='ltr'>Duplex</span> <span class='ocrx_word' id='word_1_105' title='bbox 1010 2401 1059 2462; x_wconf 90' lang='lat' dir='ltr'>est</span> <span class='ocrx_word' id='word_1_106' title='bbox 1085 2395 1249 2462; x_wconf 84' lang='lat' dir='ltr'>voluntas:</span> <span class='ocrx_word' id='word_1_107' title='bbox 1280 2395 1425 2462; x_wconf 82' lang='lat' dir='ltr'>rationis</span> <span class='ocrx_word' id='word_1_108' title='bbox 1452 2401 1485 2462; x_wconf 91' lang='lat' dir='ltr'>et</span> 
     </span>
    </p>
   </div>
   <div class='ocr_carea' id='block_1_8' title="bbox 367 2499 1485 2614">
    <p class='ocr_par' dir='ltr' id='par_1_8' title="bbox 367 2499 1485 2614">
     <span class='ocr_line' id='line_1_16' title="bbox 367 2499 1485 2614; baseline 0.001 -49"><span class='ocrx_word' id='word_1_109' title='bbox 367 2515 506 2614; x_wconf 41' lang='lat' dir='ltr'>AEqqqqieoqq</span> <span class='ocrx_word' id='word_1_110' title='bbox 522 2507 686 2580; x_wconf 70' lang='lat' dir='ltr'>naturea-</span> <span class='ocrx_word' id='word_1_111' title='bbox 707 2499 818 2566; x_wconf 84' lang='lat' dir='ltr'>volcas</span> <span class='ocrx_word' id='word_1_112' title='bbox 839 2519 952 2586; x_wconf 90' lang='lat' dir='ltr'>passus</span> <span class='ocrx_word' id='word_1_113' title='bbox 975 2505 1023 2568; x_wconf 87' lang='lat' dir='ltr'>est</span> <span class='ocrx_word' id='word_1_114' title='bbox 1047 2502 1207 2568; x_wconf 89' lang='lat' dir='ltr'>voluntate</span> <span class='ocrx_word' id='word_1_115' title='bbox 1236 2499 1398 2580; x_wconf 85' lang='lat' dir='ltr'>rationis,</span> <span class='ocrx_word' id='word_1_116' title='bbox 1431 2501 1485 2568; x_wconf 89' lang='lat' dir='ltr'>sed</span> 
     </span>
    </p>
   </div>
   <div class='ocr_carea' id='block_1_9' title="bbox 523 2593 1485 2680">
    <p class='ocr_par' dir='ltr' id='par_1_9' title="bbox 523 2593 1485 2680">
     <span class='ocr_line' id='line_1_17' title="bbox 523 2593 1485 2680; baseline -0.002 -8"><span class='ocrx_word' id='word_1_117' title='bbox 523 2607 636 2674; x_wconf 82' lang='lat' dir='ltr'>nolens</span> <span class='ocrx_word' id='word_1_118' title='bbox 658 2605 820 2672; x_wconf 87' lang='lat' dir='ltr'>voluntate</span> <span class='ocrx_word' id='word_1_119' title='bbox 841 2606 1061 2672; x_wconf 67' lang='lat' dir='ltr'>autarac‘vel</span> <span class='ocrx_word' id='word_1_120' title='bbox 1091 2593 1311 2680; x_wconf 75' lang='lat' dir='ltr'>sensualitatis.</span> <span class='ocrx_word' id='word_1_121' title='bbox 1340 2605 1401 2672; x_wconf 92' lang='lat' dir='ltr'>Nec</span> <span class='ocrx_word' id='word_1_122' title='bbox 1427 2605 1485 2670; x_wconf 91' lang='lat' dir='ltr'>mi-</span> 
     </span>
    </p>
   </div>
   <div class='ocr_carea' id='block_1_10' title="bbox 524 2709 1512 2796">
    <p class='ocr_par' dir='ltr' id='par_1_10' title="bbox 524 2709 1512 2796">
     <span class='ocr_line' id='line_1_18' title="bbox 524 2709 1512 2796; baseline -0.002 -20"><span class='ocrx_word' id='word_1_123' title='bbox 524 2717 616 2790; x_wconf 84' lang='grc'><strong>444,</strong></span> <span class='ocrx_word' id='word_1_124' title='bbox 632 2711 707 2796; x_wconf 90' lang='lat' dir='ltr'>quia</span> <span class='ocrx_word' id='word_1_125' title='bbox 731 2711 774 2776; x_wconf 91' lang='grc'>444</span> <span class='ocrx_word' id='word_1_126' title='bbox 791 2709 851 2776; x_wconf 88' lang='grc'><strong>4444</strong></span> <span class='ocrx_word' id='word_1_127' title='bbox 873 2709 905 2774; x_wconf 90' lang='grc'>44</span> <span class='ocrx_word' id='word_1_128' title='bbox 923 2709 1040 2792; x_wconf 85' lang='grc'><strong>444444;</strong></span> <span class='ocrx_word' id='word_1_129' title='bbox 1064 2709 1148 2776; x_wconf 92' lang='lat' dir='ltr'>unde</span> <span class='ocrx_word' id='word_1_130' title='bbox 1165 2709 1309 2776; x_wconf 78' lang='lat' dir='ltr'>Matthaei</span> <span class='ocrx_word' id='word_1_131' title='bbox 1333 2709 1485 2794; x_wconf 84' lang='lat' dir='ltr'>vigesimo</span> <span class='ocrx_word' id='word_1_132' title='bbox 1511 2741 1512 2744; x_wconf 34' lang='lat'>¹</span> 
     </span>
    </p>
   </div>
   <div class='ocr_carea' id='block_1_11' title="bbox 416 2805 1485 3854">
    <p class='ocr_par' dir='ltr' id='par_1_11' title="bbox 416 2805 1485 3514">
     <span class='ocr_line' id='line_1_19' title="bbox 525 2805 1485 2906; baseline -0.006 -22"><span class='ocrx_word' id='word_1_133' title='bbox 525 2815 660 2884; x_wconf 76' lang='lat' dir='ltr'>sexto³:</span> <span class='ocrx_word' id='word_1_134' title='bbox 686 2815 801 2894; x_wconf 84' lang='lat' dir='ltr'>Pater,</span> <span class='ocrx_word' id='word_1_135' title='bbox 816 2815 849 2878; x_wconf 85' lang='lat' dir='ltr'>si</span> <span class='ocrx_word' id='word_1_136' title='bbox 869 2805 1079 2898; x_wconf 77' lang='lat' dir='ltr'>lieripotest,</span> <span class='ocrx_word' id='word_1_137' title='bbox 1105 2817 1255 2906; x_wconf 78' lang='lat' dir='ltr'>transeat</span> <span class='ocrx_word' id='word_1_138' title='bbox 1278 2831 1302 2878; x_wconf 89' lang='lat' dir='ltr'>a</span> <span class='ocrx_word' id='word_1_139' title='bbox 1319 2833 1372 2878; x_wconf 85' lang='lat' dir='ltr'>ate</span> <span class='ocrx_word' id='word_1_140' title='bbox 1394 2811 1485 2878; x_wconf 83' lang='lat' dir='ltr'>calice</span> 
     </span>
     <span class='ocr_line' id='line_1_20' title="bbox 525 2917 1482 3004; baseline -0.005 -16"><span class='ocrx_word' id='word_1_141' title='bbox 525 2917 603 3000; x_wconf 63' lang='lat' dir='ltr'>istm·</span> <span class='ocrx_word' id='word_1_142' title='bbox 619 2927 846 2986; x_wconf 81' lang='lat' dir='ltr'>cerumtamen</span> <span class='ocrx_word' id='word_1_143' title='bbox 862 2937 946 2998; x_wconf 90' lang='lat' dir='ltr'>aon,</span> <span class='ocrx_word' id='word_1_144' title='bbox 971 2917 1059 2984; x_wconf 80' lang='lat' dir='ltr'>sicat</span> <span class='ocrx_word' id='word_1_145' title='bbox 1072 2937 1129 3004; x_wconf 85' lang='lat' dir='ltr'>epo</span> <span class='ocrx_word' id='word_1_146' title='bbox 1152 2917 1240 2998; x_wconf 88' lang='lat' dir='ltr'>aulo,</span> <span class='ocrx_word' id='word_1_147' title='bbox 1254 2919 1312 2986; x_wconf 83' lang='lat' dir='ltr'>scd</span> <span class='ocrx_word' id='word_1_148' title='bbox 1334 2917 1422 2986; x_wconf 86' lang='grc'><strong>444444</strong></span> <span class='ocrx_word' id='word_1_149' title='bbox 1436 2925 1482 2984; x_wconf 88' lang='lat' dir='ltr'>ta.</span> 
     </span>
     <span class='ocr_line' id='line_1_21' title="bbox 524 3023 1483 3110; baseline -0.004 -16"><span class='ocrx_word' id='word_1_150' title='bbox 524 3025 611 3094; x_wconf 84' lang='lat' dir='ltr'>Unde</span> <span class='ocrx_word' id='word_1_151' title='bbox 633 3025 840 3110; x_wconf 75' lang='lat' dir='ltr'>Augustinus.</span> <span class='ocrx_word' id='word_1_152' title='bbox 872 3049 887 3082; x_wconf 86' lang='lat'>‹&lt;</span> <span class='ocrx_word' id='word_1_153' title='bbox 903 3025 1014 3090; x_wconf 90' lang='lat' dir='ltr'>Petrus</span> <span class='ocrx_word' id='word_1_154' title='bbox 1037 3025 1149 3090; x_wconf 84' lang='lat' dir='ltr'>nolens</span> <span class='ocrx_word' id='word_1_155' title='bbox 1172 3023 1210 3090; x_wconf 87' lang='lat' dir='ltr'>ad</span> <span class='ocrx_word' id='word_1_156' title='bbox 1226 3029 1361 3090; x_wconf 88' lang='lat' dir='ltr'>mortem</span> <span class='ocrx_word' id='word_1_157' title='bbox 1384 3023 1483 3106; x_wconf 87' lang='lat' dir='ltr'>venit,</span> 
     </span>
     <span class='ocr_line' id='line_1_22' title="bbox 524 3121 1484 3214; baseline -0.001 -17"><span class='ocrx_word' id='word_1_158' title='bbox 524 3131 633 3198; x_wconf 83' lang='grc'><strong>444444</strong></span> <span class='ocrx_word' id='word_1_159' title='bbox 656 3121 789 3196; x_wconf 87' lang='grc'><strong>444444</strong></span> <span class='ocrx_word' id='word_1_160' title='bbox 813 3127 887 3196; x_wconf 90' lang='lat' dir='ltr'>rioit</span> <span class='ocrx_word' id='word_1_161' title='bbox 910 3135 940 3196; x_wconf 93' lang='lat' dir='ltr'>et</span> <span class='ocrx_word' id='word_1_162' title='bbox 964 3127 1093 3214; x_wconf 91' lang='lat' dir='ltr'>reliquit</span> <span class='ocrx_word' id='word_1_163' title='bbox 1115 3129 1201 3196; x_wconf 90' lang='lat' dir='ltr'>huuc</span> <span class='ocrx_word' id='word_1_164' title='bbox 1225 3129 1417 3196; x_wconf 85' lang='lat' dir='ltr'>infirmitatis</span> <span class='ocrx_word' id='word_1_165' title='bbox 1439 3129 1484 3196; x_wconf 86' lang='lat' dir='ltr'>ai-</span> 
     </span>
     <span class='ocr_line' id='line_1_23' title="bbox 524 3231 1484 3318; baseline -0.002 -18"><span class='ocrx_word' id='word_1_166' title='bbox 524 3233 655 3312; x_wconf 86' lang='lat' dir='ltr'>iectum,</span> <span class='ocrx_word' id='word_1_167' title='bbox 679 3251 744 3318; x_wconf 93' lang='lat' dir='ltr'>quo</span> <span class='ocrx_word' id='word_1_168' title='bbox 772 3231 865 3298; x_wconf 87' lang='lat' dir='ltr'>nemo</span> <span class='ocrx_word' id='word_1_169' title='bbox 895 3233 966 3300; x_wconf 85' lang='lat' dir='ltr'>vult</span> <span class='ocrx_word' id='word_1_170' title='bbox 994 3233 1091 3312; x_wconf 88' lang='lat' dir='ltr'>mori,</span> <span class='ocrx_word' id='word_1_171' title='bbox 1120 3249 1224 3316; x_wconf 88' lang='lat' dir='ltr'>usque</span> <span class='ocrx_word' id='word_1_172' title='bbox 1254 3233 1332 3298; x_wconf 87' lang='lat' dir='ltr'>adeo</span> <span class='ocrx_word' id='word_1_173' title='bbox 1355 3239 1484 3300; x_wconf 87' lang='lat' dir='ltr'>natura-</span> 
     </span>
     <span class='ocr_line' id='line_1_24' title="bbox 416 3339 1483 3424; baseline 0.006 -24"><span class='ocrx_word' id='word_1_174' title='bbox 416 3395 417 3400; x_wconf 75' lang='grc'>,</span> <span class='ocrx_word' id='word_1_175' title='bbox 525 3343 603 3420; x_wconf 91' lang='lat' dir='ltr'>lem,</span> <span class='ocrx_word' id='word_1_176' title='bbox 627 3347 663 3406; x_wconf 91' lang='lat' dir='ltr'>ut</span> <span class='ocrx_word' id='word_1_177' title='bbox 685 3357 757 3406; x_wconf 92' lang='lat' dir='ltr'>eum</span> <span class='ocrx_word' id='word_1_178' title='bbox 782 3339 873 3406; x_wconf 91' lang='lat' dir='ltr'>heato</span> <span class='ocrx_word' id='word_1_179' title='bbox 900 3341 991 3406; x_wconf 86' lang='lat' dir='ltr'>Petro</span> <span class='ocrx_word' id='word_1_180' title='bbox 1013 3357 1071 3406; x_wconf 90' lang='lat' dir='ltr'>nec</span> <span class='ocrx_word' id='word_1_181' title='bbox 1095 3345 1240 3406; x_wconf 88' lang='lat' dir='ltr'>senectus</span> <span class='ocrx_word' id='word_1_182' title='bbox 1270 3339 1397 3406; x_wconf 85' lang='lat' dir='ltr'>auterre</span> <span class='ocrx_word' id='word_1_183' title='bbox 1427 3357 1483 3424; x_wconf 91' lang='lat' dir='ltr'>po-</span> 
     </span>
     <span class='ocr_line' id='line_1_25' title="bbox 526 3447 1031 3514; baseline 0 -1"><span class='ocrx_word' id='word_1_184' title='bbox 526 3447 622 3514; x_wconf 88' lang='lat' dir='ltr'>tuerit</span> <span class='ocrx_word' id='word_1_185' title='bbox 638 3473 669 3512; x_wconf 74' lang='lat' dir='ltr'>a.</span> <span class='ocrx_word' id='word_1_186' title='bbox 1029 3453 1031 3458; x_wconf 81' lang='grc'>’</span> 
     </span>
    </p>

    <p class='ocr_par' dir='ltr' id='par_1_12' title="bbox 525 3547 1485 3854">
     <span class='ocr_line' id='line_1_26' title="bbox 614 3547 1483 3638; baseline -0.002 -20"><span class='ocrx_word' id='word_1_187' title='bbox 614 3553 667 3620; x_wconf 91' lang='grc'>49.</span> <span class='ocrx_word' id='word_1_188' title='bbox 691 3555 816 3638; x_wconf 85' lang='lat' dir='ltr'>Quaest.</span> <span class='ocrx_word' id='word_1_189' title='bbox 844 3553 875 3620; x_wconf 92' lang='lat' dir='ltr'>ll.</span> <span class='ocrx_word' id='word_1_190' title='bbox 901 3553 977 3620; x_wconf 90' lang='lat' dir='ltr'>Item</span> <span class='ocrx_word' id='word_1_191' title='bbox 1000 3553 1167 3638; x_wconf 88' lang='lat' dir='ltr'>quaeritur</span> <span class='ocrx_word' id='word_1_192' title='bbox 1188 3553 1228 3620; x_wconf 87' lang='lat' dir='ltr'>de</span> <span class='ocrx_word' id='word_1_193' title='bbox 1250 3547 1310 3618; x_wconf 91' lang='lat' dir='ltr'>hoc</span> <span class='ocrx_word' id='word_1_194' title='bbox 1335 3553 1420 3638; x_wconf 92' lang='lat' dir='ltr'>quod</span> <span class='ocrx_word' id='word_1_195' title='bbox 1436 3553 1483 3618; x_wconf 51' lang='lat' dir='ltr'>di*</span> 
     </span>
     <span class='ocr_line' id='line_1_27' title="bbox 525 3657 1485 3748; baseline -0.004 -20"><span class='ocrx_word' id='word_1_196' title='bbox 525 3661 588 3728; x_wconf 88' lang='lat' dir='ltr'>cit:</span> <span class='ocrx_word' id='word_1_197' title='bbox 623 3659 846 3748; x_wconf 76' lang='lat' dir='ltr'>Stpntpcom,</span> <span class='ocrx_word' id='word_1_198' title='bbox 876 3679 945 3748; x_wconf 84' lang='lat' dir='ltr'>qua</span> <span class='ocrx_word' id='word_1_199' title='bbox 977 3666 1080 3725; x_wconf 88' lang='lat' dir='ltr'>morte</span> <span class='ocrx_word' id='word_1_200' title='bbox 1114 3657 1368 3744; x_wconf 66' lang='lat' dir='ltr'>clarificaturus</span> <span class='ocrx_word' id='word_1_201' title='bbox 1403 3665 1485 3724; x_wconf 84' lang='grc'><strong>44444</strong></span> 
     </span>
     <span class='ocr_line' id='line_1_28' title="bbox 527 3763 1483 3854; baseline -0.002 -20"><span class='ocrx_word' id='word_1_202' title='bbox 527 3769 651 3848; x_wconf 82' lang='lat' dir='ltr'>Doara,</span> <span class='ocrx_word' id='word_1_203' title='bbox 675 3767 749 3852; x_wconf 89' lang='lat' dir='ltr'>quia</span> <span class='ocrx_word' id='word_1_204' title='bbox 773 3785 870 3852; x_wconf 89' lang='lat' dir='ltr'>supra</span> <span class='ocrx_word' id='word_1_205' title='bbox 892 3767 1002 3854; x_wconf 89' lang='lat' dir='ltr'>quinto</span> <span class='ocrx_word' id='word_1_206' title='bbox 1015 3767 1047 3832; x_wconf 77' lang='lat'>4:</span> <span class='ocrx_word' id='word_1_207' title='bbox 1071 3769 1140 3852; x_wconf 84' lang='lat' dir='ltr'>Epo</span> <span class='ocrx_word' id='word_1_208' title='bbox 1164 3765 1350 3832; x_wconf 85' lang='lat' dir='ltr'>claritatem</span> <span class='ocrx_word' id='word_1_209' title='bbox 1369 3765 1411 3832; x_wconf 91' lang='lat' dir='ltr'>ab</span> <span class='ocrx_word' id='word_1_210' title='bbox 1427 3763 1483 3832; x_wconf 83' lang='lat' dir='ltr'>lto-</span> 
     </span>
    </p>
   </div>
   <div class='ocr_carea' id='block_1_12' title="bbox 523 3863 1482 3958">
    <p class='ocr_par' dir='ltr' id='par_1_13' title="bbox 523 3863 1482 3958">
     <span class='ocr_line' id='line_1_29' title="bbox 523 3863 1482 3958; baseline -0.002 -18"><span class='ocrx_word' id='word_1_211' title='bbox 523 3863 673 3940; x_wconf 82' lang='lat' dir='ltr'>¹rairaibas</span> <span class='ocrx_word' id='word_1_212' title='bbox 694 3893 761 3940; x_wconf 89' lang='lat' dir='ltr'>aaa</span> <span class='ocrx_word' id='word_1_213' title='bbox 786 3891 931 3958; x_wconf 81' lang='lat' dir='ltr'>accepto:</span> <span class='ocrx_word' id='word_1_214' title='bbox 956 3889 1032 3958; x_wconf 87' lang='lat' dir='ltr'>ergo</span> <span class='ocrx_word' id='word_1_215' title='bbox 1047 3889 1119 3940; x_wconf 88' lang='lat' dir='ltr'>cum</span> <span class='ocrx_word' id='word_1_216' title='bbox 1139 3873 1248 3940; x_wconf 86' lang='lat' dir='ltr'>Petrus</span> <span class='ocrx_word' id='word_1_217' title='bbox 1265 3877 1347 3940; x_wconf 90' lang='lat' dir='ltr'>esset</span> <span class='ocrx_word' id='word_1_218' title='bbox 1368 3871 1482 3952; x_wconf 87' lang='lat' dir='ltr'>home,</span> 
     </span>
    </p>
   </div>
   <div class='ocr_carea' id='block_1_13' title="bbox 421 3979 927 4048">
    <p class='ocr_par' dir='ltr' id='par_1_14' title="bbox 421 3979 927 4048">
     <span class='ocr_line' id='line_1_30' title="bbox 421 3979 927 4048; baseline -0.008 0"><span class='ocrx_word' id='word_1_219' title='bbox 421 3983 423 3986; x_wconf 82' lang='grc'><strong>’</strong></span> <span class='ocrx_word' id='word_1_220' title='bbox 527 3999 589 4048; x_wconf 90' lang='grc'>444</span> <span class='ocrx_word' id='word_1_221' title='bbox 612 3979 794 4048; x_wconf 86' lang='lat' dir='ltr'>clarificavit</span> <span class='ocrx_word' id='word_1_222' title='bbox 817 3979 927 4048; x_wconf 85' lang='lat' dir='ltr'>Deum.</span> 
     </span>
    </p>
   </div>
   <div class='ocr_carea' id='block_1_14' title="bbox 614 4083 1482 4170">
    <p class='ocr_par' dir='ltr' id='par_1_15' title="bbox 614 4069 1482 4170">
     <span class='ocr_line' id='line_1_31' title="bbox 614 4083 1482 4170; baseline -0.002 -18"><span class='ocrx_word' id='word_1_223' title='bbox 614 4087 814 4154; x_wconf 81' lang='lat' dir='ltr'>Rusrounuo:</span> <span class='ocrx_word' id='word_1_224' title='bbox 839 4085 1029 4166; x_wconf 86' lang='lat' dir='ltr'>Dicendum,</span> <span class='ocrx_word' id='word_1_225' title='bbox 1053 4085 1138 4170; x_wconf 90' lang='lat' dir='ltr'>quod</span> <span class='ocrx_word' id='word_1_226' title='bbox 1162 4083 1218 4151; x_wconf 87' lang='lat' dir='ltr'>etsi</span> <span class='ocrx_word' id='word_1_227' title='bbox 1235 4083 1320 4150; x_wconf 87' lang='lat' dir='ltr'>Deus</span> <span class='ocrx_word' id='word_1_228' title='bbox 1343 4101 1406 4150; x_wconf 92' lang='lat' dir='ltr'>uon</span> <span class='ocrx_word' id='word_1_229' title='bbox 1421 4084 1482 4150; x_wconf 91' lang='lat' dir='ltr'>cla-</span> 
     </span>
    </p>
   </div>
   <div class='ocr_carea' id='block_1_15' title="bbox 441 4187 1493 4272">
    <p class='ocr_par' dir='ltr' id='par_1_16' title="bbox 441 4187 1493 4272">
     <span class='ocr_line' id='line_1_32' title="bbox 441 4187 1493 4272; baseline -0.004 -14"><span class='ocrx_word' id='word_1_230' title='bbox 441 4215 507 4270; x_wconf 73' lang='lat' dir='ltr'>nap.</span> <span class='ocrx_word' id='word_1_231' title='bbox 527 4191 669 4258; x_wconf 83' lang='grc'><strong>44644444</strong></span> <span class='ocrx_word' id='word_1_232' title='bbox 691 4191 729 4258; x_wconf 88' lang='lat' dir='ltr'>ia</span> <span class='ocrx_word' id='word_1_233' title='bbox 749 4211 809 4270; x_wconf 79' lang='lat' dir='ltr'>se,</span> <span class='ocrx_word' id='word_1_234' title='bbox 836 4189 1026 4258; x_wconf 89' lang='lat' dir='ltr'>clarificatur</span> <span class='ocrx_word' id='word_1_235' title='bbox 1049 4195 1154 4256; x_wconf 87' lang='grc'><strong>44444</strong></span> <span class='ocrx_word' id='word_1_236' title='bbox 1184 4189 1278 4256; x_wconf 80' lang='lat' dir='ltr'>ambis</span> <span class='ocrx_word' id='word_1_237' title='bbox 1299 4189 1333 4254; x_wconf 91' lang='lat' dir='ltr'>in</span> <span class='ocrx_word' id='word_1_238' title='bbox 1363 4187 1493 4272; x_wconf 82' lang='lat' dir='ltr'>Sanctis.</span> 
     </span>
    </p>
   </div>
   <div class='ocr_carea' id='block_1_16' title="bbox 410 4293 1491 4912">
    <p class='ocr_par' dir='ltr' id='par_1_17' title="bbox 526 4293 1483 4592">
     <span class='ocr_line' id='line_1_33' title="bbox 527 4293 1483 4380; baseline -0.004 -16"><span class='ocrx_word' id='word_1_239' title='bbox 527 4297 593 4364; x_wconf 91' lang='lat' dir='ltr'>suis</span> <span class='ocrx_word' id='word_1_240' title='bbox 614 4297 805 4380; x_wconf 88' lang='lat' dir='ltr'>patientibus</span> <span class='ocrx_word' id='word_1_241' title='bbox 828 4295 866 4362; x_wconf 93' lang='lat' dir='ltr'>ad</span> <span class='ocrx_word' id='word_1_242' title='bbox 891 4297 960 4362; x_wconf 92' lang='lat' dir='ltr'>eius</span> <span class='ocrx_word' id='word_1_243' title='bbox 978 4295 1123 4380; x_wconf 90' lang='lat' dir='ltr'>gloriam;</span> <span class='ocrx_word' id='word_1_244' title='bbox 1142 4293 1216 4378; x_wconf 90' lang='lat' dir='ltr'>quia</span> <span class='ocrx_word' id='word_1_245' title='bbox 1237 4311 1296 4378; x_wconf 88' lang='lat' dir='ltr'>per</span> <span class='ocrx_word' id='word_1_246' title='bbox 1310 4295 1370 4360; x_wconf 92' lang='lat' dir='ltr'>hoc</span> <span class='ocrx_word' id='word_1_247' title='bbox 1394 4293 1483 4360; x_wconf 91' lang='lat' dir='ltr'>nohis</span> 
     </span>
     <span class='ocr_line' id='line_1_34' title="bbox 526 4387 1481 4486; baseline -0.006 -18"><span class='ocrx_word' id='word_1_248' title='bbox 526 4387 708 4482; x_wconf 80' lang='lat' dir='ltr'>innotescit,</span> <span class='ocrx_word' id='word_1_249' title='bbox 742 4407 859 4486; x_wconf 88' lang='lat' dir='ltr'>quanta</span> <span class='ocrx_word' id='word_1_250' title='bbox 895 4419 954 4486; x_wconf 90' lang='lat' dir='ltr'>pro</span> <span class='ocrx_word' id='word_1_251' title='bbox 987 4419 1095 4468; x_wconf 89' lang='lat' dir='ltr'>amore</span> <span class='ocrx_word' id='word_1_252' title='bbox 1130 4399 1184 4466; x_wconf 88' lang='lat' dir='ltr'>Dei</span> <span class='ocrx_word' id='word_1_253' title='bbox 1220 4399 1308 4466; x_wconf 91' lang='lat' dir='ltr'>nobis</span> <span class='ocrx_word' id='word_1_254' title='bbox 1340 4399 1481 4482; x_wconf 89' lang='lat' dir='ltr'>patienda</span> 
     </span>
     <span class='ocr_line' id='line_1_35' title="bbox 527 4507 1013 4592; baseline -0.01 -16"><span class='ocrx_word' id='word_1_255' title='bbox 527 4513 600 4576; x_wconf 89' lang='lat' dir='ltr'>sunt</span> <span class='ocrx_word' id='word_1_256' title='bbox 622 4507 769 4592; x_wconf 91' lang='lat' dir='ltr'>exemplo</span> <span class='ocrx_word' id='word_1_257' title='bbox 791 4509 976 4574; x_wconf 90' lang='lat' dir='ltr'>Sanctorum</span> <span class='ocrx_word' id='word_1_258' title='bbox 989 4507 1013 4572; x_wconf 83' lang='lat'>⁵.</span> 
     </span>
    </p>

    <p class='ocr_par' dir='ltr' id='par_1_18' title="bbox 410 4601 1491 4912">
     <span class='ocr_line' id='line_1_36' title="bbox 614 4601 1482 4699; baseline 0 -21"><span class='ocrx_word' id='word_1_259' title='bbox 614 4615 666 4680; x_wconf 82' lang='grc'>69.</span> <span class='ocrx_word' id='word_1_260' title='bbox 691 4607 816 4696; x_wconf 80' lang='lat' dir='ltr'>Quaest.</span> <span class='ocrx_word' id='word_1_261' title='bbox 834 4613 879 4678; x_wconf 90' lang='grc' dir='ltr'><strong>ΙΙΙ.</strong></span> <span class='ocrx_word' id='word_1_262' title='bbox 904 4612 978 4698; x_wconf 88' lang='grc'><strong>4444</strong></span> <span class='ocrx_word' id='word_1_263' title='bbox 995 4601 1161 4699; x_wconf 88' lang='lat' dir='ltr'>quaeritur</span> <span class='ocrx_word' id='word_1_264' title='bbox 1176 4613 1216 4678; x_wconf 93' lang='lat' dir='ltr'>de</span> <span class='ocrx_word' id='word_1_265' title='bbox 1230 4611 1305 4690; x_wconf 91' lang='lat' dir='ltr'>hoc,</span> <span class='ocrx_word' id='word_1_266' title='bbox 1323 4610 1407 4696; x_wconf 91' lang='lat' dir='ltr'>quod</span> <span class='ocrx_word' id='word_1_267' title='bbox 1422 4611 1482 4678; x_wconf 82' lang='lat' dir='ltr'>bo-</span> 
     </span>
     <span class='ocr_line' id='line_1_37' title="bbox 525 4717 1481 4804; baseline -0.004 -18"><span class='ocrx_word' id='word_1_268' title='bbox 525 4719 630 4786; x_wconf 86' lang='lat' dir='ltr'>minus</span> <span class='ocrx_word' id='word_1_269' title='bbox 654 4717 830 4804; x_wconf 79' lang='lat' dir='ltr'>specialiter</span> <span class='ocrx_word' id='word_1_270' title='bbox 850 4717 926 4786; x_wconf 91' lang='lat' dir='ltr'>dicit</span> <span class='ocrx_word' id='word_1_271' title='bbox 941 4719 1050 4784; x_wconf 89' lang='lat' dir='ltr'>Petro:</span> <span class='ocrx_word' id='word_1_272' title='bbox 1083 4717 1132 4784; x_wconf 90' lang='lat' dir='ltr'>Ta</span> <span class='ocrx_word' id='word_1_273' title='bbox 1155 4737 1206 4782; x_wconf 86' lang='grc'>444</span> <span class='ocrx_word' id='word_1_274' title='bbox 1220 4735 1368 4804; x_wconf 70' lang='lat' dir='ltr'>sequere·</span> <span class='ocrx_word' id='word_1_275' title='bbox 1394 4717 1481 4802; x_wconf 88' lang='lat' dir='ltr'>quia,</span> 
     </span>
     <span class='ocr_line' id='line_1_38' title="bbox 410 4821 1491 4912; baseline 0 -24"><span class='ocrx_word' id='word_1_276' title='bbox 410 4881 412 4888; x_wconf 93' lang='lat'>.</span> <span class='ocrx_word' id='word_1_277' title='bbox 527 4827 551 4894; x_wconf 92' lang='lat' dir='ltr'>si</span> <span class='ocrx_word' id='word_1_278' title='bbox 575 4825 759 4912; x_wconf 80' lang='lat' dir='ltr'>intelligitur</span> <span class='ocrx_word' id='word_1_279' title='bbox 782 4843 840 4910; x_wconf 90' lang='lat' dir='ltr'>per</span> <span class='ocrx_word' id='word_1_280' title='bbox 861 4825 944 4892; x_wconf 85' lang='lat' dir='ltr'>riam</span> <span class='ocrx_word' id='word_1_281' title='bbox 965 4821 1197 4910; x_wconf 76' lang='lat' dir='ltr'>perfectionis,</span> <span class='ocrx_word' id='word_1_282' title='bbox 1219 4825 1311 4890; x_wconf 89' lang='lat' dir='ltr'>multi</span> <span class='ocrx_word' id='word_1_283' title='bbox 1334 4823 1385 4888; x_wconf 91' lang='lat' dir='ltr'>alii</span> <span class='ocrx_word' id='word_1_284' title='bbox 1408 4821 1491 4890; x_wconf 90' lang='lat' dir='ltr'>sunt</span> 
     </span>
    </p>
   </div>
   <div class='ocr_carea' id='block_1_17' title="bbox 595 5251 1481 5410">
    <p class='ocr_par' dir='ltr' id='par_1_19' title="bbox 595 5251 1481 5410">
     <span class='ocr_line' id='line_1_39' title="bbox 596 5251 1272 5320; baseline 0 -14"><span class='ocrx_word' id='word_1_285' title='bbox 596 5251 605 5284; x_wconf 86' lang='lat'><strong>¹</strong></span> <span class='ocrx_word' id='word_1_286' title='bbox 626 5255 737 5320; x_wconf 79' lang='lat' dir='ltr'>Vulgata</span> <span class='ocrx_word' id='word_1_287' title='bbox 757 5253 831 5308; x_wconf 80' lang='lat' dir='ltr'>addit</span> <span class='ocrx_word' id='word_1_288' title='bbox 847 5251 881 5306; x_wconf 87' lang='lat' dir='ltr'>ei.</span> <span class='ocrx_word' id='word_1_289' title='bbox 897 5279 933 5292; x_wconf 90' lang='lat'>-··</span> <span class='ocrx_word' id='word_1_290' title='bbox 953 5253 1077 5320; x_wconf 86' lang='lat' dir='ltr'>Sequitur</span> <span class='ocrx_word' id='word_1_291' title='bbox 1094 5255 1178 5308; x_wconf 88' lang='lat' dir='ltr'>Eccle.</span> <span class='ocrx_word' id='word_1_292' title='bbox 1198 5253 1225 5320; x_wconf 95' lang='grc'>9,</span> <span class='ocrx_word' id='word_1_293' title='bbox 1247 5253 1272 5306; x_wconf 95' lang='grc'>4.</span> 
     </span>
     <span class='ocr_line' id='line_1_40' title="bbox 595 5337 1481 5410; baseline -0.002 -14"><span class='ocrx_word' id='word_1_294' title='bbox 595 5337 606 5370; x_wconf 74' lang='lat'>²</span> <span class='ocrx_word' id='word_1_295' title='bbox 626 5341 701 5396; x_wconf 82' lang='lat' dir='ltr'>Vere.</span> <span class='ocrx_word' id='word_1_296' title='bbox 720 5343 765 5394; x_wconf 93' lang='grc'>22.</span> <span class='ocrx_word' id='word_1_297' title='bbox 781 5357 808 5394; x_wconf 92' lang='lat' dir='ltr'>n.</span> <span class='ocrx_word' id='word_1_298' title='bbox 828 5341 869 5394; x_wconf 93' lang='grc'>46.</span> <span class='ocrx_word' id='word_1_299' title='bbox 889 5367 925 5380; x_wconf 92' lang='grc'>-</span> <span class='ocrx_word' id='word_1_300' title='bbox 944 5343 981 5394; x_wconf 88' lang='lat' dir='ltr'>De</span> <span class='ocrx_word' id='word_1_301' title='bbox 998 5339 1137 5396; x_wconf 82' lang='grc'><strong>4444444444</strong></span> <span class='ocrx_word' id='word_1_302' title='bbox 1157 5343 1203 5394; x_wconf 87' lang='grc'><strong>444.</strong></span> <span class='ocrx_word' id='word_1_303' title='bbox 1225 5355 1306 5408; x_wconf 88' lang='grc'><strong>44444</strong></span> <span class='ocrx_word' id='word_1_304' title='bbox 1333 5355 1395 5410; x_wconf 86' lang='lat' dir='ltr'>pag.</span> <span class='ocrx_word' id='word_1_305' title='bbox 1414 5343 1481 5406; x_wconf 93' lang='grc'><strong>266,</strong></span> 
     </span>
    </p>
   </div>
   <div class='ocr_carea' id='block_1_18' title="bbox 525 5427 1502 5500">
    <p class='ocr_par' dir='ltr' id='par_1_20' title="bbox 525 5427 1502 5500">
     <span class='ocr_line' id='line_1_41' title="bbox 525 5427 1502 5500; baseline 0 -16"><span class='ocrx_word' id='word_1_306' title='bbox 525 5435 585 5484; x_wconf 89' lang='lat' dir='ltr'>nota</span> <span class='ocrx_word' id='word_1_307' title='bbox 603 5431 843 5494; x_wconf 80' lang='lat' dir='ltr'>e.-eu.1egit:</span> <span class='ocrx_word' id='word_1_308' title='bbox 866 5429 938 5494; x_wconf 84' lang='lat' dir='ltr'>Quid</span> <span class='ocrx_word' id='word_1_309' title='bbox 953 5427 991 5482; x_wconf 87' lang='lat' dir='ltr'>od</span> <span class='ocrx_word' id='word_1_310' title='bbox 1009 5431 1051 5484; x_wconf 83' lang='lat' dir='ltr'>te?</span> <span class='ocrx_word' id='word_1_311' title='bbox 1071 5427 1102 5482; x_wconf 89' lang='grc'>444</span> <span class='ocrx_word' id='word_1_312' title='bbox 1121 5431 1158 5484; x_wconf 86' lang='grc'>444</span> <span class='ocrx_word' id='word_1_313' title='bbox 1172 5429 1296 5498; x_wconf 82' lang='lat' dir='ltr'>partinet.</span> <span class='ocrx_word' id='word_1_314' title='bbox 1316 5429 1482 5500; x_wconf 77' lang='lat' dir='ltr'>incr-epatica</span> <span class='ocrx_word' id='word_1_315' title='bbox 1500 5489 1502 5494; x_wconf 50' lang='lat'>.</span> 
     </span>
    </p>
   </div>
   <div class='ocr_carea' id='block_1_19' title="bbox 481 5509 1482 6994">
    <p class='ocr_par' dir='ltr' id='par_1_21' title="bbox 524 5509 1482 5674">
     <span class='ocr_line' id='line_1_42' title="bbox 526 5509 1482 5596; baseline -0.001 -22"><span class='ocrx_word' id='word_1_316' title='bbox 526 5517 648 5596; x_wconf 82' lang='lat' dir='ltr'>loquitar</span> <span class='ocrx_word' id='word_1_317' title='bbox 671 5517 719 5588; x_wconf 88' lang='lat' dir='ltr'>[ita</span> <span class='ocrx_word' id='word_1_318' title='bbox 745 5519 818 5572; x_wconf 88' lang='lat' dir='ltr'>eard.</span> <span class='ocrx_word' id='word_1_319' title='bbox 836 5519 928 5584; x_wconf 80' lang='lat' dir='ltr'>linge,</span> <span class='ocrx_word' id='word_1_320' title='bbox 947 5517 974 5570; x_wconf 91' lang='lat' dir='ltr'>in</span> <span class='ocrx_word' id='word_1_321' title='bbox 1001 5521 1068 5572; x_wconf 90' lang='lat' dir='ltr'>ioan.</span> <span class='ocrx_word' id='word_1_322' title='bbox 1087 5519 1131 5584; x_wconf 85' lang='grc'>24,</span> <span class='ocrx_word' id='word_1_323' title='bbox 1149 5517 1218 5584; x_wconf 85' lang='grc'><strong>22],</strong></span> <span class='ocrx_word' id='word_1_324' title='bbox 1238 5509 1264 5572; x_wconf 87' lang='lat' dir='ltr'>&#39;et</span> <span class='ocrx_word' id='word_1_325' title='bbox 1286 5521 1327 5572; x_wconf 87' lang='grc'>444</span> <span class='ocrx_word' id='word_1_326' title='bbox 1348 5531 1482 5586; x_wconf 86' lang='grc'><strong>44444444-</strong></span> 
     </span>
     <span class='ocr_line' id='line_1_43' title="bbox 524 5607 1370 5674; baseline -0.007 -12"><span class='ocrx_word' id='word_1_327' title='bbox 524 5607 606 5662; x_wconf 83' lang='lat' dir='ltr'>dara:</span> <span class='ocrx_word' id='word_1_328' title='bbox 629 5609 667 5662; x_wconf 83' lang='lat' dir='ltr'>Tu</span> <span class='ocrx_word' id='word_1_329' title='bbox 686 5619 729 5660; x_wconf 86' lang='lat' dir='ltr'>rae</span> <span class='ocrx_word' id='word_1_330' title='bbox 746 5619 870 5674; x_wconf 80' lang='lat' dir='ltr'>sequere,</span> <span class='ocrx_word' id='word_1_331' title='bbox 890 5607 920 5660; x_wconf 88' lang='lat' dir='ltr'>at</span> <span class='ocrx_word' id='word_1_332' title='bbox 938 5619 1032 5674; x_wconf 82' lang='lat' dir='ltr'>supra.</span> <span class='ocrx_word' id='word_1_333' title='bbox 1369 5611 1370 5614; x_wconf 73' lang='grc'>’</span> 
     </span>
    </p>

    <p class='ocr_par' dir='ltr' id='par_1_22' title="bbox 481 5691 1481 6104">
     <span class='ocr_line' id='line_1_44' title="bbox 594 5691 1481 5758; baseline -0.005 -10"><span class='ocrx_word' id='word_1_334' title='bbox 594 5691 606 5724; x_wconf 79' lang='lat'><strong>⁸</strong></span> <span class='ocrx_word' id='word_1_335' title='bbox 628 5697 701 5748; x_wconf 80' lang='lat' dir='ltr'>Vere.</span> <span class='ocrx_word' id='word_1_336' title='bbox 719 5695 762 5748; x_wconf 87' lang='grc'>39.</span> <span class='ocrx_word' id='word_1_337' title='bbox 783 5695 874 5746; x_wconf 89' lang='lat' dir='ltr'>-De</span> <span class='ocrx_word' id='word_1_338' title='bbox 900 5695 1001 5758; x_wconf 85' lang='grc'><strong>44444444</strong></span> <span class='ocrx_word' id='word_1_339' title='bbox 1026 5695 1161 5756; x_wconf 88' lang='lat' dir='ltr'>voluntate</span> <span class='ocrx_word' id='word_1_340' title='bbox 1190 5695 1346 5758; x_wconf 82' lang='lat' dir='ltr'>(seeundum</span> <span class='ocrx_word' id='word_1_341' title='bbox 1372 5695 1441 5758; x_wconf 85' lang='lat' dir='ltr'>Hug.</span> <span class='ocrx_word' id='word_1_342' title='bbox 1466 5707 1481 5744; x_wconf 97' lang='grc'>4</span> 
     </span>
     <span class='ocr_line' id='line_1_45' title="bbox 525 5781 1481 5854; baseline -0.005 -17"><span class='ocrx_word' id='word_1_343' title='bbox 525 5785 552 5838; x_wconf 88' lang='lat' dir='ltr'>S.</span> <span class='ocrx_word' id='word_1_344' title='bbox 574 5785 651 5854; x_wconf 81' lang='lat' dir='ltr'>Vici.)</span> <span class='ocrx_word' id='word_1_345' title='bbox 671 5785 717 5836; x_wconf 86' lang='lat' dir='ltr'>cir.</span> <span class='ocrx_word' id='word_1_346' title='bbox 736 5785 755 5836; x_wconf 93' lang='lat' dir='ltr'>l.</span> <span class='ocrx_word' id='word_1_347' title='bbox 775 5785 847 5834; x_wconf 88' lang='lat' dir='ltr'>Sent.</span> <span class='ocrx_word' id='word_1_348' title='bbox 866 5783 893 5834; x_wconf 91' lang='lat' dir='ltr'>d.</span> <span class='ocrx_word' id='word_1_349' title='bbox 913 5781 956 5834; x_wconf 90' lang='grc'>48.</span> <span class='ocrx_word' id='word_1_350' title='bbox 974 5795 999 5834; x_wconf 91' lang='grc'>4.</span> <span class='ocrx_word' id='word_1_351' title='bbox 1019 5785 1044 5834; x_wconf 89' lang='grc'>2.</span> <span class='ocrx_word' id='word_1_352' title='bbox 1064 5797 1089 5848; x_wconf 90' lang='lat' dir='ltr'>q.</span> <span class='ocrx_word' id='word_1_353' title='bbox 1109 5785 1134 5836; x_wconf 89' lang='grc'>2,</span> <span class='ocrx_word' id='word_1_354' title='bbox 1153 5783 1180 5836; x_wconf 89' lang='lat' dir='ltr'>iu</span> <span class='ocrx_word' id='word_1_355' title='bbox 1205 5795 1277 5848; x_wconf 87' lang='lat' dir='ltr'>corp.</span> <span class='ocrx_word' id='word_1_356' title='bbox 1304 5787 1328 5834; x_wconf 92' lang='lat' dir='ltr'>et</span> <span class='ocrx_word' id='word_1_357' title='bbox 1351 5785 1390 5836; x_wconf 90' lang='lat' dir='ltr'>lii.</span> <span class='ocrx_word' id='word_1_358' title='bbox 1412 5785 1481 5834; x_wconf 79' lang='lat' dir='ltr'>sent.</span> 
     </span>
     <span class='ocr_line' id='line_1_46' title="bbox 524 5869 1481 5938; baseline -0.006 -12"><span class='ocrx_word' id='word_1_359' title='bbox 524 5875 552 5926; x_wconf 90' lang='lat' dir='ltr'>d.</span> <span class='ocrx_word' id='word_1_360' title='bbox 572 5873 615 5926; x_wconf 76' lang='grc'>44.</span> <span class='ocrx_word' id='word_1_361' title='bbox 633 5887 656 5924; x_wconf 90' lang='lat' dir='ltr'>a.</span> <span class='ocrx_word' id='word_1_362' title='bbox 677 5875 699 5926; x_wconf 91' lang='grc'>4.</span> <span class='ocrx_word' id='word_1_363' title='bbox 718 5887 746 5938; x_wconf 92' lang='lat' dir='ltr'>q.</span> <span class='ocrx_word' id='word_1_364' title='bbox 765 5869 791 5924; x_wconf 92' lang='grc'>2.</span> <span class='ocrx_word' id='word_1_365' title='bbox 810 5871 836 5922; x_wconf 89' lang='grc'>44</span> <span class='ocrx_word' id='word_1_366' title='bbox 854 5883 927 5936; x_wconf 90' lang='lat' dir='ltr'>corp.</span> <span class='ocrx_word' id='word_1_367' title='bbox 941 5897 976 5910; x_wconf 89' lang='lat'>·-</span> <span class='ocrx_word' id='word_1_368' title='bbox 989 5869 1076 5926; x_wconf 82' lang='lat' dir='ltr'>Verba</span> <span class='ocrx_word' id='word_1_369' title='bbox 1094 5871 1206 5936; x_wconf 78' lang='lat' dir='ltr'>August.</span> <span class='ocrx_word' id='word_1_370' title='bbox 1219 5869 1349 5924; x_wconf 87' lang='lat' dir='ltr'>hahentur</span> <span class='ocrx_word' id='word_1_371' title='bbox 1368 5871 1393 5920; x_wconf 88' lang='lat' dir='ltr'>in</span> <span class='ocrx_word' id='word_1_372' title='bbox 1412 5871 1481 5922; x_wconf 91' lang='lat' dir='ltr'>loan.</span> 
     </span>
     <span class='ocr_line' id='line_1_47' title="bbox 524 5959 843 6026; baseline -0.013 -12"><span class='ocrx_word' id='word_1_373' title='bbox 524 5963 625 6026; x_wconf 80' lang='lat' dir='ltr'>Ereug.</span> <span class='ocrx_word' id='word_1_374' title='bbox 643 5965 675 6014; x_wconf 94' lang='lat' dir='ltr'>tr.</span> <span class='ocrx_word' id='word_1_375' title='bbox 695 5959 756 6012; x_wconf 86' lang='grc'><strong>423.</strong></span> <span class='ocrx_word' id='word_1_376' title='bbox 773 5973 801 6010; x_wconf 89' lang='grc'>4.</span> <span class='ocrx_word' id='word_1_377' title='bbox 820 5959 843 6010; x_wconf 78' lang='lat' dir='ltr'>b</span> 
     </span>
     <span class='ocr_line' id='line_1_48' title="bbox 481 6047 824 6104; baseline -0.012 0"><span class='ocrx_word' id='word_1_378' title='bbox 481 6099 483 6104; x_wconf 92' lang='lat'>.</span> <span class='ocrx_word' id='word_1_379' title='bbox 595 6047 702 6102; x_wconf 67' lang='lat' dir='ltr'>*Vens</span> <span class='ocrx_word' id='word_1_380' title='bbox 722 6049 766 6100; x_wconf 90' lang='grc'>44.</span> <span class='ocrx_word' id='word_1_381' title='bbox 822 6073 824 6078; x_wconf 86' lang='grc'><em>·</em></span> 
     </span>
    </p>

    <p class='ocr_par' dir='ltr' id='par_1_23' title="bbox 522 6131 1482 6452">
     <span class='ocr_line' id='line_1_49' title="bbox 595 6131 1481 6200; baseline -0.006 -12"><span class='ocrx_word' id='word_1_382' title='bbox 595 6133 678 6190; x_wconf 85' lang='lat' dir='ltr'>⁵Cir.</span> <span class='ocrx_word' id='word_1_383' title='bbox 698 6147 777 6198; x_wconf 88' lang='lat' dir='ltr'>supra</span> <span class='ocrx_word' id='word_1_384' title='bbox 803 6147 826 6186; x_wconf 94' lang='lat' dir='ltr'>c.</span> <span class='ocrx_word' id='word_1_385' title='bbox 845 6133 870 6186; x_wconf 82' lang='lat'>5.</span> <span class='ocrx_word' id='word_1_386' title='bbox 893 6149 920 6186; x_wconf 92' lang='lat' dir='ltr'>n.</span> <span class='ocrx_word' id='word_1_387' title='bbox 940 6133 982 6184; x_wconf 83' lang='lat' dir='ltr'>sb.</span> <span class='ocrx_word' id='word_1_388' title='bbox 1001 6131 1143 6200; x_wconf 73' lang='lat' dir='ltr'>chrysost,</span> <span class='ocrx_word' id='word_1_389' title='bbox 1172 6133 1197 6186; x_wconf 93' lang='lat' dir='ltr'>in</span> <span class='ocrx_word' id='word_1_390' title='bbox 1224 6137 1295 6188; x_wconf 88' lang='lat' dir='ltr'>ioan.</span> <span class='ocrx_word' id='word_1_391' title='bbox 1322 6133 1412 6186; x_wconf 90' lang='lat' dir='ltr'>bomil.</span> <span class='ocrx_word' id='word_1_392' title='bbox 1438 6133 1481 6184; x_wconf 86' lang='lat'>88.</span> 
     </span>
     <span class='ocr_line' id='line_1_50' title="bbox 525 6221 1481 6292; baseline -0.004 -14"><span class='ocrx_word' id='word_1_393' title='bbox 525 6223 600 6292; x_wconf 79' lang='lat' dir='ltr'>talias</span> <span class='ocrx_word' id='word_1_394' title='bbox 620 6223 673 6292; x_wconf 81' lang='lat' dir='ltr'>at.)</span> <span class='ocrx_word' id='word_1_395' title='bbox 694 6239 717 6276; x_wconf 91' lang='lat' dir='ltr'>n.</span> <span class='ocrx_word' id='word_1_396' title='bbox 739 6225 762 6276; x_wconf 90' lang='grc'>4.</span> <span class='ocrx_word' id='word_1_397' title='bbox 782 6223 810 6276; x_wconf 86' lang='grc'>44</span> <span class='ocrx_word' id='word_1_398' title='bbox 827 6223 896 6276; x_wconf 88' lang='lat' dir='ltr'>tine:</span> <span class='ocrx_word' id='word_1_399' title='bbox 915 6223 973 6276; x_wconf 89' lang='lat' dir='ltr'>Nom</span> <span class='ocrx_word' id='word_1_400' title='bbox 992 6221 1071 6278; x_wconf 84' lang='lat' dir='ltr'>dixit:</span> <span class='ocrx_word' id='word_1_401' title='bbox 1090 6223 1236 6276; x_wconf 88' lang='lat' dir='ltr'>moriturus·</span> <span class='ocrx_word' id='word_1_402' title='bbox 1257 6229 1338 6292; x_wconf 87' lang='lat' dir='ltr'>esset,</span> <span class='ocrx_word' id='word_1_403' title='bbox 1358 6223 1405 6276; x_wconf 91' lang='lat' dir='ltr'>sed</span> <span class='ocrx_word' id='word_1_404' title='bbox 1425 6221 1481 6276; x_wconf 91' lang='lat' dir='ltr'>cla·</span> 
     </span>
     <span class='ocr_line' id='line_1_51' title="bbox 522 6311 1482 6384; baseline -0.002 -18"><span class='ocrx_word' id='word_1_405' title='bbox 522 6313 685 6384; x_wconf 72' lang='lat' dir='ltr'>ripicaturaa</span> <span class='ocrx_word' id='word_1_406' title='bbox 706 6313 774 6366; x_wconf 82' lang='lat' dir='ltr'>esset</span> <span class='ocrx_word' id='word_1_407' title='bbox 792 6311 891 6376; x_wconf 79' lang='lat' dir='ltr'>bearn,</span> <span class='ocrx_word' id='word_1_408' title='bbox 911 6315 941 6364; x_wconf 92' lang='lat' dir='ltr'>ut</span> <span class='ocrx_word' id='word_1_409' title='bbox 965 6311 1065 6376; x_wconf 81' lang='lat' dir='ltr'>dietae,</span> <span class='ocrx_word' id='word_1_410' title='bbox 1083 6311 1137 6376; x_wconf 90' lang='lat' dir='ltr'>pati</span> <span class='ocrx_word' id='word_1_411' title='bbox 1165 6325 1213 6376; x_wconf 89' lang='lat' dir='ltr'>pro</span> <span class='ocrx_word' id='word_1_412' title='bbox 1242 6311 1342 6366; x_wconf 85' lang='lat' dir='ltr'>Christo</span> <span class='ocrx_word' id='word_1_413' title='bbox 1371 6311 1482 6376; x_wconf 86' lang='lat' dir='ltr'>gloriam</span> 
     </span>
     <span class='ocr_line' id='line_1_52' title="bbox 524 6401 783 6452; baseline -0.008 0"><span class='ocrx_word' id='word_1_414' title='bbox 524 6413 583 6452; x_wconf 88' lang='lat' dir='ltr'>esse</span> <span class='ocrx_word' id='word_1_415' title='bbox 602 6405 627 6452; x_wconf 89' lang='lat' dir='ltr'>et</span> <span class='ocrx_word' id='word_1_416' title='bbox 645 6401 783 6452; x_wconf 86' lang='lat' dir='ltr'>honorem.</span> 
     </span>
    </p>

    <p class='ocr_par' dir='ltr' id='par_1_24' title="bbox 524 6475 1481 6628">
     <span class='ocr_line' id='line_1_53' title="bbox 595 6475 1481 6556; baseline -0.001 -18"><span class='ocrx_word' id='word_1_417' title='bbox 595 6483 696 6540; x_wconf 69' lang='lat' dir='ltr'>“Haec</span> <span class='ocrx_word' id='word_1_418' title='bbox 722 6487 840 6554; x_wconf 88' lang='lat' dir='ltr'>quaestio</span> <span class='ocrx_word' id='word_1_419' title='bbox 869 6487 1014 6540; x_wconf 88' lang='lat' dir='ltr'>insinuator</span> <span class='ocrx_word' id='word_1_420' title='bbox 1042 6487 1074 6538; x_wconf 91' lang='lat' dir='ltr'>ab</span> <span class='ocrx_word' id='word_1_421' title='bbox 1100 6475 1220 6556; x_wconf 80' lang='lat' dir='ltr'>August,</span> <span class='ocrx_word' id='word_1_422' title='bbox 1242 6487 1268 6540; x_wconf 90' lang='lat' dir='ltr'>in</span> <span class='ocrx_word' id='word_1_423' title='bbox 1293 6489 1362 6542; x_wconf 87' lang='lat' dir='ltr'>ioan.</span> <span class='ocrx_word' id='word_1_424' title='bbox 1380 6487 1481 6550; x_wconf 79' lang='lat' dir='ltr'>evang.</span> 
     </span>
     <span class='ocr_line' id='line_1_54' title="bbox 524 6573 727 6628; baseline 0 0"><span class='ocrx_word' id='word_1_425' title='bbox 524 6581 558 6628; x_wconf 91' lang='lat' dir='ltr'>tr.</span> <span class='ocrx_word' id='word_1_426' title='bbox 577 6573 637 6628; x_wconf 89' lang='grc'><strong>424.</strong></span> <span class='ocrx_word' id='word_1_427' title='bbox 656 6589 682 6628; x_wconf 90' lang='lat' dir='ltr'>n.</span> <span class='ocrx_word' id='word_1_428' title='bbox 702 6575 727 6628; x_wconf 88' lang='grc'>4.</span> 
     </span>
    </p>

    <p class='ocr_par' dir='ltr' id='par_1_25' title="bbox 595 6657 1448 6730">
     <span class='ocr_line' id='line_1_55' title="bbox 595 6657 1448 6730; baseline -0.001 -14"><span class='ocrx_word' id='word_1_429' title='bbox 595 6657 606 6690; x_wconf 79' lang='lat'>⁷</span> <span class='ocrx_word' id='word_1_430' title='bbox 626 6661 677 6716; x_wconf 86' lang='lat' dir='ltr'>Cir.</span> <span class='ocrx_word' id='word_1_431' title='bbox 695 6675 774 6728; x_wconf 86' lang='lat' dir='ltr'>supra</span> <span class='ocrx_word' id='word_1_432' title='bbox 795 6675 856 6728; x_wconf 81' lang='lat' dir='ltr'>pag.</span> <span class='ocrx_word' id='word_1_433' title='bbox 876 6663 943 6728; x_wconf 84' lang='grc'><strong>344,</strong></span> <span class='ocrx_word' id='word_1_434' title='bbox 960 6669 1021 6718; x_wconf 88' lang='grc'><strong>4444</strong></span> <span class='ocrx_word' id='word_1_435' title='bbox 1043 6665 1084 6716; x_wconf 86' lang='grc'>46.</span> <span class='ocrx_word' id='word_1_436' title='bbox 1445 6725 1448 6730; x_wconf 26' lang='lat'><strong>¹</strong></span> 
     </span>
    </p>

    <p class='ocr_par' dir='ltr' id='par_1_26' title="bbox 525 6745 1482 6994">
     <span class='ocr_line' id='line_1_56' title="bbox 596 6745 1482 6822; baseline 0.002 -20"><span class='ocrx_word' id='word_1_437' title='bbox 596 6745 608 6778; x_wconf 77' lang='lat'>⁸</span> <span class='ocrx_word' id='word_1_438' title='bbox 626 6749 767 6816; x_wconf 79' lang='lat' dir='ltr'>chrysost,</span> <span class='ocrx_word' id='word_1_439' title='bbox 787 6751 813 6802; x_wconf 90' lang='lat' dir='ltr'>in</span> <span class='ocrx_word' id='word_1_440' title='bbox 837 6751 906 6804; x_wconf 90' lang='lat' dir='ltr'>loan.</span> <span class='ocrx_word' id='word_1_441' title='bbox 929 6753 1017 6804; x_wconf 90' lang='lat' dir='ltr'>homil.</span> <span class='ocrx_word' id='word_1_442' title='bbox 1038 6755 1081 6804; x_wconf 89' lang='lat'>88.</span> <span class='ocrx_word' id='word_1_443' title='bbox 1105 6751 1177 6820; x_wconf 88' lang='lat' dir='ltr'>(alias</span> <span class='ocrx_word' id='word_1_444' title='bbox 1199 6751 1253 6822; x_wconf 80' lang='lat' dir='ltr'>st.)</span> <span class='ocrx_word' id='word_1_445' title='bbox 1273 6767 1299 6806; x_wconf 91' lang='lat' dir='ltr'>n.</span> <span class='ocrx_word' id='word_1_446' title='bbox 1318 6753 1344 6806; x_wconf 93' lang='grc'><strong>4.</strong></span> <span class='ocrx_word' id='word_1_447' title='bbox 1362 6753 1388 6804; x_wconf 91' lang='grc'>44</span> <span class='ocrx_word' id='word_1_448' title='bbox 1413 6751 1482 6804; x_wconf 86' lang='lat' dir='ltr'>fine:</span> 
     </span>
     <span class='ocr_line' id='line_1_57' title="bbox 525 6835 1482 6906; baseline 0.002 -16"><span class='ocrx_word' id='word_1_449' title='bbox 525 6835 642 6902; x_wconf 85' lang='lat' dir='ltr'>Sequere</span> <span class='ocrx_word' id='word_1_450' title='bbox 663 6851 713 6892; x_wconf 86' lang='lat' dir='ltr'>ate.</span> <span class='ocrx_word' id='word_1_451' title='bbox 733 6841 780 6892; x_wconf 85' lang='lat' dir='ltr'>llic</span> <span class='ocrx_word' id='word_1_452' title='bbox 804 6841 918 6894; x_wconf 86' lang='lat' dir='ltr'>ostendit</span> <span class='ocrx_word' id='word_1_453' title='bbox 943 6855 1034 6894; x_wconf 89' lang='lat' dir='ltr'>curam</span> <span class='ocrx_word' id='word_1_454' title='bbox 1062 6847 1087 6894; x_wconf 89' lang='lat' dir='ltr'>et</span> <span class='ocrx_word' id='word_1_455' title='bbox 1115 6843 1236 6894; x_wconf 82' lang='lat' dir='ltr'>affectum</span> <span class='ocrx_word' id='word_1_456' title='bbox 1263 6855 1389 6906; x_wconf 84' lang='lat' dir='ltr'>magnum</span> <span class='ocrx_word' id='word_1_457' title='bbox 1418 6853 1482 6904; x_wconf 80' lang='lat' dir='ltr'>erga</span> 
     </span>
     <span class='ocr_line' id='line_1_58' title="bbox 525 6921 1482 6994; baseline 0.009 -23"><span class='ocrx_word' id='word_1_458' title='bbox 525 6921 622 6988; x_wconf 86' lang='lat' dir='ltr'>ipsum.</span> <span class='ocrx_word' id='word_1_459' title='bbox 641 6925 717 6992; x_wconf 82' lang='lat' dir='ltr'>Qttod</span> <span class='ocrx_word' id='word_1_460' title='bbox 736 6925 757 6978; x_wconf 91' lang='lat' dir='ltr'>si</span> <span class='ocrx_word' id='word_1_461' title='bbox 776 6927 835 6994; x_wconf 89' lang='lat' dir='ltr'>quis</span> <span class='ocrx_word' id='word_1_462' title='bbox 854 6929 962 6982; x_wconf 82' lang='lat' dir='ltr'>dixerit:</span> <span class='ocrx_word' id='word_1_463' title='bbox 982 6929 1117 6994; x_wconf 82' lang='lat' dir='ltr'>Cur-ergo</span> <span class='ocrx_word' id='word_1_464' title='bbox 1136 6929 1245 6984; x_wconf 83' lang='lat' dir='ltr'>lacobus</span> <span class='ocrx_word' id='word_1_465' title='bbox 1262 6931 1482 6994; x_wconf 86' lang='lat' dir='ltr'>ierosolymorum</span> 
     </span>
    </p>
   </div>
   <div class='ocr_carea' id='block_1_20' title="bbox 1221 619 1820 694">
    <p class='ocr_par' dir='ltr' id='par_1_27' title="bbox 1221 619 1820 694">
     <span class='ocr_line' id='line_1_59' title="bbox 1221 619 1820 694; baseline 0 -6"><span class='ocrx_word' id='word_1_466' title='bbox 1221 619 1413 690; x_wconf 77' lang='lat' dir='ltr'>contulerit.</span> <span class='ocrx_word' id='word_1_467' title='bbox 1438 619 1475 690; x_wconf 88' lang='grc' dir='ltr'>ΙΝ</span> <span class='ocrx_word' id='word_1_468' title='bbox 1499 619 1664 690; x_wconf 77' lang='lat' dir='ltr'>lethaea</span> <span class='ocrx_word' id='word_1_469' title='bbox 1681 621 1719 694; x_wconf 83' lang='lat' dir='ltr'>C.</span> <span class='ocrx_word' id='word_1_470' title='bbox 1744 621 1820 690; x_wconf 86' lang='lat' dir='ltr'>XXI.</span> 
     </span>
    </p>
   </div>
   <div class='ocr_carea' id='block_1_21' title="bbox 1547 797 2709 2366">
    <p class='ocr_par' dir='ltr' id='par_1_28' title="bbox 1547 797 2505 984">
     <span class='ocr_line' id='line_1_60' title="bbox 1548 797 2505 886; baseline 0 -20"><span class='ocrx_word' id='word_1_471' title='bbox 1548 799 1665 880; x_wconf 90' lang='lat' dir='ltr'>secuti;</span> <span class='ocrx_word' id='word_1_472' title='bbox 1691 799 1715 868; x_wconf 92' lang='lat' dir='ltr'>si</span> <span class='ocrx_word' id='word_1_473' title='bbox 1739 815 1797 886; x_wconf 90' lang='lat' dir='ltr'>per</span> <span class='ocrx_word' id='word_1_474' title='bbox 1821 799 1902 866; x_wconf 86' lang='grc' dir='ltr'>Ι4444</span> <span class='ocrx_word' id='word_1_475' title='bbox 1925 799 2113 886; x_wconf 82' lang='lat' dir='ltr'>passionis,</span> <span class='ocrx_word' id='word_1_476' title='bbox 2138 797 2298 878; x_wconf 90' lang='lat' dir='ltr'>similiter;</span> <span class='ocrx_word' id='word_1_477' title='bbox 2323 797 2347 866; x_wconf 91' lang='lat' dir='ltr'>si</span> <span class='ocrx_word' id='word_1_478' title='bbox 2372 817 2430 884; x_wconf 88' lang='lat' dir='ltr'>per</span> <span class='ocrx_word' id='word_1_479' title='bbox 2450 819 2505 886; x_wconf 84' lang='lat' dir='ltr'>pc-</span> 
     </span>
     <span class='ocr_line' id='line_1_61' title="bbox 1547 903 2307 984; baseline 0 -14"><span class='ocrx_word' id='word_1_480' title='bbox 1547 923 1613 970; x_wconf 84' lang='lat' dir='ltr'>aas</span> <span class='ocrx_word' id='word_1_481' title='bbox 1636 903 1772 984; x_wconf 84' lang='lat' dir='ltr'>mortis,</span> <span class='ocrx_word' id='word_1_482' title='bbox 1796 911 1924 972; x_wconf 90' lang='lat' dir='ltr'>secutus</span> <span class='ocrx_word' id='word_1_483' title='bbox 1948 911 1995 972; x_wconf 92' lang='lat' dir='ltr'>est</span> <span class='ocrx_word' id='word_1_484' title='bbox 2017 905 2110 970; x_wconf 90' lang='lat' dir='ltr'>etiam</span> <span class='ocrx_word' id='word_1_485' title='bbox 2135 903 2307 970; x_wconf 71' lang='grc'><strong>44444446.</strong></span> 
     </span>
    </p>

    <p class='ocr_par' dir='ltr' id='par_1_29' title="bbox 1547 1009 2709 1722">
     <span class='ocr_line' id='line_1_62' title="bbox 1639 1009 2637 1102; baseline 0.004 -28"><span class='ocrx_word' id='word_1_486' title='bbox 1639 1009 1674 1082; x_wconf 82' lang='grc'>44</span> <span class='ocrx_word' id='word_1_487' title='bbox 1691 1009 1898 1096; x_wconf 90' lang='lat' dir='ltr'>respondetur</span> <span class='ocrx_word' id='word_1_488' title='bbox 1913 1009 1965 1076; x_wconf 90' lang='lat' dir='ltr'>hic</span> <span class='ocrx_word' id='word_1_489' title='bbox 1989 1009 2160 1078; x_wconf 90' lang='lat' dir='ltr'>secundum</span> <span class='ocrx_word' id='word_1_490' title='bbox 2181 1009 2319 1102; x_wconf 87' lang='lat' dir='ltr'>aliquos,</span> <span class='ocrx_word' id='word_1_491' title='bbox 2343 1009 2429 1096; x_wconf 91' lang='lat' dir='ltr'>quod</span> <span class='ocrx_word' id='word_1_492' title='bbox 2444 1013 2506 1076; x_wconf 72' lang='lat' dir='ltr'>ta⁷</span> <span class='ocrx_word' id='word_1_493' title='bbox 2524 1021 2589 1078; x_wconf 71' lang='lat' dir='ltr'>terr·</span> <span class='ocrx_word' id='word_1_494' title='bbox 2606 1021 2637 1066; x_wconf 57' lang='lat'>¹⁵·</span> 
     </span>
     <span class='ocr_line' id='line_1_63' title="bbox 1547 1113 2506 1202; baseline 0.002 -22"><span class='ocrx_word' id='word_1_495' title='bbox 1547 1133 1609 1182; x_wconf 93' lang='lat' dir='ltr'>non</span> <span class='ocrx_word' id='word_1_496' title='bbox 1634 1113 1708 1182; x_wconf 91' lang='lat' dir='ltr'>dicit</span> <span class='ocrx_word' id='word_1_497' title='bbox 1730 1115 1772 1180; x_wconf 93' lang='lat' dir='ltr'>ibi</span> <span class='ocrx_word' id='word_1_498' title='bbox 1796 1115 2014 1182; x_wconf 86' lang='lat' dir='ltr'>discretionem</span> <span class='ocrx_word' id='word_1_499' title='bbox 2038 1115 2235 1202; x_wconf 89' lang='lat' dir='ltr'>simpliciter,</span> <span class='ocrx_word' id='word_1_500' title='bbox 2260 1115 2315 1182; x_wconf 92' lang='lat' dir='ltr'>sed</span> <span class='ocrx_word' id='word_1_501' title='bbox 2329 1117 2432 1182; x_wconf 86' lang='grc'><strong>44444</strong></span> <span class='ocrx_word' id='word_1_502' title='bbox 2454 1131 2506 1184; x_wconf 80' lang='lat' dir='ltr'>re</span> 
     </span>
     <span class='ocr_line' id='line_1_64' title="bbox 1548 1219 2627 1308; baseline 0 -20"><span class='ocrx_word' id='word_1_503' title='bbox 1548 1225 1657 1308; x_wconf 92' lang='lat' dir='ltr'>spectu</span> <span class='ocrx_word' id='word_1_504' title='bbox 1673 1219 1809 1300; x_wconf 91' lang='lat' dir='ltr'>loannis,</span> <span class='ocrx_word' id='word_1_505' title='bbox 1832 1219 1872 1288; x_wconf 90' lang='lat' dir='ltr'>de</span> <span class='ocrx_word' id='word_1_506' title='bbox 1887 1226 2033 1306; x_wconf 86' lang='lat' dir='ltr'>quaerat</span> <span class='ocrx_word' id='word_1_507' title='bbox 2057 1237 2171 1288; x_wconf 87' lang='lat' dir='ltr'>sermo.</span> <span class='ocrx_word' id='word_1_508' title='bbox 2189 1255 2231 1270; x_wconf 83' lang='lat'>-</span> <span class='ocrx_word' id='word_1_509' title='bbox 2248 1221 2304 1288; x_wconf 92' lang='lat' dir='ltr'>Vel</span> <span class='ocrx_word' id='word_1_510' title='bbox 2322 1221 2505 1300; x_wconf 89' lang='lat' dir='ltr'>dicendum,</span> <span class='ocrx_word' id='word_1_511' title='bbox 2523 1231 2590 1288; x_wconf 76' lang='lat' dir='ltr'>nup.</span> <span class='ocrx_word' id='word_1_512' title='bbox 2606 1231 2627 1274; x_wconf 72' lang='lat' dir='ltr'>t·</span> 
     </span>
     <span class='ocr_line' id='line_1_65' title="bbox 1547 1321 2709 1412; baseline 0.003 -20"><span class='ocrx_word' id='word_1_513' title='bbox 1547 1327 1633 1412; x_wconf 88' lang='lat' dir='ltr'>quod</span> <span class='ocrx_word' id='word_1_514' title='bbox 1656 1331 1692 1390; x_wconf 88' lang='lat' dir='ltr'>ta</span> <span class='ocrx_word' id='word_1_515' title='bbox 1714 1325 1789 1392; x_wconf 89' lang='lat' dir='ltr'>dicit</span> <span class='ocrx_word' id='word_1_516' title='bbox 1812 1321 1853 1390; x_wconf 91' lang='lat' dir='ltr'>ibi</span> <span class='ocrx_word' id='word_1_517' title='bbox 1880 1325 1978 1410; x_wconf 84' lang='lat' dir='ltr'>magis</span> <span class='ocrx_word' id='word_1_518' title='bbox 2009 1325 2247 1412; x_wconf 87' lang='lat' dir='ltr'>significantiam</span> <span class='ocrx_word' id='word_1_519' title='bbox 2269 1341 2367 1412; x_wconf 88' lang='lat' dir='ltr'>quam</span> <span class='ocrx_word' id='word_1_520' title='bbox 2387 1325 2505 1394; x_wconf 88' lang='lat' dir='ltr'>disere·</span> <span class='ocrx_word' id='word_1_521' title='bbox 2706 1337 2709 1342; x_wconf 81' lang='grc'>’</span> 
     </span>
     <span class='ocr_line' id='line_1_66' title="bbox 1548 1429 2610 1518; baseline 0.001 -20"><span class='ocrx_word' id='word_1_522' title='bbox 1548 1431 1683 1510; x_wconf 88' lang='lat' dir='ltr'>tionem;</span> <span class='ocrx_word' id='word_1_523' title='bbox 1706 1429 1780 1516; x_wconf 90' lang='lat' dir='ltr'>quia</span> <span class='ocrx_word' id='word_1_524' title='bbox 1812 1429 1901 1498; x_wconf 85' lang='lat' dir='ltr'>enim¹</span> <span class='ocrx_word' id='word_1_525' title='bbox 1926 1431 2036 1498; x_wconf 90' lang='lat' dir='ltr'>Petrus</span> <span class='ocrx_word' id='word_1_526' title='bbox 2060 1437 2128 1498; x_wconf 88' lang='lat' dir='ltr'>erat</span> <span class='ocrx_word' id='word_1_527' title='bbox 2149 1436 2262 1500; x_wconf 84' lang='lat' dir='ltr'>vertex</span> <span class='ocrx_word' id='word_1_528' title='bbox 2291 1431 2443 1500; x_wconf 86' lang='lat' dir='ltr'>Ecclesiae</span> <span class='ocrx_word' id='word_1_529' title='bbox 2475 1439 2505 1500; x_wconf 91' lang='lat' dir='ltr'>et</span> <span class='ocrx_word' id='word_1_530' title='bbox 2609 1515 2610 1518; x_wconf 8' lang='grc' dir='ltr'><strong>Ἴ</strong></span> 
     </span>
     <span class='ocr_line' id='line_1_67' title="bbox 1548 1537 2504 1624; baseline 0.002 -20"><span class='ocrx_word' id='word_1_531' title='bbox 1548 1537 1738 1624; x_wconf 87' lang='grc'><strong>4444444444</strong></span> <span class='ocrx_word' id='word_1_532' title='bbox 1771 1537 1952 1620; x_wconf 89' lang='lat' dir='ltr'>praelatus;</span> <span class='ocrx_word' id='word_1_533' title='bbox 1988 1537 2070 1606; x_wconf 90' lang='lat' dir='ltr'>siout</span> <span class='ocrx_word' id='word_1_534' title='bbox 2100 1537 2280 1624; x_wconf 90' lang='lat' dir='ltr'>excellebat</span> <span class='ocrx_word' id='word_1_535' title='bbox 2314 1537 2346 1604; x_wconf 91' lang='grc'>44</span> <span class='ocrx_word' id='word_1_536' title='bbox 2383 1539 2504 1622; x_wconf 88' lang='lat' dir='ltr'>praela-</span> 
     </span>
     <span class='ocr_line' id='line_1_68' title="bbox 1548 1641 2443 1722; baseline 0.002 -10"><span class='ocrx_word' id='word_1_537' title='bbox 1548 1645 1648 1722; x_wconf 92' lang='lat' dir='ltr'>tione,</span> <span class='ocrx_word' id='word_1_538' title='bbox 1674 1643 1717 1708; x_wconf 89' lang='lat' dir='ltr'>sic</span> <span class='ocrx_word' id='word_1_539' title='bbox 1742 1645 1834 1710; x_wconf 87' lang='lat' dir='ltr'>etiam</span> <span class='ocrx_word' id='word_1_540' title='bbox 1858 1641 1992 1710; x_wconf 91' lang='lat' dir='ltr'>debebat</span> <span class='ocrx_word' id='word_1_541' title='bbox 2012 1643 2169 1712; x_wconf 89' lang='lat' dir='ltr'>excellere</span> <span class='ocrx_word' id='word_1_542' title='bbox 2190 1645 2223 1710; x_wconf 95' lang='lat' dir='ltr'>in</span> <span class='ocrx_word' id='word_1_543' title='bbox 2239 1645 2409 1714; x_wconf 85' lang='lat' dir='ltr'>imitatione</span> <span class='ocrx_word' id='word_1_544' title='bbox 2422 1647 2443 1714; x_wconf 80' lang='lat'>⁸.</span> 
     </span>
    </p>

    <p class='ocr_par' dir='ltr' id='par_1_30' title="bbox 1547 1749 2505 1944">
     <span class='ocr_line' id='line_1_69' title="bbox 1637 1749 2505 1840; baseline 0.009 -26"><span class='ocrx_word' id='word_1_545' title='bbox 1637 1751 1689 1816; x_wconf 83' lang='lat' dir='ltr'>bl.</span> <span class='ocrx_word' id='word_1_546' title='bbox 1713 1751 1838 1834; x_wconf 84' lang='lat' dir='ltr'>Quaest.</span> <span class='ocrx_word' id='word_1_547' title='bbox 1864 1749 1911 1814; x_wconf 91' lang='lat' dir='ltr'>IV.</span> <span class='ocrx_word' id='word_1_548' title='bbox 1937 1749 2011 1816; x_wconf 91' lang='lat' dir='ltr'>item</span> <span class='ocrx_word' id='word_1_549' title='bbox 2035 1749 2198 1834; x_wconf 89' lang='lat' dir='ltr'>quaeritur</span> <span class='ocrx_word' id='word_1_550' title='bbox 2222 1753 2260 1818; x_wconf 91' lang='lat' dir='ltr'>de</span> <span class='ocrx_word' id='word_1_551' title='bbox 2276 1753 2336 1822; x_wconf 92' lang='lat' dir='ltr'>hoc</span> <span class='ocrx_word' id='word_1_552' title='bbox 2360 1753 2443 1840; x_wconf 90' lang='lat' dir='ltr'>quod</span> <span class='ocrx_word' id='word_1_553' title='bbox 2458 1753 2505 1822; x_wconf 88' lang='lat' dir='ltr'>di·</span> 
     </span>
     <span class='ocr_line' id='line_1_70' title="bbox 1547 1855 2333 1944; baseline 0.003 -19"><span class='ocrx_word' id='word_1_554' title='bbox 1547 1857 1606 1926; x_wconf 86' lang='lat' dir='ltr'>cit:</span> <span class='ocrx_word' id='word_1_555' title='bbox 1631 1855 1823 1942; x_wconf 80' lang='lat' dir='ltr'>Discipulos</span> <span class='ocrx_word' id='word_1_556' title='bbox 1845 1855 1913 1936; x_wconf 86' lang='lat' dir='ltr'>iile,</span> <span class='ocrx_word' id='word_1_557' title='bbox 1937 1873 2032 1944; x_wconf 84' lang='lat' dir='ltr'>qaam</span> <span class='ocrx_word' id='word_1_558' title='bbox 2055 1855 2209 1942; x_wconf 70' lang='lat' dir='ltr'>illicebat</span> <span class='ocrx_word' id='word_1_559' title='bbox 2233 1859 2333 1926; x_wconf 84' lang='grc'><strong>44444.</strong></span> 
     </span>
    </p>

    <p class='ocr_par' dir='ltr' id='par_1_31' title="bbox 1548 1963 2505 2262">
     <span class='ocr_line' id='line_1_71' title="bbox 1638 1963 2502 2046; baseline 0.007 -18"><span class='ocrx_word' id='word_1_560' title='bbox 1638 1967 1665 2030; x_wconf 87' lang='lat' dir='ltr'>l.</span> <span class='ocrx_word' id='word_1_561' title='bbox 1697 1963 1860 2046; x_wconf 86' lang='lat' dir='ltr'>Quomodo</span> <span class='ocrx_word' id='word_1_562' title='bbox 1881 1963 1941 2028; x_wconf 88' lang='lat' dir='ltr'>luit</span> <span class='ocrx_word' id='word_1_563' title='bbox 1955 1963 2015 2028; x_wconf 94' lang='lat' dir='ltr'>hoc</span> <span class='ocrx_word' id='word_1_564' title='bbox 2039 1979 2135 2028; x_wconf 89' lang='lat' dir='ltr'>ausus</span> <span class='ocrx_word' id='word_1_565' title='bbox 2150 1963 2269 2044; x_wconf 87' lang='lat' dir='ltr'>dicere,</span> <span class='ocrx_word' id='word_1_566' title='bbox 2291 1981 2364 2032; x_wconf 88' lang='lat' dir='ltr'>cum</span> <span class='ocrx_word' id='word_1_567' title='bbox 2378 1965 2502 2036; x_wconf 85' lang='grc'><strong>44444444</strong></span> 
     </span>
     <span class='ocr_line' id='line_1_72' title="bbox 1548 2065 2505 2152; baseline 0.002 -16"><span class='ocrx_word' id='word_1_568' title='bbox 1548 2069 1749 2138; x_wconf 88' lang='lat' dir='ltr'>Ecclesiastae</span> <span class='ocrx_word' id='word_1_569' title='bbox 1771 2087 1855 2136; x_wconf 90' lang='lat' dir='ltr'>nono</span> <span class='ocrx_word' id='word_1_570' title='bbox 1868 2067 1894 2134; x_wconf 80' lang='lat'>⁹:</span> <span class='ocrx_word' id='word_1_571' title='bbox 1928 2065 2028 2134; x_wconf 88' lang='lat' dir='ltr'>Neruo</span> <span class='ocrx_word' id='word_1_572' title='bbox 2055 2067 2131 2146; x_wconf 83' lang='lat' dir='ltr'>acii,</span> <span class='ocrx_word' id='word_1_573' title='bbox 2148 2075 2265 2134; x_wconf 85' lang='lat' dir='ltr'>atrata</span> <span class='ocrx_word' id='word_1_574' title='bbox 2297 2089 2427 2152; x_wconf 83' lang='lat' dir='ltr'>amore,</span> <span class='ocrx_word' id='word_1_575' title='bbox 2458 2089 2505 2140; x_wconf 89' lang='lat' dir='ltr'>aa</span> 
     </span>
     <span class='ocr_line' id='line_1_73' title="bbox 1548 2173 1863 2262; baseline -0.006 -20"><span class='ocrx_word' id='word_1_576' title='bbox 1548 2175 1622 2242; x_wconf 86' lang='lat' dir='ltr'>odio</span> <span class='ocrx_word' id='word_1_577' title='bbox 1644 2175 1768 2262; x_wconf 80' lang='lat' dir='ltr'>dignas</span> <span class='ocrx_word' id='word_1_578' title='bbox 1791 2173 1863 2242; x_wconf 81' lang='grc'><strong>4444</strong></span> 
     </span>
    </p>

    <p class='ocr_par' dir='ltr' id='par_1_32' title="bbox 1635 2279 2503 2366">
     <span class='ocr_line' id='line_1_74' title="bbox 1635 2279 2503 2366; baseline -0.005 -16"><span class='ocrx_word' id='word_1_579' title='bbox 1635 2287 1667 2350; x_wconf 86' lang='grc'>2.</span> <span class='ocrx_word' id='word_1_580' title='bbox 1691 2283 1780 2362; x_wconf 89' lang='grc'><strong>4444,</strong></span> <span class='ocrx_word' id='word_1_581' title='bbox 1805 2299 1877 2350; x_wconf 87' lang='grc'>444</span> <span class='ocrx_word' id='word_1_582' title='bbox 1901 2281 2046 2350; x_wconf 87' lang='lat' dir='ltr'>Christus</span> <span class='ocrx_word' id='word_1_583' title='bbox 2066 2297 2175 2348; x_wconf 89' lang='lat' dir='ltr'>omnes</span> <span class='ocrx_word' id='word_1_584' title='bbox 2188 2279 2350 2364; x_wconf 82' lang='lat' dir='ltr'>diligeret,</span> <span class='ocrx_word' id='word_1_585' title='bbox 2373 2287 2503 2366; x_wconf 90' lang='lat' dir='ltr'>propter</span> 
     </span>
    </p>
   </div>
   <div class='ocr_carea' id='block_1_22' title="bbox 1511 2373 2503 2476">
    <p class='ocr_par' dir='ltr' id='par_1_33' title="bbox 1511 2373 2503 2476">
     <span class='ocr_line' id='line_1_75' title="bbox 1511 2373 2503 2476; baseline -0.003 -18"><span class='ocrx_word' id='word_1_586' title='bbox 1511 2373 1512 2376; x_wconf 25' lang='lat'>¹</span> <span class='ocrx_word' id='word_1_587' title='bbox 1547 2391 1624 2476; x_wconf 90' lang='lat' dir='ltr'>quid</span> <span class='ocrx_word' id='word_1_588' title='bbox 1646 2391 1776 2458; x_wconf 90' lang='lat' dir='ltr'>loannes</span> <span class='ocrx_word' id='word_1_589' title='bbox 1799 2391 1859 2458; x_wconf 91' lang='lat' dir='ltr'>boc</span> <span class='ocrx_word' id='word_1_590' title='bbox 1873 2389 1933 2458; x_wconf 88' lang='lat' dir='ltr'>sibi</span> <span class='ocrx_word' id='word_1_591' title='bbox 1948 2389 2154 2468; x_wconf 86' lang='lat' dir='ltr'>attribuebat,</span> <span class='ocrx_word' id='word_1_592' title='bbox 2171 2387 2289 2454; x_wconf 88' lang='lat' dir='ltr'>scilicet</span> <span class='ocrx_word' id='word_1_593' title='bbox 2303 2387 2388 2472; x_wconf 92' lang='lat' dir='ltr'>quod</span> <span class='ocrx_word' id='word_1_594' title='bbox 2405 2389 2503 2474; x_wconf 85' lang='lat' dir='ltr'>magis</span> 
     </span>
    </p>
   </div>
   <div class='ocr_carea' id='block_1_23' title="bbox 1544 2493 2666 4804">
    <p class='ocr_par' dir='ltr' id='par_1_34' title="bbox 1547 2493 2504 2788">
     <span class='ocr_line' id='line_1_76' title="bbox 1548 2493 2504 2580; baseline -0.002 -18"><span class='ocrx_word' id='word_1_595' title='bbox 1548 2495 1762 2580; x_wconf 82' lang='lat' dir='ltr'>diligebatur?</span> <span class='ocrx_word' id='word_1_596' title='bbox 1792 2533 1832 2544; x_wconf 93' lang='lat'>—</span> <span class='ocrx_word' id='word_1_597' title='bbox 1862 2495 1993 2562; x_wconf 86' lang='lat' dir='ltr'>Videtur</span> <span class='ocrx_word' id='word_1_598' title='bbox 2014 2495 2150 2566; x_wconf 84' lang='lat' dir='ltr'>falsum:</span> <span class='ocrx_word' id='word_1_599' title='bbox 2174 2495 2247 2578; x_wconf 92' lang='lat' dir='ltr'>quia</span> <span class='ocrx_word' id='word_1_600' title='bbox 2271 2495 2382 2561; x_wconf 88' lang='lat' dir='ltr'>Petrus</span> <span class='ocrx_word' id='word_1_601' title='bbox 2405 2493 2504 2580; x_wconf 88' lang='lat' dir='ltr'>magis</span> 
     </span>
     <span class='ocr_line' id='line_1_77' title="bbox 1547 2597 2504 2686; baseline -0.001 -21"><span class='ocrx_word' id='word_1_602' title='bbox 1547 2599 1750 2684; x_wconf 82' lang='lat' dir='ltr'>diligebat10:</span> <span class='ocrx_word' id='word_1_603' title='bbox 1775 2617 1851 2682; x_wconf 90' lang='lat' dir='ltr'>ergo</span> <span class='ocrx_word' id='word_1_604' title='bbox 1873 2599 1985 2664; x_wconf 92' lang='lat' dir='ltr'>melior</span> <span class='ocrx_word' id='word_1_605' title='bbox 2006 2597 2093 2678; x_wconf 88' lang='lat' dir='ltr'>erat;</span> <span class='ocrx_word' id='word_1_606' title='bbox 2110 2599 2165 2664; x_wconf 90' lang='lat' dir='ltr'>sed</span> <span class='ocrx_word' id='word_1_607' title='bbox 2178 2597 2263 2666; x_wconf 89' lang='lat' dir='ltr'>Deus</span> <span class='ocrx_word' id='word_1_608' title='bbox 2284 2599 2382 2686; x_wconf 88' lang='lat' dir='ltr'>magis</span> <span class='ocrx_word' id='word_1_609' title='bbox 2405 2597 2504 2686; x_wconf 91' lang='lat' dir='ltr'>diligit</span> 
     </span>
     <span class='ocr_line' id='line_1_78' title="bbox 1549 2699 2502 2788; baseline -0.002 -20"><span class='ocrx_word' id='word_1_610' title='bbox 1549 2703 1709 2770; x_wconf 87' lang='lat' dir='ltr'>meliores:</span> <span class='ocrx_word' id='word_1_611' title='bbox 1728 2719 1803 2786; x_wconf 91' lang='lat' dir='ltr'>ergo</span> <span class='ocrx_word' id='word_1_612' title='bbox 1817 2699 1918 2786; x_wconf 90' lang='lat' dir='ltr'>magis</span> <span class='ocrx_word' id='word_1_613' title='bbox 1931 2701 2079 2786; x_wconf 88' lang='lat' dir='ltr'>diligebat</span> <span class='ocrx_word' id='word_1_614' title='bbox 2095 2703 2221 2768; x_wconf 88' lang='lat' dir='ltr'>Petrum</span> <span class='ocrx_word' id='word_1_615' title='bbox 2237 2719 2331 2786; x_wconf 91' lang='lat' dir='ltr'>quam</span> <span class='ocrx_word' id='word_1_616' title='bbox 2349 2703 2502 2788; x_wconf 85' lang='lat' dir='ltr'>ioannem.</span> 
     </span>
    </p>

    <p class='ocr_par' dir='ltr' id='par_1_35' title="bbox 1547 2805 2589 2998">
     <span class='ocr_line' id='line_1_79' title="bbox 1634 2805 2589 2892; baseline -0.002 -20"><span class='ocrx_word' id='word_1_617' title='bbox 1634 2809 1679 2872; x_wconf 85' lang='lat' dir='ltr'>hd</span> <span class='ocrx_word' id='word_1_618' title='bbox 1701 2809 1761 2872; x_wconf 94' lang='lat' dir='ltr'>hoc</span> <span class='ocrx_word' id='word_1_619' title='bbox 1778 2807 1960 2890; x_wconf 89' lang='lat' dir='ltr'>responderi</span> <span class='ocrx_word' id='word_1_620' title='bbox 1985 2811 2103 2892; x_wconf 89' lang='lat' dir='ltr'>potest,</span> <span class='ocrx_word' id='word_1_621' title='bbox 2126 2805 2211 2892; x_wconf 90' lang='lat' dir='ltr'>quod</span> <span class='ocrx_word' id='word_1_622' title='bbox 2230 2806 2358 2876; x_wconf 85' lang='grc'><strong>4444444</strong></span> <span class='ocrx_word' id='word_1_623' title='bbox 2380 2809 2503 2874; x_wconf 86' lang='lat' dir='ltr'>recela-</span> <span class='ocrx_word' id='word_1_624' title='bbox 2523 2815 2589 2870; x_wconf 66' lang='lat' dir='ltr'>neap.</span> 
     </span>
     <span class='ocr_line' id='line_1_80' title="bbox 1547 2913 2355 2998; baseline -0.002 -16"><span class='ocrx_word' id='word_1_625' title='bbox 1547 2915 1648 2994; x_wconf 87' lang='lat' dir='ltr'>tione,</span> <span class='ocrx_word' id='word_1_626' title='bbox 1673 2915 1724 2982; x_wconf 86' lang='lat' dir='ltr'>rel</span> <span class='ocrx_word' id='word_1_627' title='bbox 1745 2913 1841 2982; x_wconf 91' lang='lat' dir='ltr'>certis</span> <span class='ocrx_word' id='word_1_628' title='bbox 1854 2915 1878 2954; x_wconf 84' lang='lat'>11</span> <span class='ocrx_word' id='word_1_629' title='bbox 1904 2913 1998 2998; x_wconf 89' lang='lat' dir='ltr'>signis</span> <span class='ocrx_word' id='word_1_630' title='bbox 2022 2919 2166 2992; x_wconf 86' lang='lat' dir='ltr'>nouerat,</span> <span class='ocrx_word' id='word_1_631' title='bbox 2189 2929 2224 2980; x_wconf 93' lang='lat' dir='ltr'>se</span> <span class='ocrx_word' id='word_1_632' title='bbox 2246 2915 2355 2980; x_wconf 89' lang='lat' dir='ltr'>amari.</span> 
     </span>
    </p>

    <p class='ocr_par' dir='ltr' id='par_1_36' title="bbox 1544 3017 2666 3958">
     <span class='ocr_line' id='line_1_81' title="bbox 1634 3017 2662 3124; baseline -0.018 -38"><span class='ocrx_word' id='word_1_633' title='bbox 1634 3023 1666 3086; x_wconf 86' lang='grc'>2.</span> <span class='ocrx_word' id='word_1_634' title='bbox 1689 3019 1733 3086; x_wconf 84' lang='grc'>444</span> <span class='ocrx_word' id='word_1_635' title='bbox 1764 3017 1953 3098; x_wconf 90' lang='lat' dir='ltr'>secundum,</span> <span class='ocrx_word' id='word_1_636' title='bbox 1984 3019 2110 3084; x_wconf 85' lang='lat' dir='ltr'>ridetur</span> <span class='ocrx_word' id='word_1_637' title='bbox 2131 3019 2236 3086; x_wconf 86' lang='lat' dir='ltr'>dicere</span> <span class='ocrx_word' id='word_1_638' title='bbox 2259 3019 2454 3104; x_wconf 76' lang='lat' dir='ltr'>Augustinus</span> <span class='ocrx_word' id='word_1_639' title='bbox 2467 3019 2503 3100; x_wconf 69' lang='lat'>¹²,</span> <span class='ocrx_word' id='word_1_640' title='bbox 2523 3025 2592 3124; x_wconf 49' lang='lat' dir='ltr'>eamq.</span> <span class='ocrx_word' id='word_1_641' title='bbox 2601 3025 2662 3120; x_wconf 74' lang='lat' dir='ltr'>¹son-</span> 
     </span>
     <span class='ocr_line' id='line_1_82' title="bbox 1547 3109 2622 3212; baseline -0.002 -18"><span class='ocrx_word' id='word_1_642' title='bbox 1547 3127 1631 3212; x_wconf 86' lang='lat' dir='ltr'>quod</span> <span class='ocrx_word' id='word_1_643' title='bbox 1648 3127 1777 3192; x_wconf 87' lang='lat' dir='ltr'>loannes</span> <span class='ocrx_word' id='word_1_644' title='bbox 1798 3125 1898 3210; x_wconf 91' lang='lat' dir='ltr'>magis</span> <span class='ocrx_word' id='word_1_645' title='bbox 1913 3123 2114 3210; x_wconf 86' lang='lat' dir='ltr'>diligebatur,</span> <span class='ocrx_word' id='word_1_646' title='bbox 2140 3125 2193 3192; x_wconf 91' lang='lat' dir='ltr'>sed</span> <span class='ocrx_word' id='word_1_647' title='bbox 2210 3115 2320 3192; x_wconf 79' lang='lat' dir='ltr'>Petrus</span> <span class='ocrx_word' id='word_1_648' title='bbox 2343 3125 2442 3212; x_wconf 87' lang='lat' dir='ltr'>magis</span> <span class='ocrx_word' id='word_1_649' title='bbox 2458 3125 2503 3192; x_wconf 78' lang='lat' dir='ltr'>oi-</span> <span class='ocrx_word' id='word_1_650' title='bbox 2616 3109 2622 3122; x_wconf 80' lang='grc'>’</span> 
     </span>
     <span class='ocr_line' id='line_1_83' title="bbox 1547 3219 2503 3318; baseline 0 -20"><span class='ocrx_word' id='word_1_651' title='bbox 1547 3233 1678 3318; x_wconf 91' lang='lat' dir='ltr'>ligebat;</span> <span class='ocrx_word' id='word_1_652' title='bbox 1703 3237 1734 3300; x_wconf 92' lang='lat' dir='ltr'>et</span> <span class='ocrx_word' id='word_1_653' title='bbox 1756 3231 1826 3298; x_wconf 90' lang='lat' dir='ltr'>ideo</span> <span class='ocrx_word' id='word_1_654' title='bbox 1849 3231 1990 3316; x_wconf 90' lang='lat' dir='ltr'>quaerit,</span> <span class='ocrx_word' id='word_1_655' title='bbox 2015 3231 2088 3318; x_wconf 90' lang='lat' dir='ltr'>quis</span> <span class='ocrx_word' id='word_1_656' title='bbox 2115 3231 2228 3298; x_wconf 89' lang='lat' dir='ltr'>melior</span> <span class='ocrx_word' id='word_1_657' title='bbox 2249 3219 2337 3310; x_wconf 89' lang='lat' dir='ltr'>erat;</span> <span class='ocrx_word' id='word_1_658' title='bbox 2357 3237 2388 3298; x_wconf 91' lang='lat' dir='ltr'>et</span> <span class='ocrx_word' id='word_1_659' title='bbox 2410 3231 2503 3312; x_wconf 88' lang='lat' dir='ltr'>dicit,</span> 
     </span>
     <span class='ocr_line' id='line_1_84' title="bbox 1547 3331 2504 3424; baseline -0.002 -18"><span class='ocrx_word' id='word_1_660' title='bbox 1547 3337 1630 3424; x_wconf 91' lang='lat' dir='ltr'>quod</span> <span class='ocrx_word' id='word_1_661' title='bbox 1654 3339 1764 3406; x_wconf 90' lang='lat' dir='ltr'>Petrus</span> <span class='ocrx_word' id='word_1_662' title='bbox 1788 3337 1914 3418; x_wconf 88' lang='lat' dir='ltr'>melior,</span> <span class='ocrx_word' id='word_1_663' title='bbox 1936 3337 1990 3404; x_wconf 91' lang='lat' dir='ltr'>sed</span> <span class='ocrx_word' id='word_1_664' title='bbox 2015 3337 2143 3404; x_wconf 83' lang='lat' dir='ltr'>Ioarmes</span> <span class='ocrx_word' id='word_1_665' title='bbox 2171 3337 2322 3418; x_wconf 69' lang='lat' dir='ltr'>ielioi0r3‘</span> <span class='ocrx_word' id='word_1_666' title='bbox 2341 3343 2371 3404; x_wconf 94' lang='lat' dir='ltr'>et</span> <span class='ocrx_word' id='word_1_667' title='bbox 2402 3331 2504 3404; x_wconf 87' lang='lat' dir='ltr'>retor-</span> 
     </span>
     <span class='ocr_line' id='line_1_85' title="bbox 1547 3439 2504 3532; baseline 0.003 -23"><span class='ocrx_word' id='word_1_668' title='bbox 1547 3449 1622 3530; x_wconf 89' lang='lat' dir='ltr'>quet</span> <span class='ocrx_word' id='word_1_669' title='bbox 1646 3445 1742 3510; x_wconf 86' lang='lat' dir='ltr'>verba</span> <span class='ocrx_word' id='word_1_670' title='bbox 1777 3445 1854 3510; x_wconf 90' lang='lat' dir='ltr'>haec</span> <span class='ocrx_word' id='word_1_671' title='bbox 1876 3443 1915 3508; x_wconf 90' lang='lat' dir='ltr'>ad</span> <span class='ocrx_word' id='word_1_672' title='bbox 1946 3443 2145 3530; x_wconf 87' lang='lat' dir='ltr'>allegoriam,</span> <span class='ocrx_word' id='word_1_673' title='bbox 2177 3443 2301 3522; x_wconf 89' lang='lat' dir='ltr'>dicens,</span> <span class='ocrx_word' id='word_1_674' title='bbox 2339 3439 2412 3528; x_wconf 91' lang='lat' dir='ltr'>quia</span> <span class='ocrx_word' id='word_1_675' title='bbox 2447 3463 2504 3532; x_wconf 90' lang='lat' dir='ltr'>per</span> 
     </span>
     <span class='ocr_line' id='line_1_86' title="bbox 1546 3549 2504 3636; baseline 0 -20"><span class='ocrx_word' id='word_1_676' title='bbox 1546 3551 1691 3630; x_wconf 89' lang='lat' dir='ltr'>Ioannem</span> <span class='ocrx_word' id='word_1_677' title='bbox 1715 3549 1980 3636; x_wconf 78' lang='lat' dir='ltr'>coahmplatioa,</span> <span class='ocrx_word' id='word_1_678' title='bbox 2007 3567 2063 3634; x_wconf 88' lang='grc'>444</span> <span class='ocrx_word' id='word_1_679' title='bbox 2088 3549 2214 3616; x_wconf 86' lang='lat' dir='ltr'>Petrum</span> <span class='ocrx_word' id='word_1_680' title='bbox 2236 3549 2347 3616; x_wconf 87' lang='lat' dir='ltr'>activa</span> <span class='ocrx_word' id='word_1_681' title='bbox 2375 3549 2439 3618; x_wconf 87' lang='lat' dir='ltr'>rita</span> <span class='ocrx_word' id='word_1_682' title='bbox 2463 3551 2504 3618; x_wconf 90' lang='lat' dir='ltr'>si-</span> 
     </span>
     <span class='ocr_line' id='line_1_87' title="bbox 1546 3655 2666 3744; baseline 0 -20"><span class='ocrx_word' id='word_1_683' title='bbox 1546 3657 1723 3744; x_wconf 85' lang='lat' dir='ltr'>gnificatur.</span> <span class='ocrx_word' id='word_1_684' title='bbox 1740 3695 1784 3706; x_wconf 85' lang='lat'>-</span> <span class='ocrx_word' id='word_1_685' title='bbox 1799 3655 1858 3722; x_wconf 90' lang='lat' dir='ltr'>Sed</span> <span class='ocrx_word' id='word_1_686' title='bbox 1874 3655 1933 3722; x_wconf 92' lang='lat' dir='ltr'>hoc</span> <span class='ocrx_word' id='word_1_687' title='bbox 1950 3655 2047 3742; x_wconf 90' lang='lat' dir='ltr'>magis</span> <span class='ocrx_word' id='word_1_688' title='bbox 2063 3663 2157 3742; x_wconf 87' lang='lat' dir='ltr'>auget</span> <span class='ocrx_word' id='word_1_689' title='bbox 2171 3657 2403 3742; x_wconf 90' lang='lat' dir='ltr'>quaestionem;</span> <span class='ocrx_word' id='word_1_690' title='bbox 2418 3657 2504 3726; x_wconf 92' lang='lat' dir='ltr'>unde</span> <span class='ocrx_word' id='word_1_691' title='bbox 2522 3657 2666 3704; x_wconf 64' lang='lat' dir='ltr'>irrrffiri·</span> 
     </span>
     <span class='ocr_line' id='line_1_88' title="bbox 1544 3751 2503 3850; baseline -0.001 -20"><span class='ocrx_word' id='word_1_692' title='bbox 1544 3765 1611 3850; x_wconf 90' lang='lat' dir='ltr'>ipse</span> <span class='ocrx_word' id='word_1_693' title='bbox 1636 3763 1828 3848; x_wconf 81' lang='lat' dir='ltr'>augustinus</span> <span class='ocrx_word' id='word_1_694' title='bbox 1840 3761 1865 3802; x_wconf 82' lang='lat'>¹³</span> <span class='ocrx_word' id='word_1_695' title='bbox 1898 3751 1985 3840; x_wconf 88' lang='lat' dir='ltr'>dicit,</span> <span class='ocrx_word' id='word_1_696' title='bbox 2018 3761 2102 3846; x_wconf 92' lang='lat' dir='ltr'>quod</span> <span class='ocrx_word' id='word_1_697' title='bbox 2132 3763 2205 3828; x_wconf 87' lang='lat' dir='ltr'>latet</span> <span class='ocrx_word' id='word_1_698' title='bbox 2228 3763 2279 3828; x_wconf 92' lang='lat' dir='ltr'>hic</span> <span class='ocrx_word' id='word_1_699' title='bbox 2301 3761 2439 3844; x_wconf 90' lang='lat' dir='ltr'>iustitia,</span> <span class='ocrx_word' id='word_1_700' title='bbox 2471 3771 2503 3830; x_wconf 90' lang='lat' dir='ltr'>at</span> 
     </span>
     <span class='ocr_line' id='line_1_89' title="bbox 1545 3867 1922 3958; baseline -0.011 -20"><span class='ocrx_word' id='word_1_701' title='bbox 1545 3877 1676 3958; x_wconf 87' lang='lat' dir='ltr'>apparet</span> <span class='ocrx_word' id='word_1_702' title='bbox 1698 3867 1922 3936; x_wconf 90' lang='lat' dir='ltr'>misericordia.</span> 
     </span>
    </p>

    <p class='ocr_par' dir='ltr' id='par_1_37' title="bbox 1544 3973 2627 4694">
     <span class='ocr_line' id='line_1_90' title="bbox 1635 3973 2627 4060; baseline 0 -18"><span class='ocrx_word' id='word_1_703' title='bbox 1635 3977 1802 4060; x_wconf 85' lang='lat' dir='ltr'>Propterea</span> <span class='ocrx_word' id='word_1_704' title='bbox 1826 3973 2008 4054; x_wconf 91' lang='lat' dir='ltr'>dicendum,</span> <span class='ocrx_word' id='word_1_705' title='bbox 2036 3975 2121 4060; x_wconf 86' lang='lat' dir='ltr'>quod</span> <span class='ocrx_word' id='word_1_706' title='bbox 2151 3973 2263 4060; x_wconf 78' lang='lat' dir='ltr'>magis</span> <span class='ocrx_word' id='word_1_707' title='bbox 2284 3973 2419 4060; x_wconf 79' lang='lat' dir='ltr'>diligere</span> <span class='ocrx_word' id='word_1_708' title='bbox 2444 3977 2504 4042; x_wconf 90' lang='lat' dir='ltr'>hoo</span> <span class='ocrx_word' id='word_1_709' title='bbox 2525 3975 2590 4032; x_wconf 64' lang='grc'><strong>444·</strong></span> <span class='ocrx_word' id='word_1_710' title='bbox 2604 3975 2627 4020; x_wconf 72' lang='lat'>²·</span> 
     </span>
     <span class='ocr_line' id='line_1_91' title="bbox 1545 4079 2505 4166; baseline -0.002 -16"><span class='ocrx_word' id='word_1_711' title='bbox 1545 4087 1593 4150; x_wconf 93' lang='lat' dir='ltr'>est</span> <span class='ocrx_word' id='word_1_712' title='bbox 1614 4081 1797 4166; x_wconf 86' lang='lat' dir='ltr'>dupliciter:</span> <span class='ocrx_word' id='word_1_713' title='bbox 1825 4079 1873 4148; x_wconf 86' lang='lat' dir='ltr'>rel</span> <span class='ocrx_word' id='word_1_714' title='bbox 1898 4081 1971 4164; x_wconf 89' lang='lat' dir='ltr'>quia</span> <span class='ocrx_word' id='word_1_715' title='bbox 1986 4081 2033 4146; x_wconf 87' lang='lat' dir='ltr'>ad</span> <span class='ocrx_word' id='word_1_716' title='bbox 2054 4079 2167 4146; x_wconf 83' lang='lat' dir='ltr'>maias</span> <span class='ocrx_word' id='word_1_717' title='bbox 2180 4081 2389 4166; x_wconf 64' lang='grc'><strong>4444444444</strong></span> <span class='ocrx_word' id='word_1_718' title='bbox 2411 4081 2505 4148; x_wconf 86' lang='lat' dir='ltr'>etsie</span> 
     </span>
     <span class='ocr_line' id='line_1_92' title="bbox 1545 4185 2603 4272; baseline -0.002 -18"><span class='ocrx_word' id='word_1_719' title='bbox 1545 4187 1644 4272; x_wconf 88' lang='lat' dir='ltr'>magis</span> <span class='ocrx_word' id='word_1_720' title='bbox 1673 4187 1821 4272; x_wconf 88' lang='lat' dir='ltr'>diligebat</span> <span class='ocrx_word' id='word_1_721' title='bbox 1843 4185 1928 4254; x_wconf 90' lang='lat' dir='ltr'>Iesus</span> <span class='ocrx_word' id='word_1_722' title='bbox 1960 4185 2104 4264; x_wconf 89' lang='lat' dir='ltr'>Petrum,</span> <span class='ocrx_word' id='word_1_723' title='bbox 2131 4187 2190 4252; x_wconf 92' lang='lat' dir='ltr'>hoc</span> <span class='ocrx_word' id='word_1_724' title='bbox 2219 4185 2394 4264; x_wconf 92' lang='lat' dir='ltr'>intellecto,</span> <span class='ocrx_word' id='word_1_725' title='bbox 2417 4187 2504 4270; x_wconf 86' lang='lat' dir='ltr'>quod</span> <span class='ocrx_word' id='word_1_726' title='bbox 2602 4249 2603 4252; x_wconf 74' lang='grc'>,</span> 
     </span>
     <span class='ocr_line' id='line_1_93' title="bbox 1544 4293 2503 4378; baseline -0.002 -16"><span class='ocrx_word' id='word_1_727' title='bbox 1544 4313 1668 4378; x_wconf 88' lang='grc'><strong>444444</strong></span> <span class='ocrx_word' id='word_1_728' title='bbox 1691 4293 1789 4378; x_wconf 87' lang='lat' dir='ltr'>magis</span> <span class='ocrx_word' id='word_1_729' title='bbox 1812 4293 1960 4360; x_wconf 84' lang='lat' dir='ltr'>dilexerit</span> <span class='ocrx_word' id='word_1_730' title='bbox 1982 4293 2094 4360; x_wconf 89' lang='lat' dir='ltr'>Petrus</span> <span class='ocrx_word' id='word_1_731' title='bbox 2118 4293 2295 4360; x_wconf 88' lang='lat' dir='ltr'>Dominum.</span> <span class='ocrx_word' id='word_1_732' title='bbox 2321 4293 2387 4360; x_wconf 82' lang='lat' dir='ltr'>ilio</span> <span class='ocrx_word' id='word_1_733' title='bbox 2408 4293 2503 4360; x_wconf 87' lang='lat' dir='ltr'>modo</span> 
     </span>
     <span class='ocr_line' id='line_1_94' title="bbox 1544 4397 2502 4484; baseline 0.004 -22"><span class='ocrx_word' id='word_1_734' title='bbox 1544 4399 1656 4484; x_wconf 82' lang='grc'><strong>444444</strong></span> <span class='ocrx_word' id='word_1_735' title='bbox 1670 4397 1806 4482; x_wconf 76' lang='lat' dir='ltr'>diligere</span> <span class='ocrx_word' id='word_1_736' title='bbox 1830 4405 2054 4480; x_wconf 66' lang='lat' dir='ltr'>est‘quantum</span> <span class='ocrx_word' id='word_1_737' title='bbox 2078 4399 2125 4462; x_wconf 88' lang='lat' dir='ltr'>ad</span> <span class='ocrx_word' id='word_1_738' title='bbox 2146 4399 2309 4466; x_wconf 81' lang='lat' dir='ltr'>maiorem</span> <span class='ocrx_word' id='word_1_739' title='bbox 2332 4397 2502 4466; x_wconf 84' lang='grc'><strong>444444444-</strong></span> 
     </span>
     <span class='ocr_line' id='line_1_95' title="bbox 1544 4501 2503 4588; baseline 0.004 -18"><span class='ocrx_word' id='word_1_740' title='bbox 1544 4521 1637 4582; x_wconf 85' lang='lat' dir='ltr'>nanc,</span> <span class='ocrx_word' id='word_1_741' title='bbox 1661 4501 1734 4588; x_wconf 91' lang='lat' dir='ltr'>quia</span> <span class='ocrx_word' id='word_1_742' title='bbox 1759 4503 1850 4588; x_wconf 88' lang='lat' dir='ltr'>plura</span> <span class='ocrx_word' id='word_1_743' title='bbox 1873 4501 2055 4570; x_wconf 88' lang='lat' dir='ltr'>ostendebat</span> <span class='ocrx_word' id='word_1_744' title='bbox 2083 4501 2169 4588; x_wconf 87' lang='lat' dir='ltr'>signa</span> <span class='ocrx_word' id='word_1_745' title='bbox 2193 4505 2379 4584; x_wconf 90' lang='lat' dir='ltr'>dilectionis;</span> <span class='ocrx_word' id='word_1_746' title='bbox 2403 4505 2503 4574; x_wconf 87' lang='lat' dir='ltr'>etsie</span> 
     </span>
     <span class='ocr_line' id='line_1_96' title="bbox 1544 4609 2026 4694; baseline -0.004 -18"><span class='ocrx_word' id='word_1_747' title='bbox 1544 4609 1645 4694; x_wconf 90' lang='lat' dir='ltr'>magis</span> <span class='ocrx_word' id='word_1_748' title='bbox 1667 4609 1815 4694; x_wconf 88' lang='lat' dir='ltr'>diligebat</span> <span class='ocrx_word' id='word_1_749' title='bbox 1832 4609 1975 4676; x_wconf 90' lang='lat' dir='ltr'>loannem</span> <span class='ocrx_word' id='word_1_750' title='bbox 1991 4609 2026 4674; x_wconf 66' lang='lat'>14.</span> 
     </span>
    </p>

    <p class='ocr_par' dir='ltr' id='par_1_38' title="bbox 1636 4715 2501 4804">
     <span class='ocr_line' id='line_1_97' title="bbox 1636 4715 2501 4804; baseline 0.001 -22"><span class='ocrx_word' id='word_1_751' title='bbox 1636 4717 1687 4782; x_wconf 82' lang='grc'>62.</span> <span class='ocrx_word' id='word_1_752' title='bbox 1712 4717 1836 4800; x_wconf 83' lang='lat' dir='ltr'>Quaest.</span> <span class='ocrx_word' id='word_1_753' title='bbox 1860 4715 1896 4780; x_wconf 89' lang='lat' dir='ltr'>V.</span> <span class='ocrx_word' id='word_1_754' title='bbox 1921 4715 1979 4782; x_wconf 89' lang='lat' dir='ltr'>Sed</span> <span class='ocrx_word' id='word_1_755' title='bbox 2004 4723 2079 4782; x_wconf 89' lang='lat' dir='ltr'>tuno</span> <span class='ocrx_word' id='word_1_756' title='bbox 2106 4723 2152 4784; x_wconf 87' lang='lat' dir='ltr'>est</span> <span class='ocrx_word' id='word_1_757' title='bbox 2183 4717 2319 4786; x_wconf 89' lang='lat' dir='ltr'>ulterius</span> <span class='ocrx_word' id='word_1_758' title='bbox 2341 4717 2501 4804; x_wconf 88' lang='lat' dir='ltr'>quaestio:</span> 
     </span>
    </p>
   </div>
   <div class='ocr_carea' id='block_1_24' title="bbox 1544 4821 2502 4910">
    <p class='ocr_par' dir='ltr' id='par_1_39' title="bbox 1544 4821 2502 4910">
     <span class='ocr_line' id='line_1_98' title="bbox 1544 4821 2502 4910; baseline 0 -20"><span class='ocrx_word' id='word_1_759' title='bbox 1544 4841 1646 4908; x_wconf 90' lang='lat' dir='ltr'>quare</span> <span class='ocrx_word' id='word_1_760' title='bbox 1667 4823 1767 4908; x_wconf 87' lang='lat' dir='ltr'>magis</span> <span class='ocrx_word' id='word_1_761' title='bbox 1789 4839 1824 4888; x_wconf 90' lang='lat' dir='ltr'>se</span> <span class='ocrx_word' id='word_1_762' title='bbox 1844 4821 2016 4892; x_wconf 83' lang='lat' dir='ltr'>exhibebat</span> <span class='ocrx_word' id='word_1_763' title='bbox 2030 4821 2160 4902; x_wconf 51' lang='lat' dir='ltr'>¹Ioanni,</span> <span class='ocrx_word' id='word_1_764' title='bbox 2186 4841 2227 4890; x_wconf 93' lang='lat' dir='ltr'>ex</span> <span class='ocrx_word' id='word_1_765' title='bbox 2252 4843 2317 4910; x_wconf 89' lang='lat' dir='ltr'>quo</span> <span class='ocrx_word' id='word_1_766' title='bbox 2337 4825 2409 4908; x_wconf 90' lang='lat' dir='ltr'>plus</span> <span class='ocrx_word' id='word_1_767' title='bbox 2434 4825 2502 4890; x_wconf 90' lang='lat' dir='ltr'>dili-</span> 
     </span>
    </p>
   </div>
   <div class='ocr_carea' id='block_1_25' title="bbox 1521 5251 2502 5320">
    <p class='ocr_par' dir='ltr' id='par_1_40' title="bbox 1521 5251 2502 5320">
     <span class='ocr_line' id='line_1_99' title="bbox 1521 5251 2502 5320; baseline 0 -13"><span class='ocrx_word' id='word_1_768' title='bbox 1521 5283 1524 5286; x_wconf 96' lang='lat'>-</span> <span class='ocrx_word' id='word_1_769' title='bbox 1545 5257 1668 5308; x_wconf 89' lang='lat' dir='ltr'>thronum</span> <span class='ocrx_word' id='word_1_770' title='bbox 1693 5251 1815 5320; x_wconf 81' lang='lat' dir='ltr'>occepit?</span> <span class='ocrx_word' id='word_1_771' title='bbox 1832 5251 2014 5318; x_wconf 87' lang='lat' dir='ltr'>respondebo,</span> <span class='ocrx_word' id='word_1_772' title='bbox 2034 5253 2137 5306; x_wconf 78' lang='lat' dir='ltr'>Petrum</span> <span class='ocrx_word' id='word_1_773' title='bbox 2161 5265 2213 5304; x_wconf 89' lang='lat' dir='ltr'>non</span> <span class='ocrx_word' id='word_1_774' title='bbox 2239 5251 2323 5306; x_wconf 91' lang='lat' dir='ltr'>throni</span> <span class='ocrx_word' id='word_1_775' title='bbox 2342 5253 2435 5318; x_wconf 88' lang='lat' dir='ltr'>huius,</span> <span class='ocrx_word' id='word_1_776' title='bbox 2453 5255 2502 5308; x_wconf 90' lang='lat' dir='ltr'>sed</span> 
     </span>
    </p>
   </div>
   <div class='ocr_carea' id='block_1_26' title="bbox 1544 5339 2571 7002">
    <p class='ocr_par' dir='ltr' id='par_1_41' title="bbox 1544 5339 2501 5926">
     <span class='ocr_line' id='line_1_100' title="bbox 1544 5339 2499 5406; baseline -0.002 -10"><span class='ocrx_word' id='word_1_777' title='bbox 1544 5341 1625 5396; x_wconf 91' lang='lat' dir='ltr'>totius</span> <span class='ocrx_word' id='word_1_778' title='bbox 1650 5341 1722 5394; x_wconf 89' lang='lat' dir='ltr'>orbis</span> <span class='ocrx_word' id='word_1_779' title='bbox 1751 5341 1886 5396; x_wconf 90' lang='lat' dir='ltr'>doctorem</span> <span class='ocrx_word' id='word_1_780' title='bbox 1914 5355 1929 5392; x_wconf 88' lang='lat' dir='ltr'>a</span> <span class='ocrx_word' id='word_1_781' title='bbox 1956 5339 2058 5394; x_wconf 83' lang='lat' dir='ltr'>Christo</span> <span class='ocrx_word' id='word_1_782' title='bbox 2084 5347 2210 5394; x_wconf 87' lang='lat' dir='ltr'>statutum</span> <span class='ocrx_word' id='word_1_783' title='bbox 2240 5341 2325 5394; x_wconf 86' lang='grc'><strong>444444.</strong></span> <span class='ocrx_word' id='word_1_784' title='bbox 2345 5341 2396 5396; x_wconf 82' lang='lat' dir='ltr'>Gir.</span> <span class='ocrx_word' id='word_1_785' title='bbox 2422 5355 2499 5406; x_wconf 89' lang='lat' dir='ltr'>supra</span> 
     </span>
     <span class='ocr_line' id='line_1_101' title="bbox 1544 5429 2501 5500; baseline 0 -16"><span class='ocrx_word' id='word_1_786' title='bbox 1544 5447 1570 5484; x_wconf 89' lang='lat' dir='ltr'>n.</span> <span class='ocrx_word' id='word_1_787' title='bbox 1589 5431 1632 5484; x_wconf 83' lang='lat'>36.</span> <span class='ocrx_word' id='word_1_788' title='bbox 1656 5429 1745 5496; x_wconf 84' lang='lat' dir='ltr'>Cyrtii.</span> <span class='ocrx_word' id='word_1_789' title='bbox 1767 5431 1914 5492; x_wconf 73' lang='lat' dir='ltr'>Alexandr„</span> <span class='ocrx_word' id='word_1_790' title='bbox 1941 5431 1967 5482; x_wconf 89' lang='grc'>44</span> <span class='ocrx_word' id='word_1_791' title='bbox 1996 5431 2066 5482; x_wconf 90' lang='lat' dir='ltr'>ioan.</span> <span class='ocrx_word' id='word_1_792' title='bbox 2084 5431 2127 5494; x_wconf 87' lang='grc'>24,</span> <span class='ocrx_word' id='word_1_793' title='bbox 2147 5431 2195 5482; x_wconf 81' lang='lat' dir='ltr'>te:</span> <span class='ocrx_word' id='word_1_794' title='bbox 2214 5429 2331 5500; x_wconf 75' lang='lat' dir='ltr'>Sequere</span> <span class='ocrx_word' id='word_1_795' title='bbox 2356 5443 2411 5498; x_wconf 86' lang='lat' dir='ltr'>rac,</span> <span class='ocrx_word' id='word_1_796' title='bbox 2433 5445 2501 5498; x_wconf 90' lang='lat' dir='ltr'>quae</span> 
     </span>
     <span class='ocr_line' id='line_1_102' title="bbox 1544 5517 2501 5586; baseline -0.001 -13"><span class='ocrx_word' id='word_1_797' title='bbox 1544 5517 1640 5584; x_wconf 86' lang='lat' dir='ltr'>verba,</span> <span class='ocrx_word' id='word_1_798' title='bbox 1658 5519 1869 5572; x_wconf 83' lang='grc'><strong>4444444444</strong></span> <span class='ocrx_word' id='word_1_799' title='bbox 1886 5519 2040 5572; x_wconf 90' lang='lat' dir='ltr'>sententiam</span> <span class='ocrx_word' id='word_1_800' title='bbox 2060 5519 2203 5586; x_wconf 86' lang='lat' dir='ltr'>sequimur,</span> <span class='ocrx_word' id='word_1_801' title='bbox 2223 5519 2256 5572; x_wconf 92' lang='lat' dir='ltr'>de</span> <span class='ocrx_word' id='word_1_802' title='bbox 2274 5519 2445 5572; x_wconf 86' lang='lat' dir='ltr'>assectatione</span> <span class='ocrx_word' id='word_1_803' title='bbox 2464 5521 2501 5572; x_wconf 87' lang='lat' dir='ltr'>di·</span> 
     </span>
     <span class='ocr_line' id='line_1_103' title="bbox 1545 5605 2499 5672; baseline 0.002 -16"><span class='ocrx_word' id='word_1_804' title='bbox 1545 5605 1705 5668; x_wconf 90' lang='lat' dir='ltr'>scipuiorum</span> <span class='ocrx_word' id='word_1_805' title='bbox 1725 5609 1834 5670; x_wconf 91' lang='lat' dir='ltr'>possunt</span> <span class='ocrx_word' id='word_1_806' title='bbox 1853 5605 1973 5670; x_wconf 85' lang='lat' dir='ltr'>intelligi,</span> <span class='ocrx_word' id='word_1_807' title='bbox 1993 5605 2040 5656; x_wconf 90' lang='lat' dir='ltr'>sed</span> <span class='ocrx_word' id='word_1_808' title='bbox 2058 5605 2243 5670; x_wconf 80' lang='lat' dir='ltr'>aenigmatice,</span> <span class='ocrx_word' id='word_1_809' title='bbox 2255 5611 2285 5656; x_wconf 90' lang='lat' dir='ltr'>ut</span> <span class='ocrx_word' id='word_1_810' title='bbox 2303 5605 2415 5672; x_wconf 85' lang='lat' dir='ltr'>ridetur,</span> <span class='ocrx_word' id='word_1_811' title='bbox 2429 5605 2499 5660; x_wconf 91' lang='lat' dir='ltr'>aliud</span> 
     </span>
     <span class='ocr_line' id='line_1_104' title="bbox 1544 5693 2499 5762; baseline 0.001 -16"><span class='ocrx_word' id='word_1_812' title='bbox 1544 5693 1608 5746; x_wconf 87' lang='lat' dir='ltr'>nihil</span> <span class='ocrx_word' id='word_1_813' title='bbox 1626 5693 1786 5746; x_wconf 90' lang='lat' dir='ltr'>subinnuunt</span> <span class='ocrx_word' id='word_1_814' title='bbox 1811 5693 1877 5746; x_wconf 82' lang='lat' dir='ltr'>nisi:</span> <span class='ocrx_word' id='word_1_815' title='bbox 1904 5693 2020 5758; x_wconf 83' lang='lat' dir='ltr'>vestigia</span> <span class='ocrx_word' id='word_1_816' title='bbox 2042 5707 2167 5746; x_wconf 89' lang='lat' dir='ltr'>meorum.</span> <span class='ocrx_word' id='word_1_817' title='bbox 2180 5693 2357 5758; x_wconf 90' lang='lat' dir='ltr'>periculorum</span> <span class='ocrx_word' id='word_1_818' title='bbox 2375 5707 2499 5762; x_wconf 90' lang='lat' dir='ltr'>sequere,</span> 
     </span>
     <span class='ocr_line' id='line_1_105' title="bbox 1545 5779 2501 5848; baseline 0.002 -14"><span class='ocrx_word' id='word_1_819' title='bbox 1545 5783 1710 5848; x_wconf 88' lang='lat' dir='ltr'>eandemque</span> <span class='ocrx_word' id='word_1_820' title='bbox 1730 5783 1800 5836; x_wconf 86' lang='lat' dir='ltr'>riam</span> <span class='ocrx_word' id='word_1_821' title='bbox 1819 5781 1937 5848; x_wconf 90' lang='lat' dir='ltr'>quodam</span> <span class='ocrx_word' id='word_1_822' title='bbox 1961 5779 2043 5834; x_wconf 93' lang='lat' dir='ltr'>modo</span> <span class='ocrx_word' id='word_1_823' title='bbox 2066 5781 2200 5846; x_wconf 88' lang='lat' dir='ltr'>insistens,</span> <span class='ocrx_word' id='word_1_824' title='bbox 2221 5779 2358 5848; x_wconf 87' lang='lat' dir='ltr'>verboque</span> <span class='ocrx_word' id='word_1_825' title='bbox 2376 5791 2402 5836; x_wconf 88' lang='lat' dir='ltr'>et</span> <span class='ocrx_word' id='word_1_826' title='bbox 2421 5797 2501 5848; x_wconf 90' lang='lat' dir='ltr'>opere</span> 
     </span>
     <span class='ocr_line' id='line_1_106' title="bbox 1545 5869 2395 5926; baseline 0 -2"><span class='ocrx_word' id='word_1_827' title='bbox 1545 5877 1698 5924; x_wconf 84' lang='lat' dir='ltr'>vocatorum</span> <span class='ocrx_word' id='word_1_828' title='bbox 1718 5869 1753 5924; x_wconf 86' lang='lat' dir='ltr'>ad</span> <span class='ocrx_word' id='word_1_829' title='bbox 1770 5871 1851 5926; x_wconf 87' lang='lat' dir='ltr'>fidem</span> <span class='ocrx_word' id='word_1_830' title='bbox 1871 5869 1971 5922; x_wconf 83' lang='grc'><strong>444444</strong></span> <span class='ocrx_word' id='word_1_831' title='bbox 1989 5869 2118 5924; x_wconf 86' lang='lat' dir='ltr'>adiurans</span> <span class='ocrx_word' id='word_1_832' title='bbox 2135 5875 2185 5924; x_wconf 89' lang='lat' dir='ltr'>ete.</span> <span class='ocrx_word' id='word_1_833' title='bbox 2393 5877 2395 5882; x_wconf 80' lang='grc'><strong>“</strong></span> 
     </span>
    </p>

    <p class='ocr_par' dir='ltr' id='par_1_42' title="bbox 1616 5955 1764 6010">
     <span class='ocr_line' id='line_1_107' title="bbox 1616 5955 1764 6010; baseline 0 0"><span class='ocrx_word' id='word_1_834' title='bbox 1616 5955 1721 6010; x_wconf 73' lang='grc'>944444.</span> <span class='ocrx_word' id='word_1_835' title='bbox 1742 5961 1764 6010; x_wconf 92' lang='grc'>4.</span> 
     </span>
    </p>

    <p class='ocr_par' dir='ltr' id='par_1_43' title="bbox 1545 6043 2500 6206">
     <span class='ocr_line' id='line_1_108' title="bbox 1617 6043 2500 6114; baseline 0.005 -14"><span class='ocrx_word' id='word_1_836' title='bbox 1617 6043 1639 6076; x_wconf 82' lang='lat'>¹⁰</span> <span class='ocrx_word' id='word_1_837' title='bbox 1658 6047 1809 6100; x_wconf 90' lang='lat' dir='ltr'>Secundum</span> <span class='ocrx_word' id='word_1_838' title='bbox 1826 6047 1946 6112; x_wconf 82' lang='lat' dir='ltr'>August,</span> <span class='ocrx_word' id='word_1_839' title='bbox 1965 6047 2000 6100; x_wconf 90' lang='lat' dir='ltr'>de</span> <span class='ocrx_word' id='word_1_840' title='bbox 2017 6061 2070 6114; x_wconf 91' lang='lat' dir='ltr'>quo</span> <span class='ocrx_word' id='word_1_841' title='bbox 2088 6049 2151 6102; x_wconf 87' lang='lat' dir='ltr'>vide</span> <span class='ocrx_word' id='word_1_842' title='bbox 2169 6051 2247 6114; x_wconf 90' lang='lat' dir='ltr'>paulo</span> <span class='ocrx_word' id='word_1_843' title='bbox 2265 6049 2380 6104; x_wconf 88' lang='lat' dir='ltr'>interius.</span> <span class='ocrx_word' id='word_1_844' title='bbox 2401 6079 2435 6090; x_wconf 89' lang='lat'>—</span> <span class='ocrx_word' id='word_1_845' title='bbox 2455 6053 2500 6104; x_wconf 92' lang='lat' dir='ltr'>Su·</span> 
     </span>
     <span class='ocr_line' id='line_1_109' title="bbox 1545 6132 2498 6206; baseline 0.002 -18"><span class='ocrx_word' id='word_1_846' title='bbox 1545 6137 1634 6202; x_wconf 81' lang='lat' dir='ltr'>penius</span> <span class='ocrx_word' id='word_1_847' title='bbox 1653 6149 1701 6202; x_wconf 91' lang='lat' dir='ltr'>pro</span> <span class='ocrx_word' id='word_1_848' title='bbox 1719 6133 1894 6200; x_wconf 87' lang='lat' dir='ltr'>attribuebat,</span> <span class='ocrx_word' id='word_1_849' title='bbox 1915 6132 2013 6190; x_wconf 85' lang='lat' dir='ltr'>scilicet</span> <span class='ocrx_word' id='word_1_850' title='bbox 2032 6135 2105 6206; x_wconf 84' lang='lat' dir='ltr'>paud</span> <span class='ocrx_word' id='word_1_851' title='bbox 2117 6137 2160 6190; x_wconf 87' lang='lat' dir='ltr'>ed.</span> <span class='ocrx_word' id='word_1_852' title='bbox 2177 6135 2358 6194; x_wconf 78' lang='lat' dir='ltr'>attribuebat?</span> <span class='ocrx_word' id='word_1_853' title='bbox 2376 6137 2410 6192; x_wconf 88' lang='lat' dir='ltr'>Si</span> <span class='ocrx_word' id='word_1_854' title='bbox 2426 6137 2498 6206; x_wconf 80' lang='grc'><strong>44444.</strong></span> 
     </span>
    </p>

    <p class='ocr_par' dir='ltr' id='par_1_44' title="bbox 1545 6219 2499 6378">
     <span class='ocr_line' id='line_1_110' title="bbox 1616 6219 2499 6292; baseline 0.005 -18"><span class='ocrx_word' id='word_1_855' title='bbox 1616 6219 1636 6258; x_wconf 69' lang='lat'>1¹</span> <span class='ocrx_word' id='word_1_856' title='bbox 1658 6223 1704 6276; x_wconf 86' lang='lat' dir='ltr'>Ed.</span> <span class='ocrx_word' id='word_1_857' title='bbox 1733 6221 1832 6276; x_wconf 80' lang='lat' dir='ltr'>ata-u.</span> <span class='ocrx_word' id='word_1_858' title='bbox 1862 6221 1914 6276; x_wconf 86' lang='lat' dir='ltr'>Cir.</span> <span class='ocrx_word' id='word_1_859' title='bbox 1941 6237 2022 6290; x_wconf 85' lang='lat' dir='ltr'>supra</span> <span class='ocrx_word' id='word_1_860' title='bbox 2042 6223 2186 6280; x_wconf 83' lang='lat' dir='ltr'>Commeat.</span> <span class='ocrx_word' id='word_1_861' title='bbox 2213 6227 2239 6278; x_wconf 92' lang='lat' dir='ltr'>in</span> <span class='ocrx_word' id='word_1_862' title='bbox 2267 6227 2349 6280; x_wconf 84' lang='lat' dir='ltr'>Eccle.</span> <span class='ocrx_word' id='word_1_863' title='bbox 2372 6227 2403 6292; x_wconf 91' lang='grc'>9,</span> <span class='ocrx_word' id='word_1_864' title='bbox 2426 6227 2450 6278; x_wconf 93' lang='grc'>4.</span> <span class='ocrx_word' id='word_1_865' title='bbox 2476 6233 2499 6278; x_wconf 88' lang='grc'>44</span> 
     </span>
     <span class='ocr_line' id='line_1_111' title="bbox 1545 6309 1774 6378; baseline 0.005 -16"><span class='ocrx_word' id='word_1_866' title='bbox 1545 6316 1644 6378; x_wconf 89' lang='lat' dir='ltr'>quaest.</span> <span class='ocrx_word' id='word_1_867' title='bbox 1665 6313 1691 6364; x_wconf 92' lang='lat' dir='ltr'>ll.</span> <span class='ocrx_word' id='word_1_868' title='bbox 1710 6309 1774 6364; x_wconf 87' lang='lat' dir='ltr'>ibid.</span> 
     </span>
    </p>

    <p class='ocr_par' dir='ltr' id='par_1_45' title="bbox 1616 6397 2191 6470">
     <span class='ocr_line' id='line_1_112' title="bbox 1616 6397 2191 6470; baseline 0 -16"><span class='ocrx_word' id='word_1_869' title='bbox 1616 6397 1892 6466; x_wconf 76' lang='lat' dir='ltr'>¹²1ntoan.erang.</span> <span class='ocrx_word' id='word_1_870' title='bbox 1913 6407 1942 6454; x_wconf 92' lang='lat' dir='ltr'>tr.</span> <span class='ocrx_word' id='word_1_871' title='bbox 1963 6401 2024 6454; x_wconf 91' lang='grc'><strong>424.</strong></span> <span class='ocrx_word' id='word_1_872' title='bbox 2045 6417 2070 6454; x_wconf 95' lang='lat' dir='ltr'>n.</span> <span class='ocrx_word' id='word_1_873' title='bbox 2092 6403 2115 6454; x_wconf 89' lang='grc'>4.</span> <span class='ocrx_word' id='word_1_874' title='bbox 2135 6415 2191 6470; x_wconf 82' lang='lat' dir='ltr'>seq.</span> 
     </span>
    </p>

    <p class='ocr_par' dir='ltr' id='par_1_46' title="bbox 1544 6475 2571 6738">
     <span class='ocr_line' id='line_1_113' title="bbox 1616 6475 2498 6556; baseline 0.002 -14"><span class='ocrx_word' id='word_1_875' title='bbox 1616 6485 1638 6518; x_wconf 80' lang='lat'>¹³</span> <span class='ocrx_word' id='word_1_876' title='bbox 1656 6491 1717 6542; x_wconf 85' lang='lat' dir='ltr'>Leo.</span> <span class='ocrx_word' id='word_1_877' title='bbox 1734 6475 1777 6544; x_wconf 86' lang='lat' dir='ltr'>eit.</span> <span class='ocrx_word' id='word_1_878' title='bbox 1796 6505 1820 6542; x_wconf 89' lang='lat' dir='ltr'>n.</span> <span class='ocrx_word' id='word_1_879' title='bbox 1841 6489 1873 6542; x_wconf 80' lang='lat' dir='ltr'>b:</span> <span class='ocrx_word' id='word_1_880' title='bbox 1892 6491 2040 6556; x_wconf 77' lang='lat' dir='ltr'>aggrediar</span> <span class='ocrx_word' id='word_1_881' title='bbox 2057 6489 2135 6556; x_wconf 78' lang='lat' dir='ltr'>tgitm</span> <span class='ocrx_word' id='word_1_882' title='bbox 2154 6491 2181 6542; x_wconf 92' lang='lat' dir='ltr'>in</span> <span class='ocrx_word' id='word_1_883' title='bbox 2200 6493 2256 6544; x_wconf 90' lang='lat' dir='ltr'>eius</span> <span class='ocrx_word' id='word_1_884' title='bbox 2275 6491 2412 6544; x_wconf 80' lang='lat' dir='ltr'>manifesta</span> <span class='ocrx_word' id='word_1_885' title='bbox 2424 6491 2498 6544; x_wconf 90' lang='lat' dir='ltr'>mise·</span> 
     </span>
     <span class='ocr_line' id='line_1_114' title="bbox 1544 6565 2571 6646; baseline 0.002 -16"><span class='ocrx_word' id='word_1_886' title='bbox 1544 6577 1671 6644; x_wconf 82' lang='lat' dir='ltr'>ricordia,</span> <span class='ocrx_word' id='word_1_887' title='bbox 1689 6579 1764 6632; x_wconf 85' lang='lat' dir='ltr'>cuius</span> <span class='ocrx_word' id='word_1_888' title='bbox 1784 6583 1821 6634; x_wconf 90' lang='lat' dir='ltr'>est</span> <span class='ocrx_word' id='word_1_889' title='bbox 1841 6565 1940 6634; x_wconf 86' lang='grc'><strong>4444144</strong></span> <span class='ocrx_word' id='word_1_890' title='bbox 1960 6579 2068 6646; x_wconf 90' lang='lat' dir='ltr'>iustitia,</span> <span class='ocrx_word' id='word_1_891' title='bbox 2082 6581 2116 6634; x_wconf 90' lang='lat' dir='ltr'>de</span> <span class='ocrx_word' id='word_1_892' title='bbox 2130 6581 2256 6634; x_wconf 85' lang='lat' dir='ltr'>solvenda</span> <span class='ocrx_word' id='word_1_893' title='bbox 2275 6579 2427 6646; x_wconf 87' lang='lat' dir='ltr'>quaestione</span> <span class='ocrx_word' id='word_1_894' title='bbox 2446 6585 2499 6634; x_wconf 89' lang='grc'>444</span> <span class='ocrx_word' id='word_1_895' title='bbox 2567 6601 2571 6610; x_wconf 60' lang='lat'>=</span> 
     </span>
     <span class='ocr_line' id='line_1_115' title="bbox 1545 6663 2498 6738; baseline 0.006 -26"><span class='ocrx_word' id='word_1_896' title='bbox 1545 6663 1671 6730; x_wconf 81' lang='lat' dir='ltr'>ingemi...</span> <span class='ocrx_word' id='word_1_897' title='bbox 1688 6665 1821 6730; x_wconf 87' lang='lat' dir='ltr'>disputare</span> <span class='ocrx_word' id='word_1_898' title='bbox 1841 6671 1888 6720; x_wconf 91' lang='lat' dir='ltr'>ete.</span> <span class='ocrx_word' id='word_1_899' title='bbox 1907 6665 1959 6720; x_wconf 85' lang='lat' dir='ltr'>Cir.</span> <span class='ocrx_word' id='word_1_900' title='bbox 1979 6667 2067 6718; x_wconf 90' lang='lat' dir='ltr'>Glossa</span> <span class='ocrx_word' id='word_1_901' title='bbox 2090 6665 2232 6722; x_wconf 87' lang='lat' dir='ltr'>ordinaria</span> <span class='ocrx_word' id='word_1_902' title='bbox 2255 6667 2283 6718; x_wconf 87' lang='lat' dir='ltr'>in</span> <span class='ocrx_word' id='word_1_903' title='bbox 2310 6667 2498 6738; x_wconf 24' lang='lat' dir='ltr'>huncllocum.</span> 
     </span>
    </p>

    <p class='ocr_par' dir='ltr' id='par_1_47' title="bbox 1544 6751 2499 7002">
     <span class='ocr_line' id='line_1_116' title="bbox 1616 6751 2499 6822; baseline -0.002 -14"><span class='ocrx_word' id='word_1_904' title='bbox 1616 6751 1638 6784; x_wconf 80' lang='lat'>¹⁴</span> <span class='ocrx_word' id='word_1_905' title='bbox 1657 6755 1707 6808; x_wconf 86' lang='lat' dir='ltr'>Cir.</span> <span class='ocrx_word' id='word_1_906' title='bbox 1727 6757 1764 6809; x_wconf 90' lang='lat' dir='ltr'>iil.</span> <span class='ocrx_word' id='word_1_907' title='bbox 1785 6757 1856 6808; x_wconf 87' lang='lat' dir='ltr'>Seni.</span> <span class='ocrx_word' id='word_1_908' title='bbox 1873 6757 1899 6808; x_wconf 91' lang='lat' dir='ltr'>d.</span> <span class='ocrx_word' id='word_1_909' title='bbox 1919 6757 1962 6808; x_wconf 87' lang='grc'>32.</span> <span class='ocrx_word' id='word_1_910' title='bbox 1981 6771 2007 6822; x_wconf 92' lang='lat' dir='ltr'>q.</span> <span class='ocrx_word' id='word_1_911' title='bbox 2027 6757 2056 6820; x_wconf 89' lang='grc'>6,</span> <span class='ocrx_word' id='word_1_912' title='bbox 2076 6757 2121 6810; x_wconf 90' lang='lat' dir='ltr'>uhi</span> <span class='ocrx_word' id='word_1_913' title='bbox 2141 6757 2169 6808; x_wconf 89' lang='lat' dir='ltr'>in</span> <span class='ocrx_word' id='word_1_914' title='bbox 2192 6769 2266 6822; x_wconf 88' lang='lat' dir='ltr'>corp.</span> <span class='ocrx_word' id='word_1_915' title='bbox 2292 6757 2383 6822; x_wconf 88' lang='lat' dir='ltr'>triplex</span> <span class='ocrx_word' id='word_1_916' title='bbox 2404 6757 2499 6808; x_wconf 85' lang='lat' dir='ltr'>modus</span> 
     </span>
     <span class='ocr_line' id='line_1_117' title="bbox 1545 6833 2498 6910; baseline 0.004 -18"><span class='ocrx_word' id='word_1_917' title='bbox 1545 6833 1666 6894; x_wconf 89' lang='lat' dir='ltr'>solvendi</span> <span class='ocrx_word' id='word_1_918' title='bbox 1689 6845 1757 6896; x_wconf 84' lang='lat' dir='ltr'>banc</span> <span class='ocrx_word' id='word_1_919' title='bbox 1784 6843 1965 6910; x_wconf 86' lang='lat' dir='ltr'>quaestionem</span> <span class='ocrx_word' id='word_1_920' title='bbox 1983 6847 2097 6898; x_wconf 84' lang='grc'><strong>44444444.</strong></span> <span class='ocrx_word' id='word_1_921' title='bbox 2114 6873 2150 6886; x_wconf 86' lang='lat'><em>-</em></span> <span class='ocrx_word' id='word_1_922' title='bbox 2170 6845 2295 6910; x_wconf 86' lang='lat' dir='ltr'>Superius</span> <span class='ocrx_word' id='word_1_923' title='bbox 2313 6843 2424 6898; x_wconf 83' lang='lat' dir='ltr'>uocibus</span> <span class='ocrx_word' id='word_1_924' title='bbox 2442 6857 2498 6896; x_wconf 84' lang='lat' dir='ltr'>rna·</span> 
     </span>
     <span class='ocr_line' id='line_1_118' title="bbox 1544 6919 2485 7002; baseline 0.002 -20"><span class='ocrx_word' id='word_1_925' title='bbox 1544 6927 1629 6982; x_wconf 86' lang='lat' dir='ltr'>iorcra</span> <span class='ocrx_word' id='word_1_926' title='bbox 1649 6931 1838 6988; x_wconf 79' lang='lat' dir='ltr'>redibitionem</span> <span class='ocrx_word' id='word_1_927' title='bbox 1857 6933 1899 6986; x_wconf 93' lang='lat' dir='ltr'>ed.</span> <span class='ocrx_word' id='word_1_928' title='bbox 1918 6947 1978 6986; x_wconf 89' lang='lat' dir='ltr'>oum</span> <span class='ocrx_word' id='word_1_929' title='bbox 1997 6919 2113 6988; x_wconf 82' lang='lat' dir='ltr'>Gonane</span> <span class='ocrx_word' id='word_1_930' title='bbox 2131 6933 2262 6988; x_wconf 88' lang='lat' dir='ltr'>interserit</span> <span class='ocrx_word' id='word_1_931' title='bbox 2280 6929 2485 7002; x_wconf 83' lang='lat' dir='ltr'>familiaritatis.</span> 
     </span>
    </p>
   </div>
   <div class='ocr_carea' id='block_1_27' title="bbox 0 0 2954 8262">
    <p class='ocr_par' dir='ltr' id='par_1_48' title="bbox 0 0 2954 8262">
     <span class='ocr_line' id='line_1_119' title="bbox 0 0 2954 8262; baseline 0 0"><span class='ocrx_word' id='word_1_932' title='bbox 0 0 2954 8262; x_wconf 95' lang='lat' dir='ltr'> </span> 
     </span>
    </p>
   </div>
  </div>
 </body>
</html>
