5908 8266
700 687 763 754 tlt

696 865 783 930 ducit
818 865 926 928 ventos
957 859 995 926 de
1027 857 1184 926 thesauris
1216 855 1281 924 suis
1295 879 1328 934 »ς
1351 855 1425 922 item
1461 853 1492 920 in
1517 855 1653 922 Psalmo:

690 969 764 1036 «ln
787 967 902 1052 spiritu
922 963 1099 1036 vehementi
1123 967 1266 1030 conteres
1280 979 1377 1028 naves
1392 961 1521 1028 Tharsis
1532 985 1563 1042 »3
1580 961 1654 1028 item

695 1075 748 1140 lob
773 1071 893 1156 primo:
920 1069 1072 1136 «Ventus
1100 1069 1271 1136 vehemens
1292 1067 1389 1134 irruit
1410 1087 1429 1132 a
1454 1069 1580 1154 regione
1601 1067 1655 1134 de-

698 1177 773 1246 serti
788 1205 819 1242 ».
845 1177 899 1244 Hie
919 1183 968 1244 est
995 1203 1011 1236 «
1027 1175 1157 1260 spiritus
1191 1161 1401 1258 procellarum
1418 1201 1449 1256 s,
1472 1175 1599 1262 dequo
1623 1175 1655 1240 in

698 1285 827 1352 Psalmo.
851 1283 894 1348 Et
915 1289 1096 1370 tanquam·
1120 1287 1281 1368 tanquam
1304 1287 1350 1348 est
1367 1283 1588 1366 expressivum
1604 1301 1654 1348 oe-

698 1387 829 1468 ritatis,
851 1405 914 1454 non
945 1393 1019 1452 nota
1049 1385 1278 1472 similitudinis;
1303 1387 1399 1452 tardo
1427 1387 1529 1466 uenti,
1554 1387 1655 1452 idest

697 1493 852 1578 impulsus
887 1491 1077 1576 compositus
1112 1509 1153 1558 ex
1189 1493 1353 1558 contrariis
1388 1493 1499 1560 ventis
1523 1491 1654 1576 pulvere

598 1617 677 1662 atrro.
698 1597 821 1678 mixtis,
843 1593 1040 1664 atalantam
1064 1593 1122 1666 etc.
1139 1597 1212 1664 Vel:
1227 1597 1371 1684 spiritns
1391 1605 1493 1684 potest
1508 1597 1569 1664 diei
1585 1615 1654 1664 sen-

698 1699 793 1772 tentia¹
827 1703 956 1784 iudicis,
993 1703 1164 1772 secundum
1200 1705 1278 1772 illud
1313 1705 1407 1774 Isaiae
1442 1703 1607 1770 undecimo
1622 1705 1653 1766 ¹:

608 1817 610 1826 ·
703 1811 852 1896 «Spiritu
883 1809 947 1878 oris
977 1811 1024 1878 sui
1049 1811 1215 1880 interliciat
1250 1813 1380 1900 impium
1398 1837 1428 1876 s.
1454 1811 1491 1878 Et
1526 1813 1600 1876 tunc
1624 1807 1654 1894 ly

698 1923 858 2006 tauquam
882 1923 954 1984 nota
989 1927 1035 1986 est
1069 1917 1315 1998 similitudinis,
1339 1937 1402 1986 non
1435 1915 1655 2002 expressivum

696 2023 852 2104 veritatis,
879 2041 950 2090 cum
973 2025 1101 2092 dicitur:
1130 2027 1169 2090 lit
1191 2023 1353 2114 tanquam
1377 2023 1473 2090 turbo
1496 2021 1583 2086 uenti
1605 2017 1654 2086 di-

697 2129 783 2198 aidet
814 2149 884 2212 eoo,
914 2131 1032 2200 scilicet
1062 2131 1294 2210 abonis310b
1326 2129 1476 2216 vigesimo
1505 2127 1653 2212 septimo:

703 2239 834 2304 «Tollet
857 2257 930 2316 eum
953 2221 1066 2306 reatus
1088 2255 1202 2318 arens,
1226 2243 1259 2304 et
1280 2237 1369 2304 velut
1384 2235 1478 2302 turbo
1503 2233 1603 2320 rapiet
1619 2231 1673 2300 de¹

603 2397 606 2404 .
699 2345 768 2412 loon
789 2363 847 2412 suo
864 2369 894 2426 »3
918 2345 1013 2412 Isaiae
1047 2345 1175 2410 ultimo:
1204 2371 1219 2402 «
1238 2337 1336 2424 Ecce,
1355 2343 1507 2440 Dominus
1530 2341 1563 2408 in
1585 2341 1656 2426 igne

574 2467 686 2522 tuarum.
699 2451 813 2530 veniet,
836 2457 869 2518 et
891 2451 981 2536 quasi
1005 2451 1098 2518 turbo
1123 2449 1293 2534 quadrigae
1314 2449 1383 2516 eius
1400 2475 1430 2514 a.
1455 2449 1497 2514 Εῖ
1518 2447 1565 2512 ad
1590 2465 1657 2512 ere-

699 2575 812 2636 mum,
835 2557 868 2622 id
890 2563 937 2624 est
959 2557 1065 2622 locum
1094 2555 1278 2620 horribilem
1304 2559 1335 2620 et
1358 2553 1496 2620 sterilem
1519 2557 1551 2618 et
1572 2551 1656 2618 omni

699 2663 782 2730 bono
806 2667 978 2740 carentem;
1002 2659 1041 2726 de
1065 2661 1118 2726 tali
1140 2659 1208 2724 loco
1240 2657 1473 2724 Deuteronomii
1491 2657 1658 2742 'trigesimo

700 2767 879 2836 secundo²z
909 2793 925 2826 «
940 2767 973 2832 ln
997 2767 1064 2832 loeo
1085 2763 1230 2832 horroris
1252 2769 1283 2830 et
1307 2769 1412 2830 vastae
1434 2763 1656 2830 solitudinis».

1378 675 1571 746 colluthi.
1595 679 1633 746 IN
1656 677 1872 744 Stethhrltll
1896 675 1926 742 C.
1953 675 2001 742 Vl.

1721 853 1855 920 Omnem
1880 861 2025 930 terram,
2051 851 2151 920 idest
2175 857 2331 932 terrenos,
2343 853 2502 938 pertineat
2516 855 2676 944 iniqnitas
2745 877 2746 880 ¹

1718 959 1869 1038 illorum,
1894 955 1926 1022 id
1949 960 2013 1036 est,
2036 957 2164 1042 propria
2199 957 2365 1044 iniquitas,
2393 977 2456 1026 non
2486 959 2585 1028 aliena
2616 961 2678 1030 erit

1717 1083 1830 1144 causa,
1845 1081 1946 1150 quare
1960 1061 2034 1128 illuc
2051 1065 2281 1148 perducentur,
2299 1063 2471 1132 secundum
2488 1065 2566 1132 illud
2580 1065 2676 1132 isaiae

1716 1165 1995 1258 quinquagesimo:
2023 1193 2039 1226 r
2055 1169 2216 1238 ambulate
2232 1171 2265 1236 in
2280 1171 2435 1252 flammis,
2450 1189 2529 1256 quas
2545 1189 2676 1240 succen-

1717 1277 1807 1342 distis
1829 1273 1917 1342 vobis
1933 1299 1962 1338 ».
1988 1274 2043 1340 Vel
2069 1277 2241 1342 secundum
2271 1279 2364 1344 aliam
2387 1277 2522 1344 litteram
2536 1279 2567 1344 ³:
2599 1277 2676 1342 Ter-
2693 1291 2743 1336 tna
2756 1291 2828 1336 tectio·

1718 1403 1797 1450 ram
1821 1379 2010 1468 iniqnitatis
2031 1399 2147 1448 eoram
2170 1383 2262 1464 dicit,
2287 1385 2362 1470 quia
2395 1383 2568 1452 secundum
2591 1385 2675 1452 Psal-

1718 1507 1824 1554 mum:
1854 1513 1871 1546 «
1887 1485 1968 1570 ignis
1991 1491 2063 1554 ante
2084 1489 2190 1572 ipsum
2225 1489 2360 1558 iudicem
2384 1489 2550 1576 praecedet
2564 1519 2595 1570 v,
2620 1491 2675 1576 qui
2738 1477 2744 1498 '

1718 1593 1917 1678 superficiem
1942 1597 2061 1672 terrae,
2084 1593 2118 1660 in
2141 1613 2203 1678 qua
2227 1595 2325 1664 laetae
2340 1603 2415 1664 sunt
2429 1597 2610 1684 iniquitates
2624 1613 2676 1662 eo-

1718 1717 1809 1780 rum,
1831 1703 1947 1766 exuret
1970 1703 2003 1764 et
2023 1697 2142 1762 aridam
2160 1699 2276 1768 reddet.
2295 1703 2334 1768 Et
2351 1705 2544 1792 mnliqnitas
2552 1737 2563 1784 ,
2579 1719 2676 1788 quarn

1718 1809 1950 1884 exercuerunt,
1975 1821 2057 1890 quae
2078 1809 2168 1871 sonat
2190 1805 2222 1870 in
2242 1807 2397 1902 ι(ῖθῖθῖῖθες
2424 1809 2603 1888 θυθνῖθῖ,ῖε1
2618 1813 2676 1888 θεῖ,

1719 1931 1814 1980 carisa
1835 1911 1896 1978 erit
1919 1909 2095 1998 evertendi,
2120 1909 2208 1976 sedes
2229 1913 2427 1996 potentiam,
2450 1915 2546 1980 idest
2568 1933 2676 2000 regna,

1718 2019 1860 2086 civitates
1882 2025 1913 2086 et
1937 2023 2055 2098 castra,
2078 2023 2185 2084 turres
2207 2023 2240 2082 et
2261 2017 2447 2098 tribunalia3
2472 2019 2676 2088 Ecclesiastioi

1718 2125 1876 2194 decimo4:
1893 2149 1910 2184 r
1924 2125 2015 2192 Sedes
2027 2125 2144 2192 ducum
2157 2123 2368 2208 superborum
2379 2125 2631 2194 destruxitDeus
2643 2153 2674 2192 ».
2754 2197 2757 2204 χ

1809 2233 1903 2300 Aliter
1928 2231 2058 2318 exponit
2079 2229 2211 2298 Glossa5
2237 2231 2467 2316 praecedentia,
2492 2233 2609 2300 scilicet
2637 2233 2676 2300 de
2690 2241 2829 2342 quogqqqa

1721 2339 1877 2426 praesenti
1900 2337 2132 2424 expugnatione
2161 2337 2328 2422 impiorum
2354 2335 2525 2404 infidelium
2549 2343 2579 2404 et
2603 2339 2677 2404 hae·
2735 2309 2746 2350 ἔ
2807 2327 2813 2338 ’

1721 2445 1892 2512 reticorum
1927 2461 1983 2528 per
2015 2443 2178 2512 Christum
2199 2449 2232 2512 et
2252 2443 2438 2512 Ecclesiam:
2464 2443 2677 2512 coruscatione

1705 2549 1985 2632 ¹ntiracnlornm,
2008 2551 2160 2634 grandine
2176 2551 2459 2638 increpationum,
2477 2549 2676 2616 mundatione

1723 2653 1994 2734 tribulationum,
2018 2655 2144 2722 turbine
2164 2657 2444 2742 persecutionum,
2474 2657 2676 2724 subversione

1724 2765 1754 2850 et
1775 2761 1931 2826 ablatione
1949 2779 2196 2846 possessorum,
2222 2761 2421 2846 depressione
2441 2763 2630 2850 potentium.
2684 2755 2686 2760 ’

1560 3039 1743 3106 Cnrrrutuu
1769 3039 1817 3106 Vl.

702 3389 708 3394 ,
790 3319 889 3408 (Vers.
920 3317 971 3402 l.).
995 3317 1110 3384 lllelior
1131 3323 1179 3382 est
1199 3313 1390 3402 anaientin6
1416 3322 1490 3394 eto,
1506 3317 1596 3402 quasi
1613 3317 1659 3382 di-‘

568 3441 681 3498 aurarum.
699 3429 765 3490 cat:
798 3443 839 3490 ex
870 3435 934 3508 quo
956 3425 1001 3492 sic
1023 3427 1199 3490 tractantur
1227 3429 1370 3508 potentes
1401 3423 1566 3502 insensati,
1594 3441 1659 3488 nte·

699 3531 762 3598 lior
787 3537 851 3610 θεῖ,
875 3531 906 3596 id
929 3535 977 3598 est
998 3529 1123 3610 utilior,
1139 3529 1324 3614 sapientia,
1349 3529 1386 3596 tle
1411 3517 1538 3610 divinis,
1561 3547 1658 3614 quae,

699 3637 874 3704 secundum
898 3637 1079 3716 Glossaml,
1103 3653 1257 3720 «semper
1281 3635 1418 3700 aninum
1434 3635 1513 3702 bene
1531 3635 1611 3720 regit
1626 3659 1658 3716 »3

700 3761 804 3830 qnam
830 3743 918 3808 eires
947 3741 1106 3826 corporis,
1130 3759 1212 3826 quae
1235 3759 1327 3826 saepe
1359 3741 1391 3808 in
1422 3745 1549 3826 peccata
1568 3757 1660 3832 prae-

700 3847 843 3934 cipitaot;
867 3847 1067 3916 Ecclesiastae
1091 3865 1190 3914 nono:
1213 3847 1393 3914 «Dicebam
1409 3865 1480 3932 ego,
1496 3847 1660 3912 meliorem

699 3971 767 4020 esse
799 3953 981 4038 sapientiam
998 3951 1194 4018 xfortitudine
1211 3979 1240 4016 ».
1274 3955 1314 4018 ht
1345 3951 1399 4018 eir
1427 3951 1596 4036 praeiens,
1627 3949 1659 4016 in

698 4059 797 4126 rebus
827 4059 992 4138 humanis,
1024 4053 1194 4126 secunaum
1228 4049 1412 4138 Glossamss,
1442 4075 1504 4124 nou
1538 4063 1660 4122 tantum

699 4165 841 4250 eloquio;
872 4165 983 4252 magis
1013 4183 1115 4252 qnam
1146 4159 1263 4246 fortis,-
1291 4163 1416 4228 Glossa:
1445 4189 1460 4222 r
1478 4159 1658 4246 Corpore».

610 4275 612 4280 ’
697 4271 786 4336 Unde
807 4271 840 4336 in
863 4271 917 4336 tali
939 4269 1120 4336 tortitudine
1145 4285 1208 4334 non
1238 4259 1524 4354 est'gloriandum,
1548 4285 1660 4334 secun-

698 4375 775 4442 dum
807 4375 885 4442 illud
909 4375 1055 4444 Ieremiae
1079 4391 1176 4440 nono:
1208 4373 1305 4440 «Non
1333 4373 1485 4458 glorietur
1512 4373 1601 4438 tortis
1627 4371 1659 4438 in

698 4481 881 4548 tortitudine
905 4499 963 4548 sua
986 4507 1015 4546 ».

853 4697 933 4760 Pnns
958 4694 990 4761 ll.
1016 4695 1215 4776 Exnonrnrro
1238 4711 1289 4756 nnw
1304 4711 1504 4758 snrvnurmm.

789 4909 910 4976 Audite
932 4927 1026 4994 erqo,
1049 4925 1142 4994 reqes
1165 4911 1223 4972 etc.
1248 4907 1416 4990 Postquam
1433 4905 1555 4972 monuit
1572 4905 1658 4990 prin-

536 5031 685 5096 Divisianin·
699 5017 783 5102 cipes
806 5023 837 5082 et
859 5021 1000 5100 potentes
1024 5013 1062 5080 ad,
1085 5011 1251 5092 iustitiam,
1268 5011 1320 5080 hic
1336 5011 1445 5098 incipit
1461 5029 1515 5080 eos
1530 5029 1658 5080 monere

548 5087 659 5184 tillidi
672 5085 684 5128 ³
699 5123 738 5196 ad
761 5121 963 5206 sapientiam
983 5117 1202 5206 inquirendam
1226 5123 1258 5184 et
1292 5117 1476 5198 amandam,
1502 5123 1533 5184 et
1555 5119 1659 5204 primo

701 5227 821 5294 ratione
845 5233 949 5318 sumta
964 5223 1165 5316 experiente
1190 5221 1290 5312 officii
1312 5225 1469 5308 ipsorum,
1490 5243 1570 5308 quos
1593 5243 1658 5290 mo

699 5339 769 5414 net;
794 5331 948 5412 secundo,
971 5317 1092 5414 ratione
1124 5337 1227 5398 sumta
1250 5331 1290 5396 ab
1325 5329 1469 5416 exemplo
1500 5331 1573 5398 eins
1603 5331 1659 5416 qui

699 5445 822 5518 monet,
839 5439 957 5506 scilicet
971 5439 1107 5524 capitulo
1124 5437 1273 5522 septimo;
1290 5437 1398 5518 tertio,
1415 5437 1537 5506 ratione
1554 5443 1658 5506 sumta

701 5545 855 5614 anrnltis
879 5545 1040 5632 benefieiis
1062 5545 1264 5630 sapientiae,
1287 5545 1326 5612 ad
1347 5563 1444 5630 quam
1460 5533 1583 5626 monet,
1599 5545 1658 5614 sci-

702 5653 774 5718 licet
795 5669 814 5716 a
836 5651 957 5718 decimo
979 5651 1115 5736 capitulo
1140 5667 1240 5736 usque
1265 5651 1295 5716 in
1320 5651 1423 5716 linem.
1497 5739 1498 5742 Ἴ

773 6025 876 6114 ¹Vers
897 6061 927 6112 l:
948 6061 1044 6124 Spiritu
1072 6059 1202 6112 labiorum
1230 6071 1339 6112 suorum
1369 6059 1504 6112 interficiet
1530 6065 1579 6112 ete.
1607 6061 1658 6114 Clr.

701 6151 728 6204 ll.
748 6151 839 6202 Thess.
859 6149 889 6214 2,
908 6149 940 6200 8:
953 6147 1089 6200 lnterlieiet
1101 6145 1195 6214 spiritu
1208 6145 1261 6198 oris
1273 6145 1323 6198 sui
1336 6173 1372 6184 -
1385 6147 1536 6214 Sequuntur
1550 6145 1594 6200 lob
1611 6147 1658 6214 27,
1702 6175 1707 6184 ·

702 6239 751 6302 91,
770 6233 816 6288 uhi
835 6235 948 6300 Vulgata
965 6239 1025 6298 post
1043 6249 1126 6290 arens
1145 6233 1219 6286 addit
1238 6235 1264 6286 et
1280 6231 1392 6302 enimet,
1408 6239 1436 6286 et
1448 6231 1608 6302 postrmpiet
1619 6247 1658 6286 re-

701 6329 862 6394 petitorem·
881 6325 938 6378 lsai.
956 6325 1005 6388 66,
1025 6325 1068 6378 lb.
1088 6351 1122 6362 —-
1140 6325 1166 6374 ln
1186 6323 1274 6388 lingua
1294 6323 1389 6376 Gallica
1408 6323 1515 6390 antiqua
1533 6337 1583 6388 pro
1602 6321 1659 6374 arti·

701 6417 760 6468 culo
785 6415 810 6468 le
833 6415 858 6466 tn
884 6429 933 6466 usu
952 6417 1008 6466 erat
1029 6409 1057 6480 lq
1081 6413 1124 6464 rel
1148 6409 1185 6478 li,·
1210 6415 1351 6476 usurpatur
1376 6425 1425 6476 pro
1449 6407 1488 6464 τὸ.
1514 6409 1564 6464 Cir.
1589 6409 1659 6462 Alex.

701 6505 771 6566 Hah,
790 6505 816 6556 S.
834 6517 862 6568 p.
881 6505 898 6556 l.
917 6505 942 6556 9.
962 6501 1005 6556 le.
1023 6515 1059 6554 rn.
1079 6503 1102 6552 3.

772 6589 783 6620 ²
803 6595 878 6646 vers.
896 6595 940 6646 ro.
957 6581 993 6634 ’-
1012 6595 1074 6660 seq.
1091 6593 1164 6646 rocus
1189 6597 1227 6644 esa
1252 6593 1309 6646 vsu.
1334 6593 1383 6660 ao,
1403 6593 1451 6646 vvr:
1471 6589 1611 6644 annulae
1635 6589 1660 6640 n

701 6679 800 6730 lumine
818 6681 886 6744 ignis
904 6681 985 6736 vestri
1004 6687 1029 6734 et
1047 6681 1073 6734 in
1092 6679 1220 6744 flammis,
1239 6695 1306 6748 quas
1325 6681 1506 6736 succendistis

773 6763 784 6796 ⁸
805 6771 877 6834 Quae
894 6769 1030 6824 exhibetur
1049 6771 1127 6824 etiam
1146 6785 1161 6822 a
1181 6771 1253 6824 card.
1270 6771 1383 6836 Hugone
1400 6787 1416 6824 a
1436 6775 1461 6824 S.
1481 6771 1565 6826 Charo
1593 6775 1619 6822 ct
1645 6781 1661 6820 a

703 6855 805 6918 L'yrano
823 6857 850 6906 tn
870 6859 998 6922 margine.
1014 6887 1051 6898 -
1070 6859 1192 6926 Sequitur
1211 6861 1252 6912 Ps.
1271 6859 1320 6922 96,
1339 6859 1371 6928 3,
1385 6859 1429 6912 uhi
1442 6861 1555 6926 Vulgata
1568 6859 1662 6912 omittit

703 6939 827 6996 iadicem.

772 7023 785 7056 ⁴
804 7029 879 7082 Vens.
898 7031 941 7084 tv.

1832 3311 1936 3382 Primo
1960 3311 2057 3398 sumit
2080 3311 2235 3382 rationem
2258 3333 2294 3384 eu
2317 3313 2451 3404 periculo
2474 3307 2561 3384 officii

2097 3417 2300 3508 superiorum.

1714 3517 1718 3524 ι

1810 3633 1845 3700 ln
1867 3631 1971 3718 prima
1992 3633 2096 3718 primo
2125 3633 2225 3718 tangit
2255 3631 2481 3720 insipientiam
2513 3643 2676 3702 rectorum
2690 3649 2827 3748 quanqam

1718 3757 1861 3826 poenam
1896 3745 1926 3806 et
1962 3739 2170 3826 supplicium3
2208 3739 2345 3808 secundo
2375 3747 2520 3822 econtra,
2546 3741 2677 3826 snpien-
2723 3715 2781 3748 mam
2796 3717 2829 3748 'a'

1724 3845 1806 3912 tiam
1829 3851 1996 3912 rectorum
2017 3847 2225 3930 praemium:
2249 3847 2304 3912 Ad
2319 3865 2376 3914 cos
2393 3867 2486 3934 erqo;
2504 3847 2598 3936 tertio¹
2611 3865 2676 3914 mo*

1723 3951 1791 4018 net'
1809 3959 1962 4036 utrosque
1995 3953 2224 4038 concupiscere
2257 3953 2478 4038 sapientiam:
2517 3955 2677 4046 Concupi-

1722 4057 1800 4126 seite
1823 4063 1899 4138 etc.;
1931 4064 2045 4142 quarto
2078 4057 2248 4144 promittit,
2273 4079 2305 4126 ce
2337 4059 2450 4126 docere
2471 4059 2572 4128 enm:
2591 4061 2678 4144 Quiri

1723 4171 1769 4228 θεῖ
1792 4163 1903 4228 aretem
1924 4161 2099 4248 snpientia.

1811 4375 1948 4454 Primo,
1972 4375 2010 4442 tie
2032 4395 2139 4462 poena
2161 4377 2390 4462 insipientiam
2411 4387 2587 4448 rectorum.

1786 4605 1787 4608 ¹
1811 4587 1845 4652 ln
1867 4587 1969 4672 prima
1991 4589 2094 4672 primo
2117 4589 2235 4674 petita
2261 4591 2436 4660 rectoribus
2452 4593 2678 4672 audientiam;

1723 4697 1859 4762 secundo
1888 4693 1992 4760 subdit
2025 4695 2186 4762 narliendi
2211 4715 2370 4762 cansam:
2403 4699 2569 4780 anreinm
2596 4701 2679 4768 datu

1722 4809 1768 4868 est
1790 4807 1848 4868 ete.
2468 4805 2469 4808 ’

1811 4909 1911 4994 (lens.
1937 4911 1966 4974 9.
1992 4907 2046 4992 3.).
2072 4907 2194 4972 dedite
2216 4927 2292 4996 erqo
2317 4909 2386 4990 etc,
2410 4913 2501 4996 quasi
2522 4913 2619 4980 dicat:
2636 4931 2677 4978 ex
2693 4925 2816 4988 transitor

1722 5033 1785 5100 qno
1808 5015 1850 5080 ita
1874 5017 1920 5080 est
1946 5013 2030 5084 utilis
2054 5013 2217 5098 sapientia,
2243 5017 2354 5082 audite
2378 5037 2470 5104 erqo,
2494 5021 2604 5087 auditu
2621 5037 2676 5086 ex·
2695 4981 2805 5076 rriffiffl's'

1722 5121 1849 5202 teriori,
1871 5139 1982 5206 reqem
2015 5119 2121 5188 Glossa
2134 5121 2163 5186 ⁹:
2199 5147 2214 5180 «
2229 5123 2360 5190 Praelati
2378 5149 2406 5204 »;
2432 5135 2460 5192 et
2492 5127 2674 5212 intelligite,

1721 5227 1832 5294 auditu
1853 5227 2019 5316 interiori;¹
2036 5227 2278 5296 proverbiorum
2303 5229 2422 5316 primo:
2453 5259 2467 5290 «
2480 5233 2614 5302 Audiens
2630 5251 2679 5300 sa·-

1721 5335 1810 5418 piens
1826 5333 1994 5428 sapientior
2011 5333 2084 5414 erit,
2100 5341 2133 5400 et
2147 5333 2322 5422 intelligens
2343 5339 2558 5422 gubernacula
2579 5341 2679 5424 possi-

1721 5439 1805 5518 debit
1823 5465 1851 5520 1›;
1877 5439 2021 5506 llatthaei
2057 5439 2176 5506 decimo
2211 5441 2321 5508 tertio:
2350 5445 2442 5526 «Qui
2465 5443 2562 5512 habet
2582 5463 2679 5512 aures

1720 5545 1866 5612 audiendi
1889 5545 1995 5612 audiat
2011 5573 2040 5610 a.
2061 5545 2196 5626 Discite,
2212 5545 2337 5614 indices
2358 5547 2479 5634 finium
2504 5557 2630 5632 terrae,
2646 5551 2694 5640 id

1720 5657 1768 5720 est
1790 5657 1949 5718 terrarum
1976 5651 2196 5718 distinctarum
2225 5671 2281 5720 seu
2309 5653 2553 5738 provinciarum.
2577 5659 2678 5746 Reqes

1793 6055 1805 6088 ⁵
1824 6059 1924 6112 Scilicet
1942 6063 1994 6112 tam
2014 6059 2154 6116 ordinaria
2174 6077 2254 6130 qnam
2273 6063 2454 6122 interlinearis
2473 6083 2503 6122 ev
2520 6037 2638 6124 Rabona.

1793 6145 1805 6176 Β
1823 6149 1871 6200 llic
1889 6163 1995 6216 versus,
2014 6151 2060 6216 qui
2078 6157 2118 6204 est
2135 6151 2238 6206 initium
2257 6157 2362 6220 capituli
2381 6157 2425 6208 Vl.
2450 6159 2595 6212 secundum
2618 6159 2679 6210 Vul-
2701 6137 2704 6148 Ὦ

1724 6241 1826 6300 getam,
1845 6237 1919 6290 deest
1937 6237 1962 6290 in
1982 6241 2103 6292 versione
2122 6243 2285 6308 septuaginta
2305 6245 2490 6310 interpretum,
2507 6247 2535 6298 in
2552 6253 2620 6298 textu
2634 6245 2680 6312 Sy·

1722 6325 1793 6378 riaco
1812 6331 1836 6378 et
1855 6325 1955 6394 Arabo;
1975 6329 2080 6392 ponitur
2105 6333 2192 6382 autem
2217 6331 2247 6382 in
2270 6333 2328 6386 Vat.
2355 6339 2382 6384 ut
2406 6333 2511 6388 ultimas
2534 6333 2679 6390 versiculus

1724 6415 1828 6480 capituli
1847 6417 1881 6470 V.

1687 6511 1689 6514 ·
1796 6499 1806 6532 ²
1824 6505 1925 6570 Nempe
1945 6505 2158 6574 interlinearem,
2179 6523 2208 6562 ex
2228 6505 2344 6563 Rabano.
2363 6509 2413 6564 Ch.
2432 6525 2511 6576 snpra
2531 6525 2593 6574 pag.
2612 6511 2678 6578 tos,

1723 6597 1784 6644 nola
1802 6593 1828 6646 7.
1846 6621 1881 6634 -
1900 6595 2022 6662 Sequitur
2041 6597 2124 6650 Eccle.
2141 6599 2173 6664 9,
2194 6599 2236 6650 t6.

1781 6677 1806 6710 ·⁸
1824 6681 1928 6736 Scilicet
1944 6681 2162 6740 interlinearem:
2181 6685 2217 6740 Et
2234 6685 2275 6740 eir
2291 6685 2428 6754 prudens,
2455 6685 2557 6754 animo,
2582 6685 2678 6742 melior

1725 6781 1807 6836 quarn
1825 6769 1919 6838 fortis,
1938 6785 2062 6838 corpore;
2081 6775 2220 6838 prudentia
2239 6775 2327 6840 dirigit
2341 6789 2446 6840 gressus
2460 6775 2571 6828 hominis
2586 6775 2679 6846 (Raba-

1724 6857 1794 6924 nus).
1812 6887 1848 6898 -
1867 6861 1989 6928 Sequitur
2006 6863 2054 6914 ler.
2072 6863 2105 6928 9,
2124 6863 2168 6916 93.
2754 6931 2760 6938 ,

1796 6943 1806 6976 ⁹
1823 6949 1924 7012 Nempe
1941 6945 2130 7006 interlinearis.
2144 6983 2180 6992 —
2198 6955 2348 7018 Sequuntur
2365 6953 2440 7006 Pver.
2463 6955 2486 7022 l,
2504 6955 2531 7008 5.
2549 6961 2573 7008 θῖ
2593 6955 2678 7008 hlatth.

1726 7035 1772 7102 ts,
1792 7037 1818 7090 e.
2179 7061 2180 7066 =
