5908 8266
556 591 620 656 564

646 767 674 834 a.
701 767 863 846 Accion,
890 769 1006 854 lnquit,
1030 787 1139 834 vocem
1155 767 1236 834 riui
1256 767 1323 834 oei.
1348 743 1513 846 ccciiii,

352 925 354 932 ,
410 887 494 984 ogig
504 887 532 950 ad
556 873 702 958 inquam,
725 875 765 942 ad
788 875 1048 962 intelligendum,
1074 875 1112 938 ad
1137 875 1354 952 credendum,
1380 871 1418 938 ad
1442 871 1524 938 ode·

408 953 535 1036 ν’νῗῗιίιῖῗῖ
553 979 720 1046 (limitum.
746 979 794 1046 Sic
818 979 900 1046 enim
933 987 981 1046 est
1004 979 1196 1046 audiendum
1227 979 1378 1058 verbum,
1402 987 1438 1044 ut
1461 979 1512 1044 iu-

554 1085 759 1172 telligontuc,
794 1085 969 1152 secondum
1006 1085 1090 1170 quod
1124 1085 1239 1152 dicitnr
1276 1085 1307 1150 in
1343 1085 1464 1152 Psalmo
1481 1087 1511 1150 ¹:

559 1217 576 1250 c
591 1191 685 1270 audi,
710 1191 786 1270 iilia,
812 1199 843 1258 et
866 1191 936 1258 vide
952 1205 982 1268 i,
1001 1191 1031 1256 id
1055 1195 1119 1270 est,
1145 1191 1295 1276 intellige,
1319 1215 1334 1248 (ι
1349 1199 1382 1256 et
1397 1191 1512 1256 inclina

403 1309 531 1356 seeundum·
552 1317 663 1364 aurem
688 1305 773 1364 tuam
790 1325 805 1358 ί)
835 1303 961 1364 ete-
982 1297 1031 1364 Sin
1054 1297 1148 1364 etiam
1171 1297 1362 1364 audiendum
1387 1303 1451 1376 est,
1474 1303 1512 1362 nt

553 1405 748 1480 credemus,-
772 1405 893 1472 loannis
911 1403 1039 1490 quinto:
1071 1429 1086 1460 α
1098 1403 1158 1488 Qui
1175 1403 1310 1470 verbnm
1334 1421 1437 1470 nrenm
1454 1421 1511 1468 au-

430 1521 533 1566 tentum·
551 1511 597 1576 dit
612 1517 645 1578 et
659 1509 758 1578 credit
773 1511 804 1576 in
821 1529 871 1578 me
895 1511 989 1578 babet
1005 1509 1099 1574 ritam
1116 1517 1276 1576 aeternam
1288 1535 1320 1574 a.
1333 1547 1377 1556 -
1390 1509 1438 1574 sin
1454 1527 1510 1574 au-

551 1617 701 1682 diendum
722 1623 787 1694 est,
812 1619 848 1682 ul
863 1615 1066 1682 obedimuua.
1083 1613 1200 1682 Taliter
1219 1613 1367 1682 audiebat
1385 1613 1423 1680 de
1447 1631 1510 1698 qno

551 1723 666 1790 dicitnr
683 1721 714 1788 in
731 1723 870 1790 Psalmo:
900 1749 915 1780 n
933 1723 964 1786 ln
981 1721 1101 1788 auditu
1119 1721 1206 1788 auris
1226 1721 1365 1788 obedivit
1388 1719 1464 1786 mibi
1477 1745 1508 1784 a.

554 1813 592 1876 έ-
606 1829 736 1912 Propter
749 1829 826 1894 baec
843 1829 902 1892 tria
913 1827 1029 1894 dicitnr
1041 1825 1240 1912 Apocalypsis
1253 1827 1402 1892 secundo:
1421 1853 1437 1884 «ι
1450 1825 1508 1910 Qui

555 1933 646 2000 babet
660 1933 756 2000 aures
779 1933 925 2018 audiendi
950 1933 1056 2000 audiat
1073 1961 1101 1998 l).
1150 1959 1151 1962 ¹

608 2041 612 2046 ’
640 2039 669 2104 d.
696 2039 798 2104 Primo
822 2039 913 2106 modo
937 2057 999 2104 non
1023 2039 1156 2104 andiunt
1181 2039 1233 2124 qui
1249 2039 1347 2102 verbo
1369 2037 1422 2102 Dei
1446 2055 1509 2102 non

304 2233 306 2246 1
388 2157 533 2256 ,tnggqg
553 2147 746 2222 intendunt;
776 2147 816 2214 de
846 2147 963 2232 quibus
996 2147 1026 2212 in
1059 2147 1180 2212 Psalmo
1197 2147 1224 2210 2:
1255 2171 1269 2204 (ι
1293 2147 1359 2212 Non
1389 2143 1509 2210 audivit

427 2225 689 2336 inmo-'populns
710 2269 801 2320 meus
826 2271 932 2318 vocem
956 2271 1076 2330 meam,
1099 2257 1131 2318 et
1159 2253 1253 2336 lsrael
1285 2271 1346 2318 non
1377 2249 1509 2340 intendit

425 2381 531 2430 siluno.
554 2359 630 2426 inibi
644 2385 674 2424 ».
693 2395 733 2408 -
760 2359 900 2426 Secundo
923 2357 1030 2438 niodo,
1064 2359 1118 2444 qui
1142 2359 1240 2426 verbo
1263 2359 1317 2426 Dei
1349 2375 1410 2422 non
1441 2375 1509 2422 cre-

553 2467 651 2544 rluut,
677 2465 714 2530 de
739 2465 855 2552 quibus
880 2465 974 2530 isaiae
998 2471 1106 2530 sento:
1137 2489 1152 2520 «
1170 2465 1310 2528 lincaeoa
1324 2481 1378 2528 cor
1400 2461 1507 2546 populi

508 2647 509 2650 Ἴ
554 2573 647 2638 lmins
671 2579 701 2636 et
724 2589 819 2638 aures
842 2573 910 2638 eius
935 2588 1087 2654 aggrava,
1113 2587 1151 2636 ne
1176 2569 1256 2636 torte
1278 2569 1382 2634 rideat
1409 2567 1509 2634 oeulis

552 2675 618 2744 suis
641 2681 672 2740 et
695 2675 827 2742 auribus
851 2675 916 2740 suis
940 2673 1047 2738 audiat
1067 2679 1098 2738 et
1121 2673 1214 2738 corde
1232 2691 1288 2738 sno
1313 2671 1510 2756 intelligat-et

451 2805 530 2850 rillio.
552 2789 764 2862 convertatur,
782 2787 813 2848 et
829 2799 936 2846 sanem
952 2797 1025 2846 enm
1038 2805 1068 2844 ».
1084 2815 1125 2826 —
1139 2777 1245 2844 Tertio
1259 2777 1352 2844 rctodo
1375 2795 1437 2842 non
1451 2795 1508 2842 au-

551 2891 657 2968 diunt,
683 2887 706 2954 si
733 2889 786 2972 qni
812 2889 917 2954 verbo
933 2885 989 2954 Dei
1010 2905 1073 2952 non
1099 2883 1270 2960 obedierim
1296 2885 1412 2950 similes
1436 2887 1509 2948 sunt

445 2983 446 2986 '
551 2997 607 3074 illi,
632 2995 669 3062 de
686 3013 750 3080 qno
772 2993 888 3062 dicitnr
905 2993 1004 3060 lacobi
1028 2991 1149 3078 primo:
1181 3019 1196 3050 «
1211 2993 1305 3074 Quia,
1322 2991 1347 3056 si
1366 2991 1437 3074 quis
1451 3009 1507 3056 au-

548 3101 630 3166 ditor
653 3107 700 3166 est
724 3101 812 3168 uerbi
836 3105 951 3164 elnon
977 3099 1089 3176 faetor,
1115 3097 1167 3164 bic
1190 3097 1425 3180 comparabitur
1439 3095 1507 3162 viro

549 3203 756 3272 rcornsideranti
780 3205 904 3272 vultum
929 3201 1100 3270 nativitatis
1124 3221 1198 3268 suae
1219 3201 1249 3266 in
1274 3201 1401 3286 speculo
1419 3223 1452 3278 »3
1478 3205 1509 3266 et

462 3353 463 3356 =
551 3313 663 3380 talibus
690 3311 807 3380 dicitur
830 3311 951 3378 loannis
975 3317 1098 3376 octavo:
1128 3335 1143 3368 «
1170 3311 1336 3392 Propterea
1361 3325 1416 3374 ros
1446 3327 1506 3374 non

398 3419 526 3484 nortiam,
548 3419 680 3498 auditis,
703 3419 777 3502 quia
794 3437 833 3484 ex
859 3419 923 3482 Deo
938 3437 1000 3484 non
1025 3417 1146 3484 estis».
1164 3453 1205 3464 -
1228 3415 1287 3482 Nos
1304 3433 1378 3500 ergo
1401 3413 1507 3480 andia-

550 3543 620 3590 mns
641 3543 750 3590 ‘nocem
779 3523 861 3590 Filii
885 3523 943 3588 ilci
968 3523 1007 3588 ad
1032 3521 1290 3608 intelligendu-ru,
1314 3521 1352 3584 ad
1376 3519 1506 3584 creden-

549 3631 628 3694 dum.
648 3635 681 3694 et
703 3629 742 3694 ad
765 3629 993 3708 obediendum,
1014 3633 1052 3694 ul
1074 3629 1175 3692 simus
1203 3653 1218 3684 (ι
1235 3625 1393 3692 auditores
1415 3615 1444 3692 et
1463 3625 1506 3690 fe-

549 3747 650 3804 ctores
668 3737 769 3818 verbi,
788 3755 849 3802 non
867 3737 1026 3802 auditores
1043 3739 1165 3800 tantum
1181 3757 1211 3812 »;
1229 3739 1259 3800 et
1275 3733 1318 3798 sic
1334 3731 1507 3818 poterimus

536 3845 653 3910 *rivere
677 3861 734 3928 per
761 3843 904 3910 verbum.

637 3953 667 4014 5.
692 3951 860 4034 Sequitur:
887 3951 928 4016 lii
948 3947 1008 4036 qui
1030 3947 1299 4012 uridicutnt'ueut.
1315 3983 1359 3992 -
1383 3945 1506 4022 Vivent,

384 4077 415 4120 ni
431 4079 528 4138 smqn-
551 4057 696 4142 inquam,
722 4073 777 4140 per
800 4055 897 4142 (idem
915 4053 1080 4130 cordolio,
1107 4069 1163 4136 per
1179 4071 1326 4118 uiatorem
1353 4049 1507 4116 liouilutir

412 4133 444 4172 ²⁰⁰
460 4137 507 4172 ‘m'
550 4169 579 4228 el
605 4181 659 4246 per
683 4181 784 4244 opero
807 4161 950 4242 uirtutis.
977 4161 1030 4226 llic
1054 4159 1135 4226 enim
1166 4163 1212 4252 est
1235 4157 1353 4242 triplex
1383 4157 1505 4222 vivendi

552 4269 661 4334 modus
685 4267 875 4352 spiritualis,
900 4275 936 4334 ut
961 4267 1104 4332 vivamus
1127 4283 1183 4348 per
1199 4265 1314 4348 sillem,
1334 4263 1505 4330 secundom

551 4375 633 4460 qnod
657 4373 772 4441 dicitur
797 4375 939 4440 Habacuc
972 4373 1156 4440 secumloss:
1187 4397 1201 4428 ν
1220 4373 1323 4444 iustus
1356 4389 1443 4436 triens
1476 4371 1506 4436 in

502 4513 503 4516 ¹
550 4481 817 4548 inebriarint».
834 4481 984 4546 Vivarnns
999 4481 1094 4546 etiarn
1112 4499 1167 4562 per
1180 4477 1371 4554 curilutenu
1387 4475 1506 4562 primae

547 4577 670 4654 loannis
694 4589 804 4654 tertio:
834 4589 1013 4666 «Sumne,
1046 4587 1194 4670 quoniam
1223 4583 1364 4652 translati
1398 4601 1506 4650 sumus

548 4687 597 4760 de
611 4699 711 4760 morte
734 4693 771 4760 ad
804 4693 917 4772 ritant,
942 4693 1092 4778 qnoniam
1115 4691 1274 4774 diligimus
1295 4691 1417 4756 iratres.
1446 4689 1504 4772 Qui

549 4801 633 4866 enini
657 4817 717 4864 non
742 4799 842 4884 diligit
865 4807 970 4866 manet
994 4799 1026 4862 in
1049 4805 1152 4864 morte
1170 4825 1199 4862 ».
1234 4797 1383 4862 Vivarnns
1413 4795 1504 4862 etiam

551 4925 605 4990 per
629 4925 730 4990 opero
746 4905 897 4982 uirlulir,
914 4895 1093 4988 dequibus
1110 4901 1351 4970 Prorernlonnn
1376 4907 1504 4988 qtmrto:

539 5039 570 5070 n
585 5013 654 5078 tlta
670 5013 758 5078 eninr
785 5019 858 5080 sunt
889 5005 1130 5078 inminentibus*
1145 5029 1180 5076 ea
1206 5033 1236 5088 »;
1261 5009 1429 5074 Ezechielis
1454 5009 1506 5074 de·
1547 5067 1549 5070 .

548 5117 631 5184 cirne
651 5123 777 5186 notaio:
806 5145 821 5176 ν
840 5119 868 5184 Si
904 5117 1000 5184 luerit
1025 5117 1072 5182 νίν
1091 5117 1208 5182 ›ioslns
1232 5105 1262 5180 et
1293 5115 1402 5182 lecerit
1425 5113 1505 5180 indi-
1596 5189 1599 5198 .

548 5225 630 5290 cium
656 5231 684 5290 et
710 5225 859 5292 iustitiam
876 5233 954 5304 etc.‘;
980 5225 1042 5290 rita
1066 5225 1150 5290 vivet
1166 5231 1196 5290 et
1220 5243 1282 5288 non
1305 5223 1503 5288 morietur».
1534 5221 1543 5286 3

397 5339 527 5390 retineam.
547 5363 592 5380 ἡ
615 5331 770 5398 Exeatnus
797 5349 871 5416 ergo
896 5331 933 5396 de
960 5337 1161 5396 tironumento
1192 5331 1319 5414 culpae,
1345 5333 1374 5394 et
1396 5327 1504 5394 'andia-

548 5455 617 5504 mus
641 5437 772 5504 uerbum
796 5439 973 5516 doctrinae,
997 5445 1036 5504 et
1051 5439 1194 5504 vivemus
1218 5435 1282 5502 rita
1304 5433 1458 5520 gratiae4.
1490 5469 1491 5472 =

778 5701 780 5706 .
920 5653 1063 5720 danninum
1085 5669 1126 5718 te.

634 5861 735 5946 (Vers.
764 5863 839 5944 tt).
867 5865 969 5940 Ecce,
988 5881 1096 5926 antuus
1118 5861 1231 5948 luctus
1255 5879 1296 5924 eu

381 6001 478 6046 Christos
494 6015 528 6046 so·

638 5959 663 6032 l'.
689 5969 781 6046 Notat,
805 5969 890 6054 equod
907 5967 1058 6052 quosdam
1076 5967 1197 6032 sanarit
1212 5965 1363 6032 Dominus
1380 5983 1502 6042 murco,

388 6055 695 6164 nimii-quosdam
716 6075 808 6140 cerlo
820 6073 996 6158 ,quosdam
1013 6079 1117 6140 autem
1135 6079 1219 6136 irritu
1239 6071 1314 6138 solo.
1334 6107 1375 6116 =—
1400 6071 1502 6134 l'uctu

1090 591 1344 660 centuriones
1369 593 1406 656 ΙΝ
1429 591 1594 658 ΙΟΑΝΝΕΜ
1619 593 1696 690 CdP.
1721 593 1757 656 V.
1781 591 1888 656 cont.
1910 591 2002 656 XXV.
2092 641 2093 644 ,

1577 767 1692 832 roanos
1714 767 1835 832 sanavit
1866 769 2043 850 leprosum3
2070 769 2169 834 Lucae
2188 767 2354 852 quator:
2385 797 2398 828 ί
2417 771 2531 836 Exten·
2552 781 2625 824 tartu-

1577 873 1652 938 dens
1676 873 1762 938 Iesus
1784 891 1929 950 manum,
1954 873 2056 958 tetigit
2077 891 2150 938 eum
2174 873 2298 946 dicens:
2322 875 2415 954 Volo,
2440 893 2530 944 mun-

1575 977 1665 1054 dare;
1684 971 1714 1044 el
1730 975 1892 1044 confestim
1907 977 2051 1044 discessit
2066 977 2152 1062 lepra
2168 977 2206 1044 ab
2222 995 2259 1044 eo
2275 1007 2306 1046 »,
2324 1017 2367 1030 -
2390 981 2528 1058 Virtute,
2550 993 2631 1036 verho-

1576 1083 1695 1150 seilicet
1719 1081 1825 1162 iterii,
1857 1083 1978 1150 sanarit
2007 1083 2232 1168 paralyticum3
2257 1087 2379 1154 loannis
2400 1087 2529 1172 quinto:

1581 1189 1700 1256 «Dixit
1721 1191 1806 1256 enim
1837 1191 1945 1256 lesus:
1973 1191 2060 1256 Tolle
2088 1191 2256 1274 grabatum
2280 1201 2371 1260 tuum
2403 1201 2436 1260 et
2465 1213 2531 1260 am·

1575 1297 1658 1362 bula.
1679 1297 1713 1362 lit
1736 1295 1840 1362 statim
1866 1313 1960 1362 sanns
1983 1295 2084 1364 factos
2108 1303 2164 1364 est.
2183 1333 2222 1346 -
2243 1297 2335 1364 Nutu
2364 1301 2460 1366 solius
2477 1319 2530 1366 vo·
2552 1309 2617 1354 tun·

1575 1403 1704 1468 luntatis
1727 1401 1848 1468 sanarit
1866 1401 1963 1468 filium
1989 1403 2108 1488 reguli,
2125 1403 2179 1488 qui
2207 1429 2223 1460 α
2241 1403 2460 1472 infirmabatur
2477 1407 2532 1472 Ca·
2609 1491 2610 1496 ἵ
2639 1439 2640 1442 ¹

1574 1507 1752 1592 pharnaom
1768 1533 1807 1586 ί),
1838 1507 1959 1574 Ioarrnis
1990 1515 2121 1592 quarte,
2156 1529 2250 1594 quern
2282 1529 2337 1578 nec
2375 1511 2449 1578 vion
2474 1529 2531 1578 nec

1574 1611 1693 1696 tetigit,
1724 1611 1777 1678 sed
1802 1613 1899 1680 solius
1932 1613 2101 1682 voluntatis
2130 1613 2262 1700 imperio
2294 1617 2415 1684 sanavit
2438 1635 2530 1696 enin,

1574 1737 1645 1784 curn
1672 1719 1753 1786 dixit
1775 1721 1856 1802 patri
1881 1737 1955 1786 suo:
1988 1721 2113 1788 «Filius
2129 1727 2203 1788 luris
2228 1722 2304 1790 vivit
2319 1751 2350 1790 a.

1663 1829 1692 1892 ⁰2.
1710 1827 1755 1892 lta
1770 1827 1906 1912 intellige
1918 1879 1926 1906 ,
1940 1827 2022 1910 quod
2036 1829 2187 1894 Dominus
2199 1837 2289 1896 sanat
2305 1829 2455 1916 quosdam
2468 1829 2530 1916 (lu-
2549 1839 2680 1896 lecticario·

1571 1931 1652 2018 gello
1679 1935 1910 2012 correctionis;
1936 1935 1988 2000 lob
2010 1935 2157 2018 quintoss:
2181 1937 2364 2010 «Vulnerat
2379 1947 2411 2004 et
2426 1937 2530 2004 mede-

1574 2045 1644 2118 tur,
1670 2041 1822 2124 percotit,
1838 2047 1871 2108 et
1887 2059 1998 2108 manus
2013 2041 2081 2108 eius
2099 2043 2253 2108 sanabunt
2268 2069 2300 2108 a,
2315 2045 2530 2126 m-,erosdam

1574 2151 1662 2210 sanat
1699 2147 1885 2232 alloquendo
1926 2145 1991 2214 solo
2024 2145 2121 2212 uerbo
2152 2147 2440 2232 praedicationi&
2477 2149 2529 2214 Sa-

1573 2253 1707 2336 pientiae
1724 2253 1845 2342 decimo
1861 2261 1968 2320 sexto:
1986 2279 2005 2318 ,«
2018 2253 2125 2338 Neque
2140 2253 2241 2320 beroa
2255 2273 2360 2342 neque
2373 2255 2529 2340 malagma

1573 2359 1694 2426 sanavit
1728 2377 1797 2438 ece,
1830 2367 1864 2426 at
1897 2379 2001 2426 serino
2037 2369 2127 2450 tuus,
2163 2359 2310 2440 Domine,
2348 2361 2401 2448 qni
2438 2369 2528 2428 sanat

1572 2465 1678 2530 omnia
1692 2491 1723 2530 a.
1750 2503 1791 2514 --
1815 2467 1971 2550 Quosdam
1996 2477 2110 2552 autem
2125 2475 2212 2534 sanat
2236 2469 2422 2536 illustrando
2447 2489 2530 2556 pru-

1574 2573 1623 2636 tio
1645 2571 1897 2654 irupirutiouic,
1923 2573 2095 2638 secundum
2119 2573 2201 2656 quod
2223 2573 2339 2642 dicitur
2363 2577 2529 2642 Malachiae
2554 2611 2556 2614 ·

1572 2681 1706 2760 quartur
1734 2701 1749 2732 a
1764 2675 1892 2742 Orielur
1923 2677 2008 2744 vobis
2034 2677 2215 2744 timentibus
2239 2679 2337 2746 Deum
2370 2681 2416 2746 sol
2439 2681 2529 2746 insti-

1572 2783 1650 2860 tiae,
1676 2789 1706 2846 et
1730 2783 1845 2848 sanitas
1869 2783 1899 2846 in
1925 2783 2035 2866 pennis
2057 2783 2125 2850 eius
2142 2811 2172 2848 ».

1879 3017 1880 3022 ,
1945 2977 2093 3030 Annorarro
2112 2979 2154 3030 20.

1664 3155 1762 3240 (Vere.
1787 3155 1860 3236 ra).
1878 3155 1912 3220 lc
1928 3163 2053 3234 nutem,
2069 3155 2128 3242 qccc'
2142 3175 2249 3222 sortus
2260 3155 2374 3242 fueret
2387 3157 2529 3246 effecluc,

1571 3261 1748 3338 itcrciebut,
1774 3261 1849 3348 quis
1871 3267 1969 3340 ercet,
1994 3263 2119 3344 supple:
2145 3263 2197 3348 qui
2225 3269 2387 3332 sanaverat
2411 3283 2493 3332 eum.

1662 3367 1799 3446 Attende,
1814 3385 1909 3452 qnam
1927 3385 2040 3452 ntagoa
2054 3377 2102 3434 est
2117 3369 2331 3436 misericordia
2347 3371 2403 3436 Dei
2418 3371 2530 3438 solius:
2548 3377 2695 3476 gigrigggggff

1571 3481 1737 3540 sanaverat
1770 3491 1862 3552 euin,
1886 3479 1918 3540 et
1952 3473 2092 3540 nondum
2126 3477 2382 3560 cognoscebatur
2418 3477 2458 3542 ab
2481 3497 2527 3542 eo.
2543 3443 2695 3548 tiufenb-

1571 3581 1694 3662 Quatnta
1713 3569 1833 3644 'faceret
1857 3599 1914 3664 pro
1937 3579 2007 3656 illo,
2033 3581 2057 3646 si
2083 3581 2121 3646 ab
2145 3581 2197 3644 illo
2222 3581 2416 3668 diligeretur,
2440 3585 2466 3650 si
2489 3583 2529 3648 ab
2552 3545 2613 3584 mm
2675 3579 2676 3584 ’

1571 3685 1624 3750 illo
1649 3693 1829 3770 rogaretur,
1855 3687 1909 3770 qui
1933 3685 2037 3770 ipsunt
2062 3687 2206 3766 sanabat,
2230 3695 2400 3774 antequam
2429 3691 2530 3756 abeo

1571 3797 1833 3876 cognosceretur?
1847 3791 1875 3854 ln
1892 3791 1950 3856 boc
1964 3809 2039 3876 ergo
2053 3801 2100 3858 est
2115 3811 2229 3876 ntegna
2244 3793 2459 3872 misericordia
2475 3797 2528 3860 [lei

1570 3915 1645 3982 erga
1669 3915 1741 3974 nos,
1766 3895 1842 3982 qnia
1864 3897 2014 3962 beneficia
2045 3897 2112 3964 eius
2146 3899 2351 3984 praeveniunt
2390 3909 2529 3968 nostram

1571 4001 1805 4088 cognitionem,
1839 4009 1977 4068 nostram
2009 4003 2227 4082 dilectionem,
2263 4013 2406 4072 nostrum
2442 4007 2529 4074 oboe-

1571 4109 1689 4196 quiunt
1714 4109 1779 4176 sire
1802 4115 1939 4176 nostran]
1967 4111 2188 4194 operationem.
2203 4149 2245 4158 —-
2258 4113 2400 4180 Nostram
2418 4115 2529 4198 cogiti-

1572 4215 1689 4280 tc'oueiu
1715 4217 1894 4298 praeuenit,
1919 4223 1955 4280 ut
1972 4215 2023 4282 bic
2045 4223 2148 4300 patet,
2173 4235 2244 4284 cnm
2263 4219 2397 4286 dicitnr:
2420 4221 2456 4286 lc
2471 4223 2531 4306 qui

1570 4339 1677 4386 currus
1700 4319 1830 4406 effectui·
1853 4319 2180 4406 sternumentum,
2200 4325 2380 4412 quieceret.
2403 4365 2445 4374 —
2470 4327 2529 4394 No-

1572 4433 1670 4490 stram
1685 4425 1904 4506 ililectioueru3
1920 4427 2002 4492 rande
2021 4427 2057 4492 ad
2075 4429 2226 4496 Rornanos
2242 4431 2352 4516 qllinto
2366 4433 2394 4496 ⁷:
2418 4457 2434 4490 c
2453 4433 2528 4498 Cunt

1570 4531 1674 4598 adbuc
1697 4529 1812 4598 inimici
1838 4549 1992 4610 essemus,
2020 4535 2209 4600 reconciliati
2232 4553 2343 4604 summ
2366 4557 2422 4622 per
2444 4559 2529 4604 inor-

1572 4643 1632 4716 teua
1658 4637 1723 4700 Filii
1747 4637 1815 4702 eins
1833 4663 1861 4700 ».
1881 4675 1922 4684 a-
1944 4625 2091 4704 Nostrum
2115 4639 2303 4728 clireqitiuut
2331 4643 2395 4708 sire
2418 4661 2529 4728 rqiero-

1571 4743 1700 4832 tiouem;
1725 4743 1763 4808 ad
1780 4743 1883 4808 Titum
1903 4745 2012 4808 lertio:
2034 4769 2049 4802 <c
2067 4745 2131 4810 lion
2149 4763 2188 4812 ex
2206 4749 2352 4830 operibns
2377 4751 2527 4830 iustitiae,

1570 4867 1651 4934 quae
1667 4847 1796 4916 lecimus
1820 4867 1891 4928 nos,
1908 4847 1964 4916 sed
1978 4851 2151 4916 secundum
2171 4871 2259 4920 suain
2280 4855 2526 4922 misericordiam

1570 4955 1671 5022 salros
1696 4975 1751 5022 uos
1776 4955 1894 5022 lecit».

1943 5155 2088 5206 rlnnornrro
2107 5157 2149 5204 Sl.

1659 5333 1759 5414 (Vere.
1781 5333 1854 5412 tu).
1876 5331 1947 5396 Nou
1962 5341 2064 5414 protest
2089 5333 2196 5398 l'i'lt'ua·
2212 5353 2232 5398 u
2250 5355 2283 5400 ee
2306 5335 2415 5422 fucere
2432 5339 2526 5426 qcti'il-

1568 5455 1689 5522 (pilioni,
1714 5437 1782 5502 uiri
1804 5439 1892 5524 quod
1913 5437 2033 5504 ‘odilerii
2057 5441 2195 5504 Perlucet
2216 5437 2400 5524 [ocientem.

1648 5543 1750 5634 ¹Nota,
1768 5543 1850 5626 quod
1866 5543 2004 5632 aliquem
2027 5561 2094 5610 esse
2118 5545 2250 5610 alterius
2272 5547 2373 5612 filium
2394 5549 2527 5630 probant
2546 5555 2617 5652 hirta
2633 5543 2696 5608 po:

2562 5611 2610 5658 aul,
2633 5617 2679 5650 esse

1526 5689 1537 5744 3
1569 5647 1646 5714 tria:
1662 5649 1812 5726 munnio,
1830 5651 2008 5716 centuloli'o
2025 5659 2055 5716 et
2073 5651 2221 5716 imiluli'o.
2246 5653 2328 5718 Solet
2343 5653 2427 5718 enim
2444 5654 2527 5722 lilios
2546 5661 2636 5706 arlinus
2655 5661 2679 5702 ss·

2545 5715 2608 5758 llum.

1568 5754 1701 5818 imitari
1715 5763 1852 5838 patrem,
1870 5755 2037 5822 cremationi
2059 5775 2115 5840 pro
2134 5765 2235 5840 patre,
2252 5759 2423 5826 succedere
2447 5761 2526 5846 patri
2598 5807 2599 5810 κ

1568 5857 1597 5922 in
1613 5859 1783 5924 mansione.
1801 5861 1880 5924 Haec
1897 5861 1956 5924 tria
1971 5861 2200 5942 probaverunt,
2216 5861 2376 5930 Clnistnin
2396 5883 2464 5932 esse
2481 5867 2527 5932 Fi·
2604 5901 2606 5906 ·

1568 5963 1644 6030 lium
1660 5965 1724 6032 Dei.
1742 5965 1854 6060 Tenuit
1872 5967 1954 6032 enim
1970 5967 2070 6032 Patris
2085 5969 2311 6050 murocinetum
2327 5971 2409 6038 urtde
2428 5975 2526 6038 Lucae

1559 6071 1704 6136 secundo
1716 6071 1746 6134 8:
1767 6097 1781 6128 «
1793 6071 1875 6156 Quid
1892 6077 1952 6150 est,
1969 6071 2053 6156 quod
2070 6089 2119 6140 me
2135 6077 2351 6158 quaerebatis;
2371 6077 2526 6144 nescient-

1240 6317 1249 6324 *
1277 6319 1305 6324 .-.
1309 6315 1824 6324 -.......-...-—-·—--.—.--—....—..-.--..-.

615 6473 624 6504 1
646 6479 738 6528 psalm.
768 6477 814 6538 dl,
839 6479 876 6528 ll.
902 6507 936 6516 -
963 6479 1028 6530 Tres
1051 6491 1124 6542 seqq.
1151 6475 1285 6528 loci'sunl
1310 6479 1380 6528 loen.
1405 6475 1435 6536 5,
1457 6473 1503 6540 243

546 6567 585 6616 l’s.
608 6565 653 6628 17,
673 6563 714 6616 ie.
733 6571 760 6618 ct
779 6567 857 6628 apoc.
879 6569 909 6628 2,
929 6565 955 6618 7.
974 6563 1031 6628 (cir.
1051 6567 1139 6616 llatlb.
1159 6567 1204 6630 ll,
1225 6563 1272 6630 <te;
1292 6565 1340 6626 ta,
1360 6567 1386 6616 a.
1399 6569 1424 6614 et
1439 6561 1502 6628 la).

614 6649 624 6680 ²
645 6655 736 6704 Pselm.
758 6655 805 6720 80,
828 6655 870 6706 le.
888 6683 923 6692 -
942 6659 1094 6720 Sequuntur
1111 6653 1167 6704 lsai.
1181 6655 1212 6716 6,
1236 6655 1279 6716 l0;
1301 6647 1397 6718 toul,
1417 6653 1459 6704 23.
1478 6655 1505 6702 et

546 6743 612 6790 toan.
635 6743 665 6800 8,
686 6743 728 6794 ll.
749 6745 773 6794 ln
794 6743 843 6794 dne
863 6745 1002 6806 respicitur
1022 6745 1069 6794 lac.
1094 6745 1113 6806 l,
1134 6745 1176 6794 Ἠ.

591 6851 592 6854 ¹
614 6825 626 6854 ³
646 6829 720 6880 Vens.
737 6831 758 6884 l.
772 6861 806 6870 -
821 6833 939 6884 Subinde
951 6833 1096 6896 allegantur·
1107 6835 1125 6884 l.
1139 6835 1206 6884 luen.
1221 6833 1251 6896 3,
1267 6831 1312 6894 l-l;
1329 6833 1402 6884 Pron.
1419 6831 1446 6892 l,
1460 6831 1503 6880 il.

545 6921 570 6966 et
588 6917 677 6968 Ezeclr.
701 6917 747 6980 to,
767 6919 792 6968 5.
811 6927 836 6972 et
854 6923 898 6972 Sl.

1639 6473 1649 6502 ⁴
1667 6475 1731 6528 Cod.
1752 6469 1770 6526 (l
1788 6479 1814 6530 el
1832 6475 1954 6530 ciconnis
1972 6473 2001 6528 iu
2019 6473 2110 6542 prolia
2129 6475 2205 6530 citur.

1580 6573 1582 6578 '
1640 6561 1650 6590 ⁶
1670 6567 1743 6616 Vers.
1766 6565 1806 6616 ¹13.
1825 6593 1859 6602 -
1874 6567 1930 6616 Duo
1943 6579 2016 6632 seqq.
2030 6565 2080 6616 loci
2093 6571 2153 6616 sunt
2166 6569 2235 6616 loen.
2250 6567 2279 6628 5,
2295 6569 2318 6618 8.
2332 6575 2427 6632 serpet
2441 6565 2469 6628 l,
2485 6567 2523 6618 to.

1568 6667 1598 6704 ac
1619 6653 1660 6704 50.

1533 6755 1537 6780 ι’
1639 6739 1741 6794 ⁶Vors.
1764 6743 1803 6794 ts.
1824 6771 1858 6782 -
1878 6747 2026 6810 Sequuntur
2048 6745 2106 6806 Sap,
2130 6743 2176 6806 tlt,
2201 6743 2238 6794 12.
2259 6751 2283 6796 el
2304 6745 2410 6796 llolaclt.
2432 6743 2459 6806 d,
2481 6749 2505 6796 2.

1639 6827 1647 6856 ⁷
1670 6833 1743 6884 Vera.
1765 6833 1805 6884 lb.
1826 6863 1858 6868 —
1880 6833 1996 6884 Subinde
2015 6833 2141 6896 allegator
2161 6833 2209 6884 Tit.
2231 6833 2260 6896 3,
2278 6833 2307 6884 ti.

1638 6915 1743 6972 8Vens.
1763 6921 1805 6974 le.
1826 6951 1857 6958 ψ
1878 6923 2001 6988 Sequitur
2018 6923 2088 6974 loen.
2108 6923 2137 6984 2,
2159 6923 2199 6972 ld.
2303 6945 2304 6948 ¹
