5926 8276
605 567 645 632 tc

602 741 642 808 Et
662 741 747 826 quod
770 741 801 806 in
826 739 876 808 bis
898 739 1032 808 terrenis
1063 757 1124 804 non
1150 739 1255 822 possit
1275 737 1380 816 refici,
1403 735 1555 814 ostendit,
1580 753 1582 760 ⁴

598 847 677 930 quie
700 845 864 912 66636363
887 843 972 910 66333
996 843 1065 910 vult
1094 859 1176 908 nova
1198 841 1378 926 percipere:
1392 841 1456 906 sed
1477 839 1557 906 nihil

602 951 635 1016 in
657 949 793 1016 novitate
818 955 936 1016 manet:
959 967 1035 1034 ergo
1057 947 1145 1014 66333
1166 953 1198 1012 63
1220 945 1332 1014 666363
1346 945 1380 1012 36
1395 945 1482 1010 66336
1499 945 1557 1010 im-

555 1045 556 1048 ’
600 1055 737 1140 plentur.
761 1053 918 1120 Maiorem
942 1051 1104 1138 supponit,
1129 1057 1159 1120 et
1184 1051 1400 1120 manifestatur
1424 1051 1557 1116 363666

600 1161 720 1228 decimo
745 1159 914 1244 septim01:
944 1157 1176 1226 «Athenienses
1206 1159 1245 1224 ad
1275 1157 1354 1224 nihil
1387 1153 1472 1222 aliud
1504 1173 1558 1222 va-

600 1267 729 1346 cabant,
753 1265 813 1330 nisi
836 1271 892 1332 aut
911 1263 1033 1342 dicere,
1058 1269 1112 1330 aut
1145 1261 1257 1331 audire
1289 1259 1407 1348 aliquid
1436 1261 1508 1326 novi
1523 1285 1555 1338 »3

600 1371 654 1438 sed
677 1371 728 1438 hic
752 1371 898 1456 proponit
919 1369 1096 1448 minorem,
1121 1369 1196 1456 qnia
1217 1369 1296 1436 nihil
1319 1367 1414 1434 habet
1438 1365 1557 1432 novitu-

601 1481 681 1556 tem,
707 1493 763 1544 nee
785 1483 939 1560 quantum
962 1477 1001 1542 ad
1023 1495 1089 1542 6336
1112 1495 1168 1542 666
1193 1481 1347 1560 6666366
1362 1473 1401 1540 ad
1412 1471 1496 1558 lieri.
1513 1513 1558 1522 -

600 1583 768 1666 Propterea
789 1579 881 1648 dicit:
906 1581 994 1664 Quid
1016 1587 1062 1648 633
1076 1579 1163 1668 quod
1178 1577 1269 1666 fuit?
1289 1575 1417 1664 Quaerit
1438 1581 1467 1642 et
1485 1577 1557 1660 ipse

535 1707 536 1712 ¹
600 1687 783 1770 respondet:
807 1687 921 1772 Ipsum
946 1687 1032 1774 quod
1061 1683 1219 1772 fcturum.
1250 1691 1315 1752 eet:
1343 1701 1419 1768 6366
1442 1699 1459 1748 6
1482 1681 1557 1750 336-

599 1791 672 1876 63363
698 1807 859 1858 conversa:
877 1793 960 1878 qnod
974 1793 1121 1858 futorum
1136 1797 1183 1858 est
1198 1791 1266 1858 3633.
1288 1789 1437 1854 Similiter
1452 1787 1557 1872 sequi-

600 1903 671 1964 tur:
699 1897 785 1980 potet
808 1897 963 1986 estquod
989 1895 1119 1984 foetum
1139 1895 1205 1962 6333
1227 1891 1415 1980 Respondet:
1440 1893 1557 1978 Ipsum

599 2005 688 2092 qnod
709 2001 900 2092 3666666366.
923 2009 982 2094 633·
1008 2019 1117 2086 63666
1133 1999 1264 2086 simplici
1286 2017 1455 2068 conversa:
1470 1999 1556 2084 quod

599 2109 777 2178 faciendum
788 2113 836 2176 est
846 2107 963 2176 366366
975 2113 1032 2174 633.
1045 2143 1088 2156 --
1101 2105 1137 2172 Et
1148 2123 1191 2172 ex
1203 2107 1263 2172 hoc
1274 2103 1448 2172 concludit:
1465 2101 1557 2170 336633

599 2215 660 2280 3663
674 2215 750 2306 sote
771 2233 908 2292 6666666,
932 2233 989 2278 666
1013 2211 1097 2278 volet
1119 2211 1297 2300 66336666
1321 2209 1443 2278 dicere:
1478 2211 1556 2276 Ecce

525 2375 526 2378 ,
599 2317 659 2386 boe
673 2307 792 2386 Ὶ366663
815 2327 879 2384 eat:
902 2337 976 2404 ergo
1001 2337 1056 2386 nec
1079 2317 1183 2386 dicere
1214 2335 1271 2386 nec
1301 2317 1410 2386 audire
1439 2317 1556 2402 aliquid

489 2455 491 2460 ·
599 2425 681 2492 nori.
708 2425 744 2490 Et
767 2423 896 2508 36633663
917 2425 1149 2510 probationem:
1167 2425 1242 2490 lom
1265 2425 1350 2492 663666
1372 2443 1555 2508 636666336-

599 2539 681 2596 raut
704 2531 739 2596 66
761 2529 918 2608 caecutis,
944 2551 1027 2620 quoe
1049 2527 1190 2618 fueruat
1211 2539 1286 2596 66636
1306 2547 1386 2606 uos,-
1400 2527 1554 2596 secundae

599 2635 680 2704 Petri
705 2635 795 2704 363336
809 2635 839 2700 2:
870 2663 885 2692 «
902 2635 948 2702 Ex
969 2653 1033 2722 666
1068 2641 1172 2720 patres
1208 2635 1308 2704 nostri
1340 2633 1554 2710 dormierunt,

599 2741 705 2806 omnia
728 2743 772 2806 sic
794 2747 996 2824 perseverant
1009 2767 1038 2806 a.

689 2847 788 2932 (Vers.
806 2845 879 2926 33).
893 2845 966 2912 Noc
977 2845 1191 2932 estpriorum
1202 2845 1371 2912 6666666336.
1386 2841 1554 2936 Tertiobic

481 2967 545 3014 666
560 2969 580 3012 a.
599 2953 756 3038 tangitur,
779 2953 862 3038 quod
887 2971 938 3020 res
959 2971 1022 3020 non
1032 2959 1230 3040 6636666663
1244 2951 1283 3016 ad
1298 2947 1553 3028 memorandum,

598 3061 673 3147 quie
696 3059 798 3126 omnia
823 3061 990 3126 traduntur
1013 3057 1178 3138 oblivioni3
1203 3057 1286 3124 uode
1301 3055 1392 3124 dicit:
1414 3055 1491 3124 ,3366
1508 3061 1553 3120 633

594 3167 753 3252 6336-3666
770 3163 950 3244 mercorio,
969 3165 1086 3232 seilicet
1100 3163 1185 3250 apud
1200 3181 1258 3230 nos
1276 3161 1479 3258 posteriorem
1501 3161 1553 3226 Sa-

598 3273 732 3358 pientiae
748 3271 885 3340 36666336
896 3271 923 3336 ³:
947 3297 963 3328 «
976 3271 1093 3362 Nomen
1109 3275 1253 3336 nostrum
1269 3265 1458 3334 oblivionem
1472 3265 1554 3334 acci-

485 3419 486 3422 =
598 3379 663 3464 piet
677 3397 734 3462 per
752 3385 891 3462 tempus,
907 3383 939 3442 et
954 3393 1044 3442 nemo
1068 3373 1251 3442 66663366
1274 3373 1401 3442 habebit
1421 3389 1553 3456 operum

598 3489 779 3550 nostrorum
795 3507 827 3544 ».
851 3481 888 3546 333
909 3481 954 3548 336
975 3487 1023 3548 633
1046 3481 1077 3546 36
1100 3479 1277 3564 63663633333
1300 3483 1332 3544 63
1358 3477 1391 3542 36
1417 3477 1551 3556 futuris;

598 3589 681 3656 unde
698 3587 820 3656 subdit:
845 3587 907 3654 Sed
929 3605 987 3652 6666
1002 3603 1116 3652 6636666
1139 3583 1289 3670 6663636666,
1306 3601 1390 3670 quoe
1401 3589 1478 3668 post
1496 3579 1552 3670 [6-

599 3703 679 3760 36636
695 3701 787 3770 suot,
812 3691 876 3758 6333
890 3691 1075 3758 recordatio
1091 3689 1185 3774 opud
1199 3709 1251 3754 663
1266 3689 1326 3778 quc'
1338 3685 1454 3774 futuri
1474 3697 1553 3754 suat

597 3799 634 3868 66
648 3797 840 3874 6663336666,
857 3797 890 3862 id
911 3803 978 3864 est:
1004 3793 1193 3882 posteriores
1208 3811 1268 3860 non
1285 3799 1381 3861 erunt
1396 3809 1551 3858 memores

597 3907 758 3994 priorum,
781 3911 813 3970 et
835 3905 894 3970 666
916 3909 1044 3988 propter
1070 3907 1209 3988 tempus,
1233 3901 1319 3986 quod
1333 3899 1453 3966 inducit
1474 3899 1552 3966 obli-

597 4015 737 4092 vionem;
761 4011 841 4078 inira
863 4009 1018 4098 secunde:
1048 4033 1064 4066 c
1079 4009 1197 4074 Futura
1226 4015 1369 4092 tempora
1398 4003 1552 4072 oblivione

597 4127 711 4188 cuncta
731 4117 873 4204 operient
888 4145 916 4180 t».

959 4275 1185 4360 Quaesrrouns
1213 4273 1215 4278 ’

686 4437 707 4500 i.
731 4433 900 4520 Quaeritur
929 4431 968 4498 de
998 4433 1057 4500 hoc
1088 4429 1172 4516 quod
1205 4429 1297 4498 dicit:
1332 4429 1474 4496 decetne
1498 4447 1550 4494 363

598 4539 753 4630 difficiles.
1291 4523 1295 4532 ’

686 4645 830 4712 Conone:
857 4645 885 4710 3.
920 4643 1017 4708 336336
1049 4649 1137 4720 3663,
1171 4659 1311 4728 666366
1340 4639 1474 4726 cognitio
1505 4647 1551 4708 est

596 4751 772 4820 communis
792 4749 884 4816 nobis
905 4755 936 4816 et
959 4748 1078 4838 brutis:
1100 4765 1176 4834 erge
1199 4767 1262 4816 non
1284 4755 1332 4816 est
1352 4737 1478 4814 difficile
1495 4747 1550 4814 66

596 4857 671 4924 6363
695 4873 882 4942 cognoscere
904 4853 988 4940 quod
1013 4851 1168 4938 cognoscit
1192 4853 1300 4920 bestia.
1367 4893 1372 4910 t

685 4965 714 5028 3.
740 4963 832 5038 3366,
855 4959 1011 5046 quaedam
1033 4963 1122 5038 sunt,
1146 4957 1178 5024 in
1203 4957 1320 5042 quibus
1342 4975 1404 5024 non
1429 4957 1548 5024 contin·

594 5069 640 5152 git
661 5083 786 5144 errare,
811 5065 892 5134 33663
924 5065 957 5130 36
987 5063 1161 5152 cognitione
1192 5063 1385 5132 sensibilium
1408 5065 1550 5148 —quia

595 5191 705 5242 sensus
728 5191 790 5240 noo
821 5171 940 5238 fallitur
970 5171 1053 5238 circa
1084 5169 1249 5254 63663366
1272 5169 1429 5236 obiectum
1452 5175 1550 5236 -et

594 5279 822 5366 principiorum
851 5273 1110 5362 intelligibilium,
1141 5275 1222 5342 sicut
1256 5273 1485 5360 dignitatum&
1518 5281 1550 5342 et

596 5385 668 5452 talia
690 5385 779 5452 facile
801 5391 848 5452 est
873 5399 1067 5468 6666636636.

1268 561 1472 628 colliride-¹
1487 561 1525 628 {N¹
1547 559 1815 628 ecetesttsrdtt
1836 561 1873 628 C,
1892 561 1913 626 1.

1676 739 1678 798 ἶ
1709 735 1739 802 3¹.
1764 737 1857 814 item,
1881 735 1956 820 quid
1980 741 2027 802 est
2051 735 2134 820 qnod
2152 735 2248 802 dicit:
2273 733 2347 802 33666
2360 743 2464 820 potest
2480 733 2572 802 36666

1620 859 1677 906 663
1699 841 1865 926 6666336636
1890 839 2061 908 sermone?
2084 841 2216 908 Facilius
2245 847 2294 908 est
2321 841 2441 906 bomini
2468 841 2571 926 loqui,

1621 965 1714 1032 quam
1738 945 1830 1014 alicui
1854 955 2017 1014 creaturae
2048 948 2137 1014 ieeile
2168 947 2310 1032 operari:
2332 965 2408 1032 ergo
2432 947 2457 1014 si
2480 945 2572 1012 alicui

1619 1057 1783 1120 creaturae
1808 1053 1894 1120 facile
1918 1057 1964 1120 est
1987 1053 2130 1136 operari,
2152 1071 2229 1138 6366
2251 1051 2385 1132 homini,
2410 1053 2478 1120 eius
2500 1069 2559 1138 666

1621 1159 1771 1226 36336666
1795 1157 1962 1242 explicare.
2132 1201 2134 1204 -
2334 1185 2335 1190 ¹
2444 1185 2445 1188 ¹
2553 1191 2555 1196 ·

1708 1263 1904 1348 despondeo:
1929 1263 2113 1344 dicendum,
2135 1265 2219 1350 quod
2248 1273 2295 1330 est
2317 1281 2504 1348 cognoscere
2524 1283 2572 1330 se·
2585 1273 2725 1374 esibilem&

1621 1367 1773 1454 mopiam,
1790 1375 1827 1434 63
1849 1369 1974 1454 quando
1990 1369 2188 1454 cognoscitur
2202 1369 2376 1438 secundnm
2390 1369 2571 1458 accidentia,
2626 1405 2628 1408 ·
2723 1361 2732 1374 ¹

1620 1473 1670 1542 vel
1693 1475 1866 1540 secundum
1894 1477 2031 1558 aliquam
2063 1475 2283 1560 operationem.
2309 1477 2362 1542 Est
2384 1475 2499 1542 iterum
2521 1493 2572 1542 66
2638 1507 2681 1532 .-·

1621 1597 1769 1666 gnoscere
1787 1579 1941 1666 66336636,
1956 1587 1988 1646 63
2003 1579 2055 1648 3336
2069 1579 2205 1666 perfecte
2222 1581 2394 1666 cognoscit,
2411 1579 2465 1668 qui
2483 1581 2572 1666 plene

1620 1685 1706 1752 novit
1728 1685 1951 1764 substantiam,
1968 1685 2118 1752 virtutem
2133 1693 2163 1752 et
2180 1685 2390 1770 operationem
2406 1693 2437 1752 et
2459 1703 2569 1752 666363

1620 1797 1650 1858 63
1673 1789 1810 1858 36336663
1832 1791 1956 1858 borum.
1973 1789 2100 1876 3336636
2117 1789 2216 1858 virtus
2233 1795 2278 1858 est
2294 1791 2430 1870 occulta,
2451 1795 2484 1858 et
2498 1791 2571 1858 sub

1621 1895 1733 1964 stantia
1751 1895 1901 1962 366636ὅ
1925 1915 1944 1962 6
1973 1895 2133 1976 sensibns;
2156 1895 2226 1962 ideo
2257 1901 2386 1962 cunctae
2410 1913 2460 1962 res
2484 1895 2571 1962 nobis

1620 2007 1694 2068 3663
1715 1999 1866 2068 difficiles.

1711 2109 1738 2172 3.
1764 2107 1859 2192 Quod
1876 2125 1950 2194 ergo
1980 2107 2145 2186 obiicitur,
2171 2107 2255 2192 quod
2284 2107 2388 2190 aliqua
2417 2105 2572 2192 cognosci·
2591 2119 2673 2218 seqq
2687 2127 2728 2176 6·

1619 2231 1690 2280 663
1712 2231 1785 2280 666
1808 2213 1925 2294 636333,
1949 2231 2061 2278 verum
2083 2219 2132 2278 est
2152 2211 2346 2298 aliqualiter,
2363 2215 2398 2278 63
2414 2213 2499 2298 quod
2512 2213 2572 2280 hoc
2593 2183 2638 2228 ‘³⁰⁵¹
2663 2185 2718 2218 Μ’

1619 2327 1665 2386 633
1689 2337 1848 2398 666366
1874 2319 1927 2386 sed
1950 2319 2040 2404 plene
2064 2317 2195 2386 brutum
2218 2317 2297 2386 nibil
2320 2317 2503 2402 cognoscit

1707 2427 1737 2490 3.
1766 2423 1913 2492 Similiter
1948 2431 2031 2510 66363
2066 2425 2256 2492 seeundum:
2279 2423 2372 2510 quia,
2399 2423 2571 2490 secundum

1594 2531 1701 2624 qnod
1724 2531 1869 2596 sensibile
1892 2539 1956 2610 est,
1979 2529 2178 2598 manifestum
2201 2539 2256 2598 633.

1706 2635 1737 2698 3.
1762 2635 1819 2700 Per
1841 2635 1901 2702 666
1925 2635 2017 2702 63366
2040 2641 2127 2720 66363
2147 2653 2299 2722 sequens:
2316 2637 2391 2722 quia
2404 2637 2508 2704 33333633
2522 2635 2571 2704 633-

1619 2759 1689 2830 6636
1709 2739 1829 2826 aliquid
1851 2747 1883 2806 et
1903 2739 2088 2826 6666336636·
2111 2743 2275 2826 captatore
2300 2743 2381 2808 enim
2405 2749 2451 2812 est
2475 2743 2572 2810 leten—
2621 2817 2625 2824 ,

1618 2855 1664 2914 363
1688 2847 1824 2914 36336663
1853 2845 1940 2914 36363
1968 2853 2001 2914 63
2022 2845 2179 2914 involutas
2204 2855 2298 2914 extra
2319 2849 2517 2934 3366366636
2543 2857 2572 2916 63

1617 2955 1677 3020 boe
1700 2971 1762 3018 noo
1785 2959 1887 3036 potest
1908 2952 2026 3031 iacere,
2050 2953 2108 3020 nisi
2132 2953 2187 3038 qui
2209 2953 2370 3040 intelligit;
2393 2961 2426 3022 et
2446 2955 2506 3022 666
2521 2973 2572 3022 63-

1617 3059 1716 3126 63666
1739 3063 1785 3124 633
1810 3063 1839 3124 63
1856 3075 2039 3142 66666366.

1705 3165 1737 3228 ll.
1763 3165 1837 3232 item
1861 3163 2024 3252 quaeritur
2048 3163 2085 3230 de
2109 3165 2169 3232 hoc
2192 3165 2274 3250 quod
2299 3165 2389 3232 dicit:
2415 3167 2490 3234 Nou
2513 3189 2568 3236 ao·

1618 3277 1755 3336 3636363
1777 3269 1893 3336 oculus
1916 3271 1993 3338 63366
2015 3277 2073 3336 ete.

1707 3379 1734 3442 3.
1760 3375 1947 3460 Quaeritur,
1971 3393 2070 3460 66636
2101 3395 2162 3444 666
2187 3377 2306 3446 inducit
2326 3379 2359 3444 in
2381 3379 2449 3446 aliis
2472 3381 2568 3448 sensi·
2588 3387 2723 3484 0666036

1616 3481 1691 3560 bus,
1715 3497 1788 3546 666
1812 3481 1953 3548 similiter
1977 3499 2033 3566 per
2058 3499 2112 3550 eos
2134 3483 2290 3570 contingat
2313 3491 2523 3570 cognoscere?
2686 3473 2691 3484 '

1705 3589 1734 3652 3.
1760 3585 1853 3666 3366,
1879 3587 2023 3672 quidest
2047 3589 2131 3672 quod
2153 3587 2241 3656 dicit:
2264 3589 2339 3656 Nou
2365 3591 2568 3658 3636363633

1616 3693 1737 3760 Dicitur
1770 3693 1853 3760 enim
1886 3701 1959 3760 tunc
1982 3695 2155 3774 36363633,
2180 3695 2306 3780 quando
2327 3715 2390 3762 non
2414 3697 2481 3764 vult
2503 3715 2568 3764 66-

1615 3799 1698 3884 63363
1719 3797 1758 3864 de
1773 3815 1812 3864 66
1826 3797 1909 3882 quod
1925 3799 2133 3880 desiderabat;
2150 3801 2203 3868 sed
2219 3799 2369 3886 contingit
2386 3803 2567 3886 aliquando,
2637 3801 2638 3806 ’

1616 3903 1701 3990 qnod
1723 3905 1818 3970 homo
1840 3923 1901 3970 non
1926 3905 1995 3972 vult
2016 3907 2088 3990 plus
2112 3905 2216 3974 ridere
2240 3923 2297 3972 nec
2319 3907 2444 3988 audire,
2473 3909 2568 3976 imme

1615 4011 1792 4098 quiescere:
1818 4029 1893 4096 6366
1915 4017 1972 4078 636.

1703 4115 1733 4182 3.
1760 4117 1851 4196 Item,
1877 4117 1900 4184 si
1925 4135 1986 4184 non
2011 4123 2182 4198 saturatur,
2205 4135 2280 4204 6366
2303 4117 2492 4186 desiderium
2515 4139 2567 4188 66
2585 4127 2690 4174 Obtulit>-

1615 4237 1688 4290 366
1710 4238 1874 4306 nunquam
1895 4219 2045 4308 quiescit:
2069 4239 2143 4308 ergo
2164 4241 2235 4290 eum
2251 4221 2459 4304 desiderium,
2477 4225 2566 4294 cuius

1614 4345 1676 4392 non
1700 4333 1747 4392 est
1776 4327 1881 4412 quies,
1911 4327 2083 4392 frustretur
2108 4327 2187 4408 lioe;
2210 4333 2243 4396 et
2271 4345 2364 4396 omne
2394 4331 2454 4396 tale
2489 4331 2566 4398 6336

1614 4447 1684 4498 soor
1697 4429 1724 4494 ⁶:
1750 4447 1825 4516 6366
1842 4429 2037 4498 desiderium
2060 4431 2145 4500 visus
2168 4439 2214 4500 est
2237 4433 2385 4510 otiosum„

1703 4537 1898 4620 ilespoodeo:
1931 4536 2111 4618 dicendum,
2142 4539 2227 4624 qnod
2255 4539 2324 4606 ideo
2356 4541 2456 4608 solum
2492 4543 2566 4608 istos
2585 4551 2649 4606 366
2666 4551 2685 4596 t·

1613 4643 1693 4708 duos
1715 4659 1825 4708 sensus
1847 4651 2083 4722 6666666363,
2100 4645 2175 4730 6636
2197 4645 2337 4732 36663363
2352 4645 2391 4712 de
2414 4645 2565 4726 sensibus

1613 4747 1785 4816 senonum
1809 4749 1893 4834 quod
1915 4753 1990 4816 3663
2005 4749 2055 4816 via
2069 4749 2100 4814 in
2118 4751 2322 4834 cognitionem
2338 4757 2371 4816 et
2384 4751 2566 4818 referuntur

1613 4853 1651 4920 ad
1673 4853 1847 4920 sensualem
1882 4855 2116 4922 iucunditatem.
2140 4855 2177 4922 Et
2198 4855 2317 4942 duplex
2339 4863 2387 4924 est
2417 4857 2563 4936 verbum,
2583 4867 2668 4966 ”lii
2684 4879 2734 4914 ver·

1612 4975 1676 5044 quo
1688 4957 1938 5044 recognoscimus
1952 4957 2073 5026 omnia:
2089 4961 2223 5026 verbnm
2237 4961 2353 5030 scilicet
2369 4963 2517 5030 63366666
2534 4969 2565 5032 63
2671 4953 2676 4966 ’

1612 5063 1745 5132 terbum
1769 5061 1964 5132 3666666666.
1981 5065 2121 5132 Verbum
2135 5067 2287 5134 6366366666
2303 5075 2349 5134 633
2364 5069 2463 5136 omnis
2480 5087 2566 5138 erea—
2618 5063 2619 5066 ’

1613 5173 1702 5248 3636,
1725 5167 1800 5254 6636
1824 5169 1923 5236 Deum
1946 5169 2103 5256 loquitur3
2122 5173 2181 5240 boo
2195 5173 2328 5242 verbum
2344 5175 2477 5260 percipit
2492 5193 2566 5242 666-

1611 5275 1670 5342 363.
1689 5275 1827 5340 Verbnm
1844 5273 2029 5344 3666666666
2041 5283 2088 5344 633
2099 5297 2162 5346 vox
2175 5281 2304 5366 prolata,
2321 5287 2352 5346 et
2364 5281 2424 5348 hoe
2435 5281 2567 5366 percipit

1611 5381 1698 5448 auris
1711 5381 1733 5446 ⁷.
1760 5417 1800 5430 -·
1825 5383 1880 5450 Vel
1903 5383 1977 5470 quia
2001 5383 2120 5470 duplex
2141 5393 2189 5452 est
2210 5385 2358 5470 cognitio:
2375 5403 2431 5470 663
2454 5385 2565 5454 6666666-
2584 5397 2648 5452 tesn-
2663 5397 2685 5442 a

1292 5609 1875 5620 mmm-*mm

667 5791 676 5824 ¹
698 5797 771 5848 Vers.
791 5795 837 5846 336
856 5795 1025 5848 Athenienses
1043 5797 1132 5848 66366
1150 5807 1242 5848 66663
1261 5801 1285 5846 63
1304 5795 1422 5848 advenae
1436 5795 1551 5860 hospites

596 5883 631 5936 nd
650 5881 713 5934 63633
731 5887 780 5934 636.
797 5909 834 5920 -
857 5881 999 5934 Conversio
1026 5881 1136 5944 simplex
1162 5881 1349 5946 propositionis
1376 5887 1415 5934 est
1443 5881 1550 5936 mutatio

596 5971 736 6034 praedicati
757 5969 783 6022 in
801 5967 962 6034 subiectum,
980 5975 1007 6022 et
1024 5983 1039 6022 e
1058 5981 1201 6032 converso,
1220 5975 1341 6022 manente
1359 5969 1452 6022 eedem
1470 5971 1551 6036 queli-

596 6065 647 6112 3636
665 6063 690 6110 63
709 6055 865 6124 quantitate,
885 6071 909 6108 3.
929 6071 957 6120 6.
973 6057 1061 6108 nullus
1080 6055 1158 6106 horno
1178 6061 1217 6108 est
1235 6057 1302 6120 36633
1309 6077 1316 6120 ;
1335 6056 1420 6108 nullus
1433 6059 1499 6122 lapis
1512 6069 1550 6112 est

596 6149 685 6200 6666.
966 6207 967 6210 ¹

665 6231 676 6264 ²
695 6235 771 6288 Vers.
789 6231 820 6284 i:
839 6235 875 6286 Ex
893 6247 945 6298 quo
964 6231 1033 6284 euim
1052 6237 1140 6298 potres
1157 6231 1321 6286 dormierunt
1339 6235 1389 6286 636.

667 6319 774 6376 8Vero.
791 6319 816 6374 3.
835 6349 870 6360 -
895 6319 1017 6388 Sequitur
1039 6319 1122 6374 Eccle.
1141 6321 1170 6382 3,
1193 6319 1239 6386 ts,
1260 6319 1305 6372 ubi
1330 6321 1443 6384 Vulgata
1467 6319 1550 6370 verbo

596 6409 716 6480 66633663
732 6409 852 6476 praefigit
866 6407 981 6478 6633363.

665 6495 677 6528 4
696 6499 749 6554 Cir.
767 6499 885 6562 3333363,
902 6499 945 6550 lV.
963 6499 1076 6564 lietaplr.
1098 6501 1158 6550 tert.
1175 6499 1201 6550 8.
1220 6495 1269 6562 (itt.
1287 6511 1311 6550 c.
1331 6495 1383 6566 3.),
1401 6497 1449 6562 663
1472 6495 1549 6548 63366

596 6588 621 6640 ll.
643 6589 675 6640 de
694 6589 785 6640 Anima
803 6591 864 6640 text.
884 6589 925 6640 63.
944 6591 969 6640 el
989 6589 1049 6640 363.
1069 6585 1105 6654 (ll.
1126 6601 1149 6640 6.
1168 6587 1194 6640 6.
1211 6591 1237 6640 63
1256 6587 1292 6638 333.
1310 6601 1332 6640 6.
1346 6585 1382 6654 3.)
1395 6587 1429 6640 de
1441 6585 1549 6652 proprio

596 6689 722 6728 sensuum
740 6673 843 6730 obiecto
860 6675 951 6742 docet,
969 6675 1043 6742 quod
1061 6675 1130 6728 63366
1148 6675 1236 6740 36366
1250 6689 1301 6728 666
1314 6673 1442 6740 contingit
1454 6673 1549 6738 decipi.

668 6759 679 6790 ⁵
701 6763 759 6816 liat.
777 6763 850 6816 addit
866 6777 885 6816 6
903 6763 1003 6818 6633333
1021 6761 1155 6832 sensibus,
1175 6765 1200 6816 63
1212 6775 1311 6818 coactae
1322 6759 1437 6820 63363663
1448 6761 1548 6830 ccupas,

595 6853 621 6904 63
638 6853 733 6910 nostro
752 6849 866 6916 66663366
885 6851 985 6920 incepit.
1005 6853 1053 6904 366
1072 6855 1175 6906 remoto
1194 6851 1243 6904 cc
1254 6853 1302 6904 llF
1321 6849 1491 6904 3666666636.

1684 5791 1695 5824 ⁶
1714 5795 1794 5846 Simili
1815 5795 1893 5848 modo
1911 5797 2028 5862 Aristot,
2049 5797 2067 5848 3.
2089 5797 2170 5848 Ε3636.
2190 5809 2212 5848 6.
2232 5799 2262 5860 3,
2281 5795 2315 5848 de
2339 5795 2430 5848 trltirno
2453 5797 2565 5868 hominis
2668 5799 2670 5802 '

1613 5885 1679 5944 line,
1698 5881 1719 5934 si
1737 5897 1790 5934 non
1808 5889 1890 5948 esset,
1908 5883 2008 5948 arguit:
2026 5883 2054 5934 36
2072 5883 2199 5936 inlinitum
2218 5883 2289 5936 euim
2308 5883 2342 5934 ita
2362 5885 2434 5938 deret
2445 5897 2565 5950 progres-

1613 5983 1671 6034 sos,
1689 5983 1828 6038 66663666
1844 5977 1870 6022 63
1889 5971 1970 6022 inanis
1989 5971 2119 6034 appetitus
2136 5975 2224 6022 663363
2243 5975 2319 6024 63363.
2409 6025 2410 6028 ,

1684 6053 1695 6086 ¹
1712 6057 1779 6122 Hug.
1800 6073 1815 6110 6
1835 6057 1860 6108 S.
1880 6057 1947 6110 Viet.
1964 6057 1991 6108 in
2010 6057 2090 6110 Eccle.
2111 6059 2200 6110 homil.
2215 6059 2245 6112 2:
2258 6055 2340 6112 Ceteri
2354 6059 2460 6126 quidem
2474 6075 2565 6116 omnes

1615 6143 1726 6214 [sensns]
1748 6159 1889 6210 corporeae
1907 6145 2052 6198 necessitati
2070 6145 2112 6196 vel
2135 6145 2211 6198 etiam
2237 6146 2363 6212 uoluptati
2387 6149 2518 6212 serviunt:
2539 6151 2565 6204 63

1613 6245 1677 6284 3636
1697 6233 1750 6286 duo
1768 6247 1860 6286 sensns
1868 6271 1875 6298 ‚
1894 6233 1920 6286 id
1934 6237 1983 6296 est,
1998 6233 2070 6286 visus
2088 6239 2114 6286 et
2126 6235 2229 6288 66633363
2242 6235 2361 6288 elimenta
2375 6253 2421 6290 366
2434 6237 2518 6304 66633
2530 6237 2565 6292 ad

1614 6321 1776 6386 spiritualem
1794 6321 1982 6376 iracunditatem
2002 6325 2131 6376 trabunt...
2149 6325 2214 6376 Toto
2232 6337 2297 6388 ergo
2314 6325 2417 6378 663666
2435 6327 2565 6379 rationalis

1613 6407 1757 6462 substantia
1770 6411 1812 6464 iris
1824 6409 1929 6464 duobus
1946 6409 2054 6476 regitur,
2067 6409 2144 6464 idest
2161 6413 2309 6478 cognitione
2321 6417 2346 6466 et
2357 6415 2463 6476 6336636,
2477 6419 2565 6478 63663

1613 6497 1767 6562 6663663366
1785 6499 1896 6566 quidem
1913 6497 2047 6550 veritatem
2068 6499 2194 6564 inveniat,
2211 6513 2388 6566 pertimerem
2406 6505 2495 6554 663636
2512 6515 2565 6554 636-
2630 6487 2632 6492 ’

1613 6587 1739 6650 plectatur
1757 6587 1889 6640 virtulem.
1907 6589 1940 6640 Ut
1957 6585 2036 6652 igitur
2055 6587 2089 6640 ob
2114 6589 2301 6642 beatitudinem
2324 6589 2442 6642 rationali
2462 6589 2565 6644 animae

1613 6673 1691 6726 etiam
1701 6675 1827 6728 exteriore
1835 6675 1977 6742 servirent,
1988 6677 2071 6740 posita
2081 6677 2176 6730 suntin
2186 6691 2295 6742 6636636
2306 6679 2421 6728 666666
2435 6679 2499 6730 baec
2509 6677 2563 6730 duo

1613 6761 1782 6816 instrumente
1802 6777 1941 6832 sensuum,
1959 6769 1988 6816 ut
2006 6777 2053 6828 per
2071 6777 2101 6816 ea
2120 6765 2152 6818 ad
2173 6765 2286 6818 enimam
2306 6763 2425 6816 notiones
2444 6763 2565 6830 ingrede-

1613 6853 1701 6904 rentur
1718 6857 1797 6920 63666
1816 6853 1841 6904 36
1861 6853 1917 6918 3636
1943 6853 2095 6916 sapientiem
2114 6853 2171 6906 sive
2195 6853 2331 6918 63336366,
2349 6853 2390 6906 363
2410 6853 2433 6906 33
2456 6857 2564 6908 omnino
