5908 8266
551 563 618 632 131

548 763 672 812 navum
689 745 728 812 de
753 743 860 822 uobis,
880 749 915 810 31
938 743 1086 830 1111133113
1100 743 1262 824 inviuem;
1280 743 1350 812 ideo
1367 765 1506 826 nouom,

547 851 624 938 quia
647 869 771 936 semper
785 849 880 916 debet
895 869 962 918 esse
987 869 1095 918 reeens
1112 851 1144 918 in
1159 851 1268 932 eorde,
1290 851 1367 938 quia
1381 869 1506 938 semper

546 957 681 1024 debetur
698 955 822 1024 dileetio
836 963 868 1022 et
884 975 1047 1042 nunquam
1071 959 1274 1024 inveteratur.
1293 959 1379 1026 Unde
1392 959 1433 1026 ad
1448 961 1506 1028 Ro·

548 1081 657 1130 manos
680 1063 801 1130 deoimo
825 1061 959 1130 tertio1:
986 1091 1002 1122 «
1017 1063 1137 1130 Nemini
1153 1063 1327 1150 quidquam
1351 1065 1505 1148 1131133113,

546 1169 605 1236 3131
632 1175 665 1236 31
690 1169 822 1238 invirum
851 1167 986 1252 diligatis
1003 1195 1031 1232 1.
1058 1169 1092 1234 11
1125 1169 1245 1236 medus
1269 1169 1416 1256 diligendi
1448 1189 1505 1238 ex·-

546 1277 712 1362 primitur:
738 1265 831 1344 Sient
851 1275 955 1340 dilexi
974 1295 1052 1354 333,
1076 1281 1114 1340 31
1142 1283 1173 1342 31
1194 1295 1253 1342 333
1282 1275 1505 1364 (1113311313-

545 1383 657 1450 oioem.
683 1383 751 1466 lpse
771 1387 879 1448 autem
900 1379 945 1448 sio
959 1381 1087 1460 dilexit,
1114 1387 1149 1450 ut
1173 1381 1270 1468 magis
1294 1381 1437 1468 diligeret
1454 1403 1504 1452 sa·
1532 1473 1533 1476 Ἴ

546 1489 645 1556 lutem
667 1493 809 1556 uestram
830 1505 926 1572 quam
956 1479 1053 1554 ritem
1075 1505 1162 1554 suam
1174 1511 1182 1568 ;
1209 1487 1256 1556 sio
1284 1493 1505 1578 unusquisque

545 1595 645 1682 magis
667 1595 803 1660 animam
825 1593 962 1678 proximi
988 1611 1081 1680 quam
1106 1613 1222 1681 eorpus
1251 1613 1361 1678 strum;
1384 1599 1504 1682 primae

546 1701 667 1768 loannis
692 1699 782 1766 tertio
796 1701 826 1764 ’δε
857 1725 874 1758 «
888 1699 921 1766 ln
947 1701 1006 1766 boe
1027 1701 1231 1786 eognovimus
1247 1703 1409 1772 raritatem
1433 1705 1503 1786 Dei,

545 1807 695 1894 quoniam
716 1805 768 1872 ille
791 1823 848 1890 pro
875 1805 961 1872 nobis
985 1805 1122 1874 animam
1142 1825 1234 1876 suam
1249 1811 1371 1896 posuit3
1395 1817 1428 1876 et
1446 1829 1503 1878 nos

544 1915 697 1982 debemus
710 1931 768 1996 pro
791 1911 944 1978 iratribus
957 1913 1077 1980 animas
1100 1933 1216 2000 ponere
1231 1943 1260 1982 s.
1277 1917 1314 1982 Et
1328 1915 1419 1982 rotie
1435 1935 1503 1982 mo-

544 2041 623 2090 oms
644 2021 684 2086 ad
705 2007 900 2086 dilectionem
923 2017 1068 2086 additur:

634 2129 687 2196 18.
704 2129 807 2214 (Vere.
824 2127 899 2210 311).
920 2129 957 2194 ln
982 2125 1041 2196 boe
1058 2141 1247 2216 cognossent
1269 2153 1398 2212 omnes,
1421 2131 1501 2222 puin

488 2305 490 2308 .
543 2237 702 2324 diseipnli
722 2233 788 2300 orei
810 2233 903 2314 estis,
929 2233 959 2300 si
982 2235 1183 2302 dilectionem
1205 2239 1252 2306 nd
1274 2237 1415 2306 invicem
1441 2233 1501 2304 lae-
1561 2237 1568 2244 '

545 2345 702 2422 1331113,
734 2343 821 2430 quia,
853 2341 936 2410 sieut
960 2341 1035 2422 dioit
1066 2345 1257 2430 Augustinus
1278 2347 1302 2426 ³,
1338 2371 1355 2406 c<
1377 2345 1500 2414 dileetio

542 2451 672 2538 propria
695 2457 725 2518 et
749 2449 890 2534 specialis
913 2449 1014 2516 virtus
1035 2455 1081 2516 est
1106 2451 1230 2536 piorum
1253 2457 1348 2538 atque
1379 2459 1500 2518 saneto

542 2577 625 2626 rum.
648 2559 729 2624 Haeo
751 2565 816 2634 est,
835 2575 898 2642 qua
923 2555 1071 2642 3113333311
1085 2555 1167 2624 lilios
1189 2557 1286 2642 regni
1301 2575 1317 2624 3
1332 2559 1407 2624 liliis
1429 2575 1500 2642 per-

542 2663 668 2732 ditionis
684 2687 717 2742 »3
743 2661 779 2728 ad
805 2661 952 2744 Ephesios
968 2663 1134 2746 quartos:
1155 2661 1287 2728 «Nolite
1313 2663 1499 2728 contristare

543 2769 693 2854 Spiritum
713 2773 858 2834 sanetum
873 2767 942 2846 1131,
959 2765 1071 2850 inquo
1095 2765 1205 2850 signati
1231 2767 1305 2832 estis
1323 2765 1355 2832 in
1378 2765 1429 2832 die
1448 2783 1498 2832 re-

542 2873 771 2960 demptionis».
798 2873 859 2938 llou
881 2879 986 2938 autem
1009 2871 1205 2956 signaculum
1224 2871 1359 2954 Spiritus
1381 2878 1429 2938 est
1451 2871 1497 2936 di-

542 2981 648 3058 leetio;
675 2979 711 3046 ad
730 2981 882 3046 Romaanus
905 2975 1033 3062 quinto:
1062 2977 1213 3042 «carius
1237 2975 1292 3044 Dei
1314 2976 1429 3044 diliusa
1451 2983 1504 3044 est

542 3087 573 3152 in
596 3083 745 3152 sordibus
764 3083 881 3152 nostris
904 3083 1128 3168 perspiritum
1151 3089 1310 3164 sanetum,
1335 3083 1388 3170 qui
1406 3083 1497 3152 datus

542 3197 587 3258 esi
611 3189 747 3256 uobis».
883 3251 885 3256 .
1051 3205 1052 3208 ’

524 3363 525 3366 ,
627 3297 681 3362 te.
704 3297 807 3382 (Vers.
830 3297 910 3378 36.).
941 3293 1080 3362 313131
1112 3295 1226 3362 Simon
1256 3297 1383 3362 Petrus.
1417 3297 1496 3362 Tau·-

406 3423 517 3478 ounm.
538 3403 624 3492 gitur
646 3403 697 3470 bio
713 3409 881 3488 quartum,
915 3401 1033 3470 scilieet
1055 3401 1317 3486 praesumtionis
1337 3401 1431 3468 Petri
1445 3421 1495 3470 re·

534 3507 681 3596 pressio,
703 3527 766 3596 qua
797 3527 827 3576 se
857 3509 1005 3574 ollerebat
1029 3507 1067 3572 ad
1100 3507 1267 3588 Dominum
1298 3507 1493 3574 imitandum.

539 3615 609 3682 ldeo
630 3617 754 3700 quaerit
779 3615 887 3682 Petrus
923 3613 961 3680 ab
978 3629 1032 3692 eo,
1060 3619 1098 3678 ut
1123 3629 1158 3680 se
1187 3613 1314 3680 onerat:
1343 3613 1492 3694 bandua,

539 3743 602 3812 qno
624 3723 746 3788 vadis?
770 3723 805 3788 Et
831 3719 907 3806 quia
933 3737 968 3788 se
996 3719 1110 3788 offerre
1133 3719 1435 3800 volebat,ostendn
1466 3721 1492 3788 ei

537 3829 692 3898 Dominus
713 3845 801 3896 suam
827 3827 1059 3912 impotentiam,
1085 3845 1122 3894 ne
1156 3827 1185 3892 13
1211 3827 1314 3896 uerbis
1348 3845 1492 3912 prorum-

537 3941 609 4020 pat:
634 3935 721 4000 Dieit
743 3933 928 4000 3113313353
956 3935 1026 4016 Qno
1049 3935 1228 4020 33333113,
1250 3953 1316 4000 non
1337 3941 1428 4020 potes
1443 3953 1493 4000 me
1556 3997 1558 4002 ,

537 4041 629 4130 sequi
650 4043 763 4118 modo,
797 4045 926 4124 propter
953 4039 1180 4118 infirmitatem
1205 4041 1352 4128 sequeris
1382 4047 1493 4106 antem

533 4157 666 4234 posteo,
689 4145 893 4214 confirmatus
917 4145 1044 4214 uirtute.
1068 4145 1127 4214 Sed
1151 4147 1262 4212 Petrus
1285 4145 1492 4212 admonitione

537 4273 600 4322 non
621 4253 774 4332 flectitur:
798 4253 867 4320 ideo
884 4241 1013 4320 subdit:

625 4361 803 4444 1111111333.
838 4359 914 4440 37.).
947 4359 1123 4442 Respondit
1154 4357 1183 4424 ei
1214 4361 1353 4424 Petrus:
1380 4361 1492 4442 anre

536 4487 603 4534 non
620 4483 759 4552 possum
791 4463 1116 4552 333311113133331
1148 4483 1254 4532 oneum
1277 4483 1400 4550 panum
1427 4483 1491 4550 pra

537 4583 563 4640 te
568 4597 582 4652 ,·
607 4577 636 4640 at
653 4575 714 4642 hoe
736 4571 974 4654 estperleetum
995 4571 1103 4658 sequi3
1127 4571 1209 4636 intra
1223 4571 1344 4638 decimo
1365 4571 1490 4658 quinto:

541 4677 719 4746 «Maiorem
740 4675 903 4744 caritatem
925 4693 1023 4742 nemo·
1041 4677 1152 4754 habet,
1178 4683 1217 4742 ut
1238 4675 1373 4742 animam
1403 4695 1491 4742 suam

536 4791 629 4870 ponat
653 4785 725 4870 quis
746 4801 804 4868 pro
828 4783 935 4858 amieis
964 4781 1029 4850 suis
1044 4811 1074 4848 ».
1100 4783 1128 4850 Si
1155 4801 1230 4868 ergo
1254 4785 1313 4850 hoe
1346 4801 1490 4868 possum,

492 4913 495 4920 ’
536 4893 614 4958 bene
645 4907 773 4976 possum
803 4889 903 4975 sequi.
927 4889 964 4956 Et
991 4889 1152 4974 quianon
1183 4889 1303 4956 desistit
1327 4889 1443 4962 ,Petrus
1473 4909 1491 4976 a

536 4997 768 5084 praesumtione
785 5015 840 5080 per
856 4985 1097 5062 admonitionem
1112 4995 1288 5080 fragilitatis
1299 5013 1391 5078 suae,
1407 5015 1490 5064 nune
1519 4983 1521 5066 s

536 5105 721 5188 reprimitur
746 5121 803 5186 per
831 5101 1074 5188 praedictionem
1101 5101 1377 5186 praevaricationis
1404 5101 1488 5168 iutu-
1518 5193 1519 5198 ἵ

605 5467 613 5498 ¹
635 5471 711 5522 Vers.
729 5471 760 5530 8,
780 5471 804 5520 in
824 5485 905 5538 quem
923 5471 1011 5522 locum
1031 5469 1120 5522 Glossa
1141 5469 1284 5524 ordinaria
1304 5461 1518 5540 (3311333313ῚῚ

534 5557 612 5624 Epist.
633 5559 693 5610 1111.
713 5557 775 5610 alias
793 5559 837 5610 61.
854 5573 879 5610 n.
901 5559 951 5624 l.):
971 5559 1030 5610 Sola
1047 5559 1117 5610 enim
1139 5559 1230 5612 carius
1250 5565 1300 5622 est,
1321 5573 1390 5626 quae
1412 5559 1489 5612 etiarn

533 5649 633 5702 reddita
653 5661 757 5714 semper
776 5645 869 5698 retinet
888 5645 1044 5700 debitorem.
1061 5647 1189 5702 Redditur
1208 5647 1290 5714 euim,
1310 5663 1371 5702 oum
1392 5649 1492 5712 impen—
1516 5697 1517 5700 ,

534 5737 615 5800 ditum
635 5735 746 5792 debetur
766 5741 866 5796 autem,
889 5735 990 5786 etiamsi
1016 5735 1116 5786 reddita
1141 5737 1230 5802 luerit,
1251 5735 1311 5804 quia
1332 5737 1433 5788 nullom
1453 5741 1491 5788 est

534 5831 654 5894 tempus,
671 5841 726 5894 qrro
743 5823 921 5888 impendenda
941 5837 993 5876 non
1014 5823 1052 5876 sit.
1066 5825 1118 5876 Nee
1131 5837 1192 5876 oum
1206 5825 1337 5888 redditur,
1349 5825 1490 5888 emittitur,

486 5949 488 5954 ·
533 5915 581 5968 sed
599 5915 686 5980 potins
706 5913 842 5968 reddendo
859 5911 1047 5976 multiplicatur
1067 5917 1114 5964 ete.
1323 5909 1427 5966 'vers
1449 5913 1489 5964 16.

603 5999 614 6032 ³
635 6005 718 6056 Prima
738 6003 817 6056 buius
836 5999 978 6054 sententiae
997 5999 1155 6066 3333331113,
1167 5999 1190 6050 31
1209 5999 1290 6054 verba
1310 6001 1500 6062 attendantur,

533 6097 571 6146 est
590 6095 723 6158 prosperi,
750 6079 1041 6144 Libusentenuarom
1070 6101 1100 6140 en
1128 6089 1275 6152 Augustino
1302 6087 1489 6152 delibutarum,

533 6197 555 6236 u.
577 6183 606 6246 7,
625 6183 660 6236 de
676 6197 729 6248 qua
748 6183 794 6234 eir.
813 6181 939 6244 August,
957 6179 1074 6230 Enarrat.
1093 6177 1119 6228 in
1140 6179 1189 6228 Ps·
1204 6177 1263 6228 1113.
1280 6189 1359 6228 serm.
1385 6179 1405 6226 Ι.
1424 6191 1451 6230 n.
1463 6177 1488 6228 9.

533 6271 605 6338 (vide
624 6277 687 6324 tom.
707 6273 742 6324 lll.
764 6283 827 6336 pag.
848 6269 914 6332 6911,
932 6273 1023 6320 notam
1043 6267 1094 6336 l.);
1113 6265 1228 6320 secunde
1250 6263 1360 6316 babetur
1385 6265 1443 6316 XV.
1456 6265 1489 6318 de

533 6361 604 6412 Trio.
623 6373 648 6412 e.
667 6361 711 6412 ta.
727 6375 755 6410 n.
774 6359 821 6426 31;
841 6360 888 6410 eir.
908 6359 924 6410 l.
947 6359 1017 6410 Sent.
1034 6355 1062 6410 d.
1081 6355 1123 6408 17.
1142 6371 1167 6422 p.
1191 6355 1207 6408 1.
1224 6353 1289 6406 dub.
1310 6353 1336 6404 6.

601 6443 613 6476 ³
635 6447 771 6508 Versdtl.
790 6469 827 6486 -··-
845 6445 968 6514 Sequitur
986 6447 1063 6498 Rom.
1083 6445 1111 6510 5,
1133 6443 1156 6496 5.
1277 6445 1278 6448 ’

602 6533 612 6564 ⁶
633 6536 743 6602 Vulgata
765 6533 905 6602 Respondit
923 6535 1007 6590 lesus.
1024 6563 1061 6574 -
1079 6533 1126 6584 Ed.
1145 6533 1222 6598 33313
1248 6529 1371 6596 superius
1393 6541 1443 6594 pro
1460 6525 1489 6580 in

531 6623 617 6680 neruis
639 6625 669 6692 (H
681 6625 704 6678 ltl
722 6623 752 6678 in
770 6623 863 6686 uerba,
886 6625 905 6676 N
924 6623 954 6676 in
972 6621 1092 6690 verbnm)
1112 6621 1247 6674 substituit
1264 6619 1292 6672 in
1313 6617 1395 6674 uerba
1413 6619 1496 6670 teme·¹

531 6713 620 6768 ritutis
640 6717 689 6768 unt
704 6711 915 6782 praesumtionis
936 6713 1081 6780 (Gerranus
1104 6711 1134 6764 in
1159 6707 1249 6766 uerbis
1267 6703 1422 6764 temeritatis
1442 6707 1491 6758 out
1512 6751 1513 6754 ,

528 6801 768 6868 praesumtionis),
788 6815 857 6866 quae
876 6803 956 6854 etiam
974 6801 1081 6854 interius
1097 6805 1158 6866 post
1176 6799 1350 6854 3113133333
1371 6799 1489 6858 Gorraoo

532 6887 604 6940 addit
622 6903 657 6940 33
675 6889 730 6944 alto
752 6889 807 6950 (etr.
828 6903 906 6954 supra
924 6905 953 6942 n.
971 6887 1015 6940 16.
1033 6887 1060 6940 13
1078 6887 1149 6956 line).

1241 569 1435 658 couneus.
1458 569 1741 638 3113133333.
1765 571 1837 638 nrn.

1569 767 1632 816 rae.
1657 747 1893 834 propterquod
1922 749 2073 818 Dominus
2105 751 2237 820 resumit
2258 751 2391 836 verbum
2424 753 2524 834 Petri,

1568 857 1605 920 ut
1628 859 1757 938 arguat:

1658 961 1709 1026 iil.
1736 959 1836 1046 (Vers.
1862 959 1938 1040 38.).
1968 961 2145 1046 Respondit
2168 961 2198 1028 ei
2222 965 2330 1030 lesus:
2364 963 2526 1030 Animum

1568 1071 1664 1132 tunm
1683 1085 1748 1152 pro
1769 1085 1821 1130 me
1838 1065 1964 1150 pones?
1982 1067 2215 1154 Augustinus':
2241 1067 2397 1134 «Praeire
2421 1073 2523 1154 potes,

1568 1171 1623 1256 qui
1638 1171 1728 1258 sequi
1745 1189 1807 1238 non
1822 1179 1910 1256 potes
1925 1181 1938 1238 t
1956 1173 2037 1258 Quid
2055 1181 2083 1242 te
2108 1193 2176 1242 esse
2190 1171 2313 1242 oredist
2338 1175 2431 1254 Audi,
2447 1175 2525 1260 quid

1568 1277 1611 1344 sis
1626 1303 1656 1342 a.
1683 1281 1806 1356 Amen,
1829 1277 2013 1346 amandino
2040 1279 2115 1362 tibi,
2128 1301 2205 1370 'non
2227 1279 2385 1346 3333131111,
2391 1279 2523 1366 pedus,

1567 1385 1668 1452 donee
1690 1391 1805 1450 terme
1826 1403 1931 1470 nepes.
1947 1385 2157 1470 Augustinus:
2185 1413 2201 1446 r
2218 1385 2275 1472 Qui
2293 1385 2368 1452 milri
2392 1387 2524 1472 promit-

1568 1489 1609 1556 tis
1631 1495 1763 1556 murtem
1796 1495 1899 1568 tuam,
1925 1497 1973 1556 ter
1995 1491 2123 1576 negabis
2153 1493 2248 1560 vitam
2273 1495 2368 1558 tuam.
2402 1493 2525 1576 Quanta

1567 1595 1649 1664 enim
1675 1595 1738 1662 rita
1759 1603 1808 1662 est
1829 1595 1972 1664 3311111331
1995 1595 2174 1678 Christum,
2197 1605 2283 1666 tanta
2298 1617 2382 1666 mors
2407 1605 2453 1666 331
2470 1617 2523 1664 33-

1565 1721 1640 1788 gare
1664 1703 1833 1768 Christum.
1859 1701 2007 1768 Timendo
2043 1709 2177 1772 nrortem
2212 1707 2313 1772 earnis
2343 1713 2430 1786 tuae,
2467 1705 2521 1772 da*

1566 1809 1615 1876 bis
1637 1815 1771 1876 mortem
1796 1809 1917 1876 animae
1940 1815 2011 1876 tuae
2027 1835 2058 1874 a.

1928 2023 2154 2108 Qunasrrouss

1653 2241 1704 2306 51.
1742 2239 1866 2324 Quaest.
1903 2239 1923 2304 l.
1959 2237 2127 2324 Quaeritur
2164 2237 2202 2304 de
2236 2237 2295 2304 boo
2329 2237 2413 2324 quod
2447 2237 2524 2304 dielt

1563 2345 1683 2431 primo:
1709 2343 1806 2412 Nune
1829 2343 2039 2430 elorr'deetns
2059 2351 2108 2412 est
2130 2343 2237 2412 Filius
2261 2341 2423 2422 dominis:
2447 2345 2523 2430 quia

1563 2451 1596 2516 io
1619 2451 1761 2536 passione
1786 2459 1815 2520 et
1839 2453 2013 2538 proditione
2039 2447 2128 2520 ludae
2150 2453 2253 2538 potius
2277 2451 2393 2518 dieitur
2414 2451 2523 2516 mino-

1562 2565 1781 2640 1313333313
1804 2557 2023 2642 eiuripientns.
2169 2545 2172 2552 ⁴

1652 2651 1832 2746 Respondet
1850 2663 2041 2748 Augustinus
2051 2663 2075 2744 ⁸,
2100 2665 2183 2748 quod
2204 2667 2263 2732 hoe
2282 2663 2398 2732 dieitur
2420 2663 2452 2732 in
2474 2665 2521 2732 si·
2538 2673 2604 2732 nup.
2618 2673 2640 2718 ¹·

1559 2785 1644 2852 pne,
1663 2767 1737 2852 quia
1751 2765 1784 2832 in
1799 2785 1928 2852 egressu
1948 2767 2042 2834 Iudae
2057 2777 2278 2836 remanserunt
2292 2777 2414 2836 tanturm
2429 2771 2520 2852 boni;
2587 2811 2588 2816 κ

1561 2877 1594 2936 31
1616 2861 1690 2938 tune
1707 2873 1878 2958 significata
1903 2881 1948 2940 est
1972 2873 2238 2954 intemptandas,
2263 2875 2294 2942 in
2317 2883 2520 2962 quenulam

1560 2993 1633 3044 eum
1658 2977 1746 3044 bonis
1779 2979 1839 3044 erit
1861 2981 1954 3046 Deus.
1982 2979 2148 3047 —Aliter
2180 2987 2283 3066 potest
2315 2981 2399 3062 diei,
2433 2983 2518 3068 quod
2541 2991 2606 3048 Resi-
2621 2991 2643 3034 2-

1560 3083 1620 3148 boo
1643 3083 1719 3148 dieii
1741 3083 1915 3152 seeundum
1936 3085 2112 3164 meritum,-
2137 3087 2265 3172 quia'in
2288 3087 2429 3172 passione
2454 3093 2519 3154 me-

1560 3189 1626 3256 ruit
1661 3191 1826 3258 clarificari
1856 3197 1887 3258 31
1921 3199 2076 3278 quantum
2110 3193 2143 3260 ln
2164 3211 2212 3260 se
2245 3193 2427 3276 olarilioavit
2458 3197 2519 3260 113-

1559 3295 1680 3370 minum
1694 3293 1718 3362 ⁹.
1754 3369 1755 3372 Ἴ
2201 3339 2206 3348 -

1650 3401 1701 3468 53.
1727 3401 1851 3486 Quaest.
1875 3403 1909 3468 ll.
1934 3403 1992 3470 Sed
2024 3405 2249 3488 quaeritanda
2275 3406 2333 3472 boe
2363 3404 2449 3490 quod
2471 3405 2517 3472 di-

1559 3505 1620 3572 eit:
1648 3509 1718 3590 Quo
1739 3527 1797 3594 333
1820 3509 1924 3588 uodo,
1949 3527 2006 3574 nos
2030 3529 2097 3578 non
2114 3511 2249 3596 potestis
2273 3511 2393 3578 uenire.

1649 3615 1798 3680 Gouran:
1826 3617 1853 3680 l.
1871 3615 1973 3700 Supra
1994 3615 2218 3684 duodecimo1⁰
2233 3617 2350 3684 dietum
2369 3623 2432 3686 est:
2453 3617 2520 3702 Qni

1557 3717 1643 3786 midi
1664 3719 1838 3788 ministret
1862 3741 1913 3788 me
1943 3729 2122 3808 sequatur:
2148 3741 2222 3810 ergo
2244 3723 2432 3790 hortabatur
2463 3743 2517 3792 eos

1556 3825 1597 3890 ad
1619 3823 1820 3910 impossibile.
2151 3893 2152 3896 ,
2373 3893 2375 3896 ,

1647 3935 1675 3998 1.
1694 3931 1785 4012 ltem,
1800 3931 1913 3998 Petrus
1923 3931 1998 4000 dioit
2010 3933 2131 4018 primae
2144 3933 2314 4000 Canonioae
2327 3933 2514 4000 seeundoss:

1559 4035 1713 4106 Christus
1741 4057 1866 4124 333333
1899 4049 1946 4106 331
1959 4059 2034 4126 pro
2063 4039 2176 4120 nobis,
2207 4039 2296 4106 nodis
2329 4039 2516 4128 relinquens

1555 4145 1758 4232 exemplum,
1783 4153 1821 4210 nt
1843 4147 2031 4236 sequemini
2043 4147 2182 4234 33311313
2206 4147 2294 4214 eins:
2318 4165 2393 4232 ergo
2414 4145 2514 4212 omni-

1555 4253 1615 4318 bus
1648 4253 1782 4318 dabatur
1811 4253 2005 4338 exemplum.
2030 4253 2191 4338 Quomodo
2220 4271 2295 4340 argo
2327 4253 2421 4320 dieii:
2456 4253 2515 4318 Vos

1554 4377 1622 4424 non
1642 4359 1777 4444 potestis
1798 4357 1936 4424 uenire?
2092 4355 2093 4358 ’

1647 4463 1820 4532 bibendum
1844 4463 1882 4530 ad
1905 4467 1979 4544 boo,
2001 4467 2086 4550 quod
2111 4467 2195 4532 siout
2206 4487 2301 4552 posse
2322 4467 2452 4532 eredere
2466 4465 2514 4534 di·
2531 4475 2669 4574 ⁶133&thss

1554 4569 1639 4636 uitur
1662 4569 1846 4654 dupliciter:
1868 4589 1932 4636 uuo
1962 4571 2069 4652 modo,
2092 4577 2187 4656 prout
2210 4571 2284 4640 dieit
2312 4571 2514 4658 passibilitat—
2672 4563 2677 4574 '

1556 4681 1633 4752 tem,
1657 4679 1688 4740 et
1715 4675 1759 4742 sie
1782 4681 1830 4742 est
1858 4685 2007 4756 naturae;
2031 4676 2091 4742 alio
2114 4677 2220 4756 modo,
2250 4683 2343 4762 prout
2359 4677 2435 4744 dieit
2453 4697 2514 4764 po-

1556 4789 1701 4850 testatem
1724 4781 1888 4862 uotiuum,
1910 4789 1941 4850 et
1964 4781 2009 4850 sie
2031 4781 2165 4868 gratiae:
2192 4783 2234 4850 313
2258 4787 2287 4850 31
2316 4801 2411 4868 33333
2439 4785 2513 4850 imi-

1555 4889 1626 4956 1331
1660 4889 1875 4980 passionem,-
1898 4891 1971 4974 quia
2004 4887 2115 4976 posse
2138 4883 2364 4976 imperfectum
2398 4897 2447 4958 est
2479 4891 2513 4958 in

1553 4997 1661 5076 nobis,
1694 4997 1748 5064 sed
1768 5003 1911 5084 potestus
1943 4995 2100 5082 completo
2121 5013 2177 5082 per
2204 4995 2354 5076 virtutem
2378 4997 2513 5080 Spiritus

1554 5103 1670 5180 saneti,
1696 5121 1759 5188 qua
1781 5101 1918 5168 nondum
1945 5109 2034 5168 erent
2058 5101 2156 5168 induti
2182 5101 2317 5188 Apostoli
2332 5101 2369 5178 ,¹²-

1626 5467 1638 5498 ⁶
1657 5471 1782 5536 Vulgata:
1800 5469 1871 5524 111311
1889 5467 1913 5524 ei
1930 5471 2042 5522 Petrus:
2066 5469 2154 5534 Qriare
2173 5483 2228 5522 non
2248 5481 2363 5536 possum
2388 5469 2411 5518 te
2437 5465 2513 5534 sepni

1555 5555 1656 5612 modo?
1675 5587 1711 5598 —
1730 5559 1847 5612 Subinde
1865 5561 1992 5632 allegatur
2010 5561 2077 5612 toan.
2098 5557 2145 5622 15,
2166 5556 2207 5608 13.
2293 5605 2295 5610 ,
2429 5565 2430 5568 ’

1627 5643 1683 5698 'ln
1703 5649 1771 5700 loon.
1788 5647 1888 5712 Evang.
1906 5655 1940 5698 tr.
1960 5645 2003 5698 66.
2023 5659 2048 5696 3.
2069 5647 2097 5710 1,
2119 5643 2162 5696 ubi
2183 5649 2242 5708 post
2259 5655 2314 5696 nen
2330 5645 2407 5710 33133
2428 5647 2511 5696 textus

1554 5735 1689 5798 originalis
1707 5735 1793 5788 addit:
1817 5733 1887 5800 Quid
1904 5737 2010 5788 tentam
2024 5729 2204 5800 praesumis?
2220 5729 2297 5814 ⁸Quid
2314 5729 2343 5786 de
2363 5735 2387 5786 13
2404 5733 2510 5786 sentis?

1555 5823 1620 5876 lbid.
1640 5829 1679 5876 est
1697 5839 1752 5890 seq.
1770 5825 1857 5886 loeus,
1878 5821 1922 5876 rabi
1943 5823 1967 5874 in
1988 5825 2057 5874 textu
2079 5821 2203 5892 originali
2219 5823 2295 5886 plura
2320 5819 2510 5874 interseruntur

1554 5917 1580 5966 et
1597 5919 1812 5978 transponuntur.

1625 5999 1681 6054 sln
1701 6003 1769 6054 ioan.
1786 6003 1886 6064 Eveug.
1904 6005 1937 6050 tr.
1956 5999 1999 6050 63.
2017 6011 2043 6050 n.
2064 6001 2087 6050 1.

1625 6087 1706 6142 ”Cin
1724 6103 1804 6156 supra
1824 6105 1848 6140 n.
1871 6087 1909 6140 11.
1930 6093 1955 6140 31
1973 6087 2015 6140 15.
2033 6113 2070 6128 ·-
2087 6089 2135 6140 Ed.
2153 6087 2183 6142 in
2196 6085 2324 6158 passione
2336 6089 2443 6142 tunium
2454 6101 2509 6140 me-

1553 6177 1610 6230 3311
1629 6177 1791 6250 clarificari,
1811 6179 1944 6246 querutum
1961 6183 2010 6230 ete.
2252 6183 2253 6186 ’
2336 6183 2337 6186 ’
2414 6193 2415 6196 ’
2473 6187 2474 6190 ’

1626 6265 1648 6298 ¹⁰
1667 6269 1743 6322 Vere.
1762 6269 1803 6320 16.

1625 6355 1804 6410 111131311.
2218 6383 2220 6386 -
2439 6401 2440 6404 ,

1625 6443 1646 6474 ¹³
1664 6447 1814 6512 Respieitur
1828 6447 1892 6496 bue.
1911 6443 1959 6508 11,
1980 6445 2027 6508 411;
2048 6449 2094 6498 eir.
2113 6459 2193 6510 supra
2210 6461 2237 6498 n.
2256 6443 2299 6496 116.
2312 6443 2337 6496 13
2350 6445 2411 6496 doe.
2425 6473 2457 6484 —
2470 6445 2508 6496 De

1543 6531 1717 6586 ¹distinetione
1732 6531 1917 6602 possibilitatis
1937 6539 1961 6586 et
1975 6531 2116 6602 potestatis
2136 6533 2198 6586 vide
2222 6545 2304 6596 supra
2325 6545 2349 6584 e.
2370 6533 2392 6584 l.
2414 6547 2438 6584 o.
2457 6533 2506 6596 31,

1553 6617 1599 6672 ubi
1619 6623 1696 6674 etiam
1715 6621 1958 6674 3113133133333113
1977 6623 2101 6686 August,
2120 6635 2188 6688 quae
2205 6623 2249 6674 bic
2267 6619 2451 6686 respiciuntur.
2472 6647 2507 6660 «-

1554 6707 1680 6772 Superius
1692 6719 1752 6776 post
1760 6709 1962 6780 possibilitatem
1975 6713 2016 6764 erl.
2030 6711 2105 6764 addit
2123 6709 2306 6780 imperfectam
2317 6713 2342 6764 31
2357 6707 2505 6778 passivum,

1553 6803 1578 6848 et
1595 6797 1707 6852 vocibus
1724 6803 1882 6868 potestatem
1898 6797 2016 6854 uotiuum
2036 6799 2165 6854 interserit
2180 6801 2327 6872 perfeetum
2345 6801 2379 6852 et.
