5934 8292
1202 595 1475 662 [enutriendam
1501 597 1530 660 C.
1557 597 1589 660 ll.

404 803 471 854 rium
490 789 608 846 eiusdem
629 787 655 836 in
673 777 843 844 Erurxgeliunx
858 777 944 828 Lucae
959 771 1008 826 sul]
1023 773 1094 826 titulo
1106 777 1224 826 recenter
1243 777 1360 822 000004ος

405 897 516 960 Postilla
545 893 573 946 in
598 889 758 948 Iohannem,
788 883 836 934 004.
860 893 924 932 rere
953 881 981 932 l:
1007 881 1086 944 Ecce,
1112 877 1240 948 intelliget
1266 891 1359 932 sertas

404 1019 479 1068 tuctu
497 1007 546 1056 ete.
573 993 671 1050 Desinit
699 987 740 1040 sol.
767 987 828 1040 494.
853 999 876 1038 4.
901 987 949 1038 col.
977 987 1008 1048 4,
1036 999 1131 1038 manus
1149 999 1218 1038 saec.
1240 985 1299 1036 XV.
1319 987 1361 1038 ad·

406 1115 486 1170 didit:
513 1099 623 1160 postilla
644 1091 770 1162 tcrnpirlri
789 1089 900 1146 1000040
920 1089 1090 1146 parisiensis.
1109 1119 1146 1130 -
1163 1091 1235 1154 Siga.
1257 1089 1302 1142 4444.
1327 1091 1359 1154 L;

405 1223 468 1276 44440
485 1231 513 1266 D·
531 1213 554 1264 3·
985 1251 987 1256 ·

476 1325 502 1374 4.
530 1305 666 1374 4440000444
690 1307 716 1358 40
739 1307 864 1372 Balearic,
891 1303 1044 1358 bibliotheca
1073 1305 1168 1368 Regia,
1195 1303 1254 1358 eod.
1277 1287 1370 1378 44444.

405 1427 517 1488 membr.
534 1423 560 1472 in
587 1419 627 1470 iol.
648 1425 717 1468 0000.
737 1413 800 1465 Xlll.
821 1411 1029 1464 Commentarius
1053 1407 1143 1472 incipit
1159 1411 1202 1462 404.
1221 1408 1245 1460 t.
1265 1423 1284 1458 r.
1304 1409 1359 1460 sine

406 1539 457 1590 utto
475 1529 546 1584 titulo
566 1533 591 1576 04
608 1521 714 1578 nornine
727 1519 858 1572 auctoris:
872 1515 952 1582 Eece,
965 1515 1092 1584 4040444004
1103 1529 1200 1570 sernas
1216 1527 1291 1568 40000
1311 1521 1358 1568 040.

404 1635 501 1694 Desinit
521 1631 560 1684 tol.
581 1628 623 1680 64.
643 1641 668 1680 0.
687 1625 735 1676 004.
757 1625 780 1674 2.
799 1623 867 1676 circa
884 1623 1005 1674 ’4004440444
1018 1641 1023 1674 :
1036 1619 1080 1674 Aa
1096 1635 1179 1688 qaam
1199 1617 1280 1674 0440-40
1295 1635 1359 1688 per-

403 1743 485 1800 ducat
502 1749 551 1790 000
571 1737 646 1788 lestis
662 1731 748 1794 Xtrrs,
769 1727 870 1798 004004
892 1741 943 1794 prr
968 1725 1059 1782 004040
1084 1725 1174 1780 secedo
1201 1725 1356 1780 datrediotos.

404 1853 495 1906 40400.
516 1841 561 1898 Sic
578 1839 647 1912 4044.
664 1865 700 1876 -
719 1837 791 1902 Siga.
812 1837 858 1888 litt.
878 1835 908 1886 44.

473 1953 529 2004 Non
546 1961 645 2014 0044000
662 1943 783 2008 proprias
805 1941 914 2008 04004404
937 1937 1059 1994 400440000
1069 1961 1077 2004 ;
1095 1941 1249 2004 generaliter
1271 1943 1357 1992 404000

404 2057 525 2118 convenit
541 2067 601 2106 curn
621 2049 699 2104 codd.
718 2049 783 2100 bibl.
800 2047 960 2100 placentinae
984 2055 1010 2100 et
1033 2047 1197 2128 quandoque
1220 2059 1281 2098 eum
1307 2059 1358 2118 uno

403 2169 535 2228 alteroque
553 2159 611 2214 cod.
631 2157 693 2210 bibl.
713 2155 871 2214 parisiensis,
990 2127 991 2132 ἵ
1059 2129 1061 2132 ¹
1112 2131 1114 2134 ¹

473 2265 631 2330 blitildem,
656 2263 680 2316 in
710 2263 805 2314 cadem
831 2259 1001 2328 bibliotheca,
1021 2259 1080 2312 cod.
1104 2259 1200 2312 47483.
1226 2261 1307 2310 044044.
1332 2259 1357 2310 40

404 2381 445 2432 404.
464 2389 532 2430 0000.
550 2373 607 2424 XV.
626 2369 749 2440 ineuntis,
769 2367 860 2434 incipit
880 2367 921 2418 iol.
942 2369 966 2420 4.
983 2381 1006 2420 r.
1025 2365 1076 2418 sub
1099 2369 1149 2418 bac
1174 2365 1356 2430 inscriptione:

404 2487 493 2540 Gorru
518 2493 598 2548 semer
620 2475 778 2532 loltannrrn.
795 2475 861 2526 Hinc
889 2475 937 2526 col.
956 2475 985 2526 l:
1006 2475 1085 2538 4000,
1108 2471 1238 2542 intelliget
1264 2487 1359 2526 sernas

400 2601 476 2642 04000
494 2591 543 2638 040.
562 2579 771 2636 Commentarius
789 2581 867 2632 raldo
895 2583 933 2630 ost
959 2577 1098 2658 arnpliatus
1127 2581 1179 2630 tere
1201 2589 1248 2644 per
1267 2583 1357 2630 totum.

401 2691 500 2746 Desinit
520 2695 546 2742 nt
565 2691 591 2740 in
609 2689 679 2742 editu
701 2687 741 2738 404.
764 2685 823 2738 464).
842 2687 930 2754 mccl.
952 2689 975 2738 2.
997 2673 1023 2738 in
1040 2683 1101 2736 bne.
1122 2685 1250 2736 Additur:
1266 2683 1359 2752 Capil-

402 2799 438 2854 cit
452 2811 502 2868 per
521 2809 618 2848 400000
638 2799 661 2848 04
680 2807 735 2848 tion
749 2805 801 2862 per
817 2791 913 2862 pedem
927 2793 975 2844 0440
995 2807 1089 2844 mansis
1106 2791 1290 2860 prosequitur:
1304 2793 1359 2844 4440-

400 2903 482 2974 pister
502 2899 631 2956 4440040440
650 2897 681 2952 de
702 2897 792 2952 Corra
810 2913 892 2968 snper
910 2899 1066 2952 4040440040.
1083 2927 1121 2938 -
1139 2899 1209 2964 sign.
1227 2899 1272 2950 titt.
1292 2899 1324 2952 Ο.

434 3067 435 3070 ¹
470 3009 519 3060 4440
541 3009 599 3060 cod.
620 3003 723 3060 exbibet
751 3003 972 3060 Commentarium
1001 3005 1095 3080 Nicolai
1120 3005 1153 3058 do
1178 3007 1290 3066 Gerran,
1312 3003 1358 3054 sed

401 3127 462 3166 cum
485 3111 641 3166 lectionibus
665 3111 843 3178 variantibus3
864 3111 933 3164 unde
952 3111 1017 3166 sieut
1035 3081 1077 3162 4440
1094 3111 1193 3174 edilia,
1209 3109 1287 3162 babet
1306 3111 1359 3162 iere

382 3221 528 3286 ‘integrans
547 3219 685 3276 postillam
698 3225 828 3282 nostram,
848 3217 873 3270 in
893 3197 945 3284 qua
965 3225 1041 3282 parto
1066 3217 1199 3270 ordinario
1223 3215 1359 3270 conlirrnat

400 3327 523 3388 lectiones
540 3327 661 3378 codicum
681 3333 838 3378 nostrorum.

471 3433 495 3482 8.
516 3429 674 3486 diortaslerii
692 3431 718 3482 in
743 3433 879 3498 Dorussia,
898 3429 1055 3484 bibliotheca
1080 3431 1200 3496 paulina,
1218 3429 1277 3482 cod.
1299 3431 1356 3482 435.

402 3537 516 3592 membr.
533 3537 559 3588 in
579 3539 620 3590 404.
641 3551 723 3604 parre
743 3553 812 3592 sace.
825 3539 1026 3592 444404000440.
1042 3537 1252 3590 Connnontarins
1269 3537 1360 3602 incipit

401 3645 445 3698 404.
464 3649 486 3698 4.
508 3659 528 3696 4.
547 3647 595 3698 col.
617 3648 646 3698 l:
665 3645 747 3712 Ecce,
767 3643 895 3712 intelliget
911 3657 1008 3698 0000440
1031 3657 1107 3696 uictis
1127 3651 1176 3696 040.
1196 3643 1291 3698 Desinit
1318 3645 1360 3696 404.

402 3751 444 3804 Di.
463 3765 483 3802 r.
505 3751 551 3804 col.
574 3753 602 3804 l:
622 3753 682 3820 ipso
707 3747 864 3814 0444000040,
884 3747 932 3816 pai
952 3747 1017 3804 04044
1044 3751 1071 3802 04
1094 3753 1195 3816 repudi
1215 3747 1245 3802 iu
1268 3747 1359 3802 000040

401 3857 564 3912 senariorum.
578 3859 670 3912 44000.
691 3857 745 3908 4440
765 3869 857 3908 040000
877 3855 971 3908 saecoli
984 3855 1052 3936 XlV.
1071 3855 1172 3908 addidit
1183 3873 1189 3906 4
1202 3851 1362 3922 4004404004

401 3963 510 4018 40044440
536 3963 691 4032 irrupturi...
713 3963 822 4030 (0044400
849 3963 896 4014 tuit
923 3963 1058 4030 abrasum)
1082 3975 1163 4032 super
1193 3961 1360 4030 cuortpelinnt

401 4045 703 4136 lolio-nais.Sequuntur
721 4069 876 4122 Collationes
893 4071 1092 4124 bonaventurae
1107 4069 1133 4122 in
1148 4071 1263 4122 euxxdcrn
1276 4069 1361 4120 Eran-

401 4177 515 4240 gelium,
533 4177 567 4230 de
585 4177 682 4244 quibos
701 4177 839 4244 loquemur
858 4177 973 4230 interius.
992 4205 1027 4216 -
1046 4175 1119 4240 Sign.
1138 4175 1183 4228 titt.
1202 4179 1230 4230 b'.

401 4323 403 4326 .
439 4339 440 4344 .
470 4281 616 4348 Utrumque
639 4293 707 4346 opas
730 4287 771 4334 004
794 4295 963 4346 0000040004.
983 4283 1086 4334 praeter
1114 4281 1209 4332 44401400
1236 4281 1360 4332 lectiones

401 4385 523 4452 proprias
547 4389 678 4452 peculiare
705 4387 754 4452 ipsi
777 4395 829 4456 est,
848 4389 921 4462 qnod
941 4395 992 4440 4004
1013 4403 1074 4440 curis
1092 4389 1151 4440 cod.
1171 4377 1191 4442 C
1212 4385 1274 4440 bibl.
1294 4389 1360 4440 pari·

402 4491 509 4554 0400040,
527 4507 606 4558 quem
628 4505 688 4546 curn
708 4493 767 4546 cod.
784 4491 846 4546 bibl.
869 4491 1042 4556 Tudertinae,
1061 4493 1106 4560 qui
1129 4493 1197 4558 sign.
1215 4495 1361 4560 E,·conre·

401 4599 456 4662 nit,
474 4603 562 4650 tamen
581 4599 750 4652 scatetvitiis
768 4599 874 4652 librarii.
1216 4575 1217 4578 Ἴ

463 4697 497 4756 D.
517 4701 614 4758 4400440
634 4703 779 4770 dicernat,
799 4703 955 4770 bibliotheca
983 4703 1146 4768 Cernentes,
1166 4705 1224 4758 eod.
1248 4703 1360 4758 membr.

401 4811 427 4862 40
447 4813 486 4864 404.
500 4825 570 4864 saec.
584 4813 654 4866 XlV.
668 4817 727 4876 post
748 4815 923 4866 4004440404οι0.
945 4813 1138 4866 Commentario
1157 4813 1359 4878 praemittuntur

400 4921 465 4970 naec
482 4917 565 4970 verba
584 4917 618 4972 ab
637 4919 701 4984 0440,
719 4921 768 4972 0044
781 4935 889 4982 ,cooeva
915 4935 995 4974 manu
1019 4921 1109 4986 patuis
1128 4921 1216 4974 litteris
1240 4927 1359 4974 exarata:

400 5023 536 5094 incipiant
556 5025 663 5078 postilla
692 5025 786 5094 putris
813 5027 1001 5082 440000040οι0
1024 5039 1106 5094 snper
1133 5025 1301 5096 coeundique
1319 5029 1359 5080 40-

400 5129 508 5184 bannis.
527 5133 559 5184 ln
577 5133 643 5200 tosto
660 5133 751 5186 000044
767 5133 895 5186 lolio-riuis
919 5133 1189 5212 ennttpeiistapotest
1205 5133 1254 5190 istc
1267 5133 1359 5202 prelo·

400 5249 451 5304 ptis
462 5235 605 5306 predicari.
621 5235 718 5288 Deinde
732 5241 782 5288 cot.
798 5241 822 5292 l:
834 5239 916 5302 Erec,
937 5237 1068 5306 iatotttpar
1079 5243 1129 5292 040.
1141 5237 1227 5292 Codex
1242 5239 1282 5290 bic
1295 5241 1360 5292 mul·

400 5349 439 5396 tas
453 5341 531 5394 babet
543 5343 621 5394 salsas
633 5343 755 5394 lectiones
767 5347 792 5394 et
805 5343 948 5394 identidem
962 5343 1039 5396 044040
1053 5343 1164 5396 40040400
1184 5347 1296 5398 lacunas.
1313 5345 1359 5398 De·

398 5451 461 5502 sinit
479 5451 521 5502 404.
539 5449 631 5502 ultimo
650 5463 726 5502 serso
746 5447 793 5514 per
813 5451 877 5500 44000
890 5447 970 5500 rerba
983 5467 990 5500 :
1003 5447 1052 5502 llic
1070 5453 1108 5502 est
1126 5449 1188 5520 4040
1206 5449 1283 5504 404400
1304 5463 1360 5518 ope·

399 5555 450 5610 ris.
467 5557 521 5610 Deo
539 5533 658 5624 prucios.
679 5585 713 5594 -
732 5555 805 5620 sign.
823 5555 870 5608 titt.
891 5555 916 5606 p,

471 5665 538 5718 Satis
557 5663 681 5716 convenit
699 5677 759 5716 cum
776 5663 853 5716 codd.
867 5661 930 5714 bibl.
943 5661 1118 5726 Florentiam,
1130 5663 1179 5716 sed
1190 5663 1290 5716 laborat
1310 5667 1359 5718 boc

399 5769 478 5834 vitio,
498 5771 572 5838 00041
595 5781 675 5836 saepe
699 5769 780 5822 verba
811 5775 835 5822 et
863 5769 1022 5838 quandoque
1050 5771 1139 5834 plores
1166 5769 1359 5836 propositiones

400 5877 501 5928 omittit.

472 5985 517 6040 40.
533 5979 663 6048 l’orist'is,
683 5983 839 6036 bibliotheca
867 5983 1019 6052 4400000440,
1042 5985 1100 6036 cod.
1127 5983 1222 6038 444684.
1249 5985 1359 6038 membr.

399 6087 487 6140 40404.
509 6091 569 6142 post
586 6091 636 6144 alia
656 6081 738 6156 opera
760 6091 913 6158 antiquioris
935 6091 994 6144 aeri
1018 6091 1062 6144 iol.
1088 6091 1148 6144 4444.
1169 6107 1191 6144 4.
1208 6093 1258 6146 004.
1277 6093 1301 6144 4.
1321 6093 1359 6144 40-

400 6191 478 6258 cipit:
498 6195 579 6260 Ecce,
598 6195 726 6264 lrrtcliigei
745 6209 840 6252 aereus
865 6209 941 6252 meets
958 6201 1008 6250 040.
1025 6199 1047 6248 Α
1072 6197 1133 6250 40440
1153 6197 1276 6250 tae-145.
1296 6197 1359 6262 alia,

396 6299 446 6352 sed
466 6311 566 6352 coaeva
585 6315 679 6370 manus
697 6301 794 6354 scribit.
815 6303 910 6356 Desinit
930 6303 971 6356 404.
988 6301 1047 6354 444.
1059 6315 1081 6354 4.
1092 6303 1143 6354 004.
1160 6305 1185 6354 2.
1202 6305 1262 6358 Post
1274 6307 1361 6358 44000

400 6405 523 6458 additur:
541 6405 615 6458 Laus
642 6405 691 6460 tibi
711 6405 747 6462 sit
767 6407 832 6474 Xte,
853 6409 981 6478 quoniam
1010 6405 1085 6462 labor
1114 6409 1224 6476 caplirii
1250 6407 1307 6462 istc.
1324 6439 1359 6450 -··-

397 6511 471 6576 Siga.
482 6571 483 6574 Ἴ
493 6511 539 6564 4444.
559 6511 600 6572 Α.

470 6619 518 6670 Η40
545 6617 611 6670 40404
639 6625 752 6684 quatuor
776 6621 936 6674 parisienses
961 6623 1081 6686 codices,
1110 6623 1155 6690 qui
1184 6639 1274 6678 omnes
1300 6629 1360 6678 sunt

396 6737 467 6778 saec.
487 6725 557 6790 Xlll,
576 6725 681 6780 videtur
699 6739 756 6780 esse
773 6709 906 6794 antiquior
926 6735 951 6780 et
968 6729 1089 6794 originali
1112 6729 1230 6796 fidelium
1251 6745 1305 6784 non
1324 6737 1359 6784 40-

398 6843 461 6882 0400
480 6847 574 6898 expers
591 6839 632 6888 est
648 6845 741 6886 eorum
760 6835 897 6898 vitiorum,
923 6849 993 6904 quae
1019 6839 1073 6890 tere
1091 6835 1215 6892 omnibus
1235 6837 1302 6892 444400
1319 6855 1359 6894 00-

401 6939 460 6990 tatis
478 6941 663 7008 manuscriptis
683 6947 743 6994 sunt
762 6941 922 6996 communia.

2293 591 2382 662 XXlll

1498 773 1539 824 44.
1559 771 1671 838 44444004,
1703 773 1762 826 cod.
1781 773 1791 824 4
1799 771 1879 824 44543.
1897 769 2010 826 nxenxbr.
2029 771 2055 824 in
2075 774 2117 825 sol.
2136 783 2203 824 saec.
2222 771 2287 824 thl.
2312 773 2380 824 circa

1425 875 1600 928 medietatem.
1621 875 1830 930 Commentarius
1848 879 1931 930 saneti
1949 853 2147 930 Borrar'enturae
2161 875 2252 942 incipit
2264 877 2307 928 404.
2321 877 2330 926 4
2338 875 2381 930 59.

1424 993 1446 1032 r.
1465 983 1515 1034 004.
1534 983 1559 1034 4.
1577 987 1602 1034 04
1621 981 1716 1038 desinit
1734 987 1777 1038 iol.
1796 983 1858 1034 aad.
1877 997 1902 1036 r.
1919 985 1966 1034 col.
1982 983 1992 1034 4
2006 999 2011 1050 ;
2024 983 2146 1048 additur:
2161 981 2278 1050 eapttctt
2291 979 2382 1050 euplu-

1423 1085 1498 1140 natio
1517 1087 1649 1156 0440000444
1664 1089 1804 1142 40400040.
1823 1115 1857 1128 ·-
1878 1089 1950 1154 Siga.
1967 1089 2014 1142 litt.
2032 1089 2061 1140 B.

1496 1173 1562 1244 Satis
1580 1193 1702 1246 00000044
1716 1209 1776 1246 04440
1792 1195 1983 1258 praecedente;
1997 1199 2082 1248 tamen
2097 1197 2123 1248 in
2135 1209 2166 1248 οο
2180 1193 2291 1260 vestigia
2305 1191 2380 1246 alieni

1424 1297 1579 1350 correctoris
1596 1297 1767 1350 inveniantur
1789 1297 1816 1350 in
1834 1297 1942 1350 minatis
1958 1297 2054 1362 404000,
2072 1299 2226 1364 praesertim
2247 1299 2272 1350 40
2295 1297 2381 1350 modis

1424 1401 1533 1464 citandi,
1555 1407 1582 1454 ut
1600 1407 1685 1454 404400
1702 1403 1828 1456 reddatur
1846 1403 1948 1456 clarior.

1497 1509 1537 1560 44.
1558 1507 1671 1574 44444040,
1695 1509 1754 1562 cod.
1773 1511 1782 1560 4
1790 1509 1872 1562 54499.
1889 1509 2002 1562 membr.
2020 1509 2048 1562 in
2068 1513 2111 1562 404.
2130 1527 2198 1564 0000.
2219 1513 2284 1566 44444.
2303 1511 2381 1566 Com·

1410 1613 1568 1692 ¹¹rnentarins
1585 1615 1678 1680 incipit.
1697 1618 1741 1668 lot.
1760 1617 1784 1668 4.
1806 1629 1828 1668 r.
1846 1615 1897 1668 sub
1916 1619 1965 1668 4400
1988 1617 2199 1680 epigrannnater
2215 1617 2289 1672 Arsit
2302 1615 2381 1688 pria·

1424 1717 1492 1788 cipio
1511 1725 1605 1776 0044040
1625 1721 1714 1776 diaria
1733 1733 1801 1776 4000.
1820 1721 1896 1788 ane,
1917 1721 2047 1792 intelligat
2064 1719 2159 1778 0040440
2177 1737 2253 1780 meus
2265 1731 2316 1778 ete.
2327 1727 2379 1776 De-

1423 1825 1482 1878 sinit
1503 1829 1610 1896 iotdt.
1630 1841 1649 1878 4.
1669 1829 1716 1880 eol.
1739 1829 1763 1880 4.
1781 1827 1842 1878 post
1860 1831 1946 1882 44000
1963 1803 2183 1884 0444440440044404
2203 1829 2331 1900 Ecrplicil.
2345 1859 2379 1870 -

1424 1931 1497 1998 Siga.
1514 1933 1561 1986 litt.
1580 1933 1607 1986 C.
1629 1971 1631 1980 .
2085 1933 2087 1936 ’

1494 2037 1540 2088 4440
1560 2039 1628 2090 40404
1646 2037 1806 2092 parisienses
1823 2041 1929 2094 codices
1946 2041 2031 2106 magis
2051 2043 2150 2094 accedit
2180 2043 2220 2104 ad
2241 2043 2381 2096 editionem

1422 2145 1449 2196 P.
1468 2145 1568 2198 Bonelli
1585 2151 1611 2196 04
1630 2145 1662 2196 ad
1683 2147 1741 2200 cod.
1760 2151 1778 2200 E
1799 2147 1983 2202 Tudertinum.
2022 2129 2024 2132 Ι

1499 2255 1536 2306 43.
1557 2253 1668 2320 ididem,
1689 2255 1747 2306 eod.
1767 2253 1863 2308 tasse.
1883 2255 1995 2308 membr.
2013 2255 2038 2316 in
2058 2259 2100 2308 iol.
2120 2271 2187 2310 saec.
2205 2259 2269 2310 Xlll.
2288 2271 2380 2310 exeun-

1422 2357 1461 2410 tis.
1481 2359 1541 2424 post
1561 2357 1784 2412 Commentarium
1799 2361 1871 2412 card.
1883 2359 2001 2426 Hngonis
2013 2373 2027 2412 0
2041 2363 2067 2414 S.
2080 2339 2171 2414 Ι4344040
2183 2361 2208 2414 40
2223 2363 2379 2414 4440440000444

1423 2463 1557 2530 aliurnqne
1580 2465 1720 2530 prologum
1742 2465 1796 2532 (404.
1817 2465 1825 2516 4
1833 2467 1878 2518 35.
1897 2465 1946 2532 4.),
1965 2467 2019 2520 0044.
2039 2469 2167 2532 eundem,
2187 2465 2233 2532 qui
2252 2469 2381 2532 praelixas

1423 2573 1461 2622 004
1479 2571 1571 2634 spurio
1589 2569 1782 2624 Commentario
1814 2571 1872 2638 (cir.
1898 2585 1978 2638 supra
2004 2587 2026 2626 c.
2048 2575 2070 2626 4.
2090 2575 2106 2640 S
2126 2573 2173 2640 4.).
2192 2575 2318 2638 Prologus
2336 2587 2379 2640 ge·

1422 2675 1519 2728 nuinus
1536 2677 1629 2742 incipit
1647 2679 1690 2730 404.
1711 2679 1779 2752 4364
1800 2679 1881 2744 Ecce,
1901 2677 2029 2748 intelliget
2049 2693 2143 2734 000000
2169 2691 2244 2734 aleris
2263 2687 2313 2734 040.
2328 2681 2379 2732 Dc-

1398 2769 1402 2772 ’
1422 2781 1483 2832 04044
1508 2783 1551 2836 tol.
1577 2785 1637 2836 rsa
1661 2799 1705 2836 v.:
1736 2781 1789 2848 Qui
1815 2781 1879 2838 aicit
1896 2787 1922 2838 04
1939 2787 2037 2854 regnat
2055 2783 2081 2838 in
2101 2783 2192 2840 000040
2216 2785 2379 2840 secutorum.

1422 2891 1524 2956 Autem·
1544 2889 1644 2958 absque
1662 2889 1712 2944 alia
1731 2895 1801 2944 nola.
1814 2919 1848 2930 —
1862 2891 1934 2956 Sign.
1951 2891 1998 2944 litt.
2015 2891 2048 2950 D.
2135 2967 2138 2974 Ι

1494 2995 1577 3050 4404404
1594 2997 1707 3062 optimas
1725 2997 1865 3060 lectiones,
1884 2997 2013 3052 interdum
2039 3001 2116 3066 40400,
2140 3003 2170 3052 nt
2188 2999 2273 3064 ipsum
2294 3001 2378 3054 solnm

1386 3111 1388 3118 ’
1422 3105 1504 3156 secuti
1530 3105 1623 3156 simus.
1644 3131 1681 3144 -·
1699 3105 1804 3156 praeter
1829 3117 1999 3158 communem
2027 3103 2167 3172 prologum
2186 3105 2264 3158 babet
2291 3111 2379 3172 plures

1423 3210 1488 3262 alios
1498 3231 1505 3274 ;
1523 3213 1566 3264 404.
1585 3211 1645 3262 tae.
1677 3225 1714 3262 r.:
1745 3209 1875 3278 4440000444
1890 3209 1929 3264 ad
1941 3213 2119 3280 pracceptum
2136 3213 2214 3266 40004
2234 3211 2379 3268 elevabitur

1422 3315 1542 3384 optrito...
1564 3319 1592 3370 tu
1613 3315 1662 3370 400
1680 3315 1760 3372 cerba
1778 3315 1860 3370 40400
1879 3315 1980 3384 operis,
2003 3315 2062 3370 scil.
2083 3315 2232 3384 Ecanpelii.
2254 3315 2320 3370 Cum
2346 3317 2379 3370 de

1422 3421 1495 3474 obilu
1514 3423 1616 3474 loannis
1634 3423 1764 3488 quaedam
1785 3423 1871 3476 labala
1889 3423 1990 3478 eisdem
2003 3425 2057 3476 lere
2069 3415 2157 3476 rerbis
2171 3429 2298 3486 narretur,
2310 3437 2379 3492 quae

1422 3531 1516 3596 legitur
1529 3531 1556 3582 in
1568 3531 1683 3584 editione
1700 3531 1810 3584 Gerrani
1830 3531 1930 3600 (expos.
1948 3533 2052 3598 prologi
2070 3533 2247 3602 Hieronymi),
2266 3535 2309 3588 bie
2321 3549 2379 3600 pro·

1422 3637 1500 3700 lngus
1518 3639 1627 3688 40440000
1644 3635 1680 3688 04)
1698 3637 1755 3702 ipso
1773 3637 1887 3702 scriptus
1906 3645 1959 3702 004,
1979 3639 2020 3690 rel
2034 3637 2067 3690 ab
2080 3639 2143 3700 alio,
2164 3639 2208 3704 qui
2220 3653 2303 3704 opere
2315 3639 2379 3692 Gor-

1422 3741 1477 3794 rani
1508 3757 1571 3794 nsns
1598 3747 1637 3794 est
1665 3743 1691 3792 in
1718 3743 1829 3806 prologo
1859 3743 2005 3796 scribendo.
2025 3773 2059 3782 -
2078 3745 2138 3798 Post
2165 3745 2244 3797 finem
2262 3737 2379 3798 postillae

1424 3845 1476 3912 (tol.
1499 3847 1558 3898 485.
1577 3845 1614 3912 r.)
1634 3847 1699 3900 alius
1717 3853 1757 3900 est
1774 3849 1900 3912 prologos
1922 3849 2013 3900 eadem
2027 3851 2108 3900 4440044
2122 3849 2248 3914 scriptus,
2261 3851 2306 3916 qui
2319 3849 2379 3902 inci-

1423 3951 1473 4016 pit:
1485 3951 1645 4008 absconditu
1652 3951 1778 4020 produci
1801 3951 1827 4006 in
1841 3953 1938 4008 400040.
1953 3953 2070 4008 Vetdutn
2079 3953 2166 4020 istud,
2179 3955 2379 4024 quodsurnlatn

1422 4061 1462 4112 est
1480 4075 1511 4112 04
1531 4059 1575 4112 tob
1596 4059 1642 4124 48,
1662 4059 1725 4114 licei
1742 4065 1896 4128 caperentur
1909 4059 2070 4130 generalitor
2082 4069 2131 4114 040.
2144 4061 2243 4114 Desinit
2255 4063 2300 4114 404.
2314 4063 2378 4114 tea:

1423 4161 1467 4218 Sic
1487 4147 1572 4232 igitur
1586 4167 1684 4232 proteat
1699 4165 1787 4234 apa-ts
1806 4163 1886 4220 40400
1905 4179 2029 4222 euersae...
2045 4195 2077 4204 -
2091 4167 2163 4220 alins
2175 4169 2300 4232 prologus
2318 4167 2379 4222 inci-

1423 4271 1461 4336 pit
1480 4273 1612 4336 explicans
1625 4273 1764 4338 prolagum
1782 4271 1950 4338 Hieronymi:
1969 4271 2017 4326 Hic
2036 4275 2075 4326 004
2091 4275 2224 4344 40004400.Ι
2245 4273 2379 4338 00004040

1422 4375 1572 4430 scoriadam
1597 4377 1726 4446 August,
1754 4359 2021 4444 paroeciani,
2047 4377 2127 4450 finem
2155 4377 2197 4434 404
2222 4377 2379 4434 0000004444-

1423 4485 1468 4536 tur
1482 4489 1531 4536 etc.
1544 4485 1587 4536 Est
1598 4483 1702 4548 longior
1715 4485 1770 4536 aliis
1790 4491 1815 4536 04
1832 4485 1927 4536 eadem
1945 4489 2032 4536 narrat
2051 4485 2083 4538 de
2096 4485 2169 4538 obitu
2184 4485 2210 4536 S.
2223 4487 2331 4538 loannis.
2345 4465 2380 4526 '-

1423 4587 1542 4656 Demque
1561 4591 1667 4642 ultimus
1685 4593 1813 4656 prologus
1825 4589 1932 4656 incipit:
1950 4589 2007 4660 Epo
2026 4605 2135 4644 00044440
2147 4587 2295 4644 medullam
2308 4589 2382 4646 cedri

1422 4695 1574 4750 0444444040...
1592 4697 1675 4752 Actor
1694 4695 1728 4750 ab
1748 4711 1825 4766 opere
1843 4701 1870 4752 et
1886 4711 1953 4766 opus
1973 4695 2006 4752 ad
2024 4701 2116 4752 004000
2132 4697 2170 4752 ad
2195 4695 2308 4752 40040040
2330 4707 2380 4752 040.

1422 4801 1469 4854 4440
1488 4803 1515 4854 40
1533 4803 1653 4868 pluribus
1673 4805 1794 4858 convenit
1813 4817 1873 4856 cum
1891 4803 2002 4870 prologo
2021 4805 2048 4858 S.
2066 4805 2273 4858 bonaventurae.

1496 4911 1504 4962 4
1512 4909 1536 4962 4.
1558 4907 1669 4962 40440044
1687 4909 1710 4962 40
1730 4909 1851 4974 Umbria,
1871 4909 2025 4964 bibliotheca
2047 4909 2196 4962 Conventus
2216 4911 2299 4962 saneti
2315 4911 2378 4970 For-

1423 5017 1518 5080 tunati,
1537 5017 1595 5070 eod.
1617 5017 1658 5068 65.
1679 5015 1791 5068 40004404.
1811 5017 1836 5068 40
1857 5019 1897 5068 404.
1919 5031 1987 5070 0000.
2004 5017 2072 5070 XlV.
2095 5015 2217 5068 ineuntis.
2241 5013 2380 5070 44000000-

1423 5121 1504 5174 404400
1522 5123 1605 5174 sancti
1625 5123 1824 5176 Bonarentnrae
1842 5123 1871 5174 in
1888 5123 2059 5188 plangenda]
2081 5123 2182 5174 loannis
2201 5121 2307 5190 incipit,
2325 5123 2381 5174 sinc

1422 5229 1474 5280 ullo
1496 5229 1568 5282 4444440
1586 5235 1614 5280 04
1630 5229 1737 5282 0040400
1755 5229 1883 5298 auctoris,
1901 5233 1944 5282 404.
1964 5229 2006 5284 37.
2026 5245 2047 5282 r.
2066 5235 2092 5282 et
2111 5229 2205 5282 desinit
2223 5229 2267 5282 401.
2288 5229 2378 5282 antimo

1422 5335 1519 5388 codicis
1540 5343 1568 5388 ut
1585 5335 1611 5388 in
1630 5335 1800 5388 04444000-
1814 5335 1884 5400 Sign.
1904 5337 1950 5388 4444.
1969 5337 1997 5388 Ε.

1495 5441 1581 5494 Codex
1611 5441 1652 5494 bie
1681 5447 1719 5494 est
1747 5443 1832 5494 bonae
1859 5449 1950 5504 notae,
1976 5441 2022 5494 sed
2049 5443 2206 5508 plerumque
2234 5441 2328 5494 omittit
2354 5439 2379 5494 id

1422 5545 1497 5612 (444041
1522 5545 1665 5600 4000044404·
1692 5547 1828 5612 exponitur
1847 5553 1873 5600 et
1890 5561 1971 5612 saepe
1998 5546 2103 5614 aliquos
2126 5549 2197 5600 40000
2217 5547 2380 5610 scripturae,

1421 5651 1527 5718 quando
1546 5653 1632 5718 plures
1650 5651 1774 5716 citantem
1803 5651 1849 5704 sed
1868 5651 1901 5702 ad
1922 5649 2067 5716 marginem
2087 5649 2166 5704 babet
2184 5651 2290 5718 copiosa
2308 5651 2379 5706 addi·

1421 5761 1550 5820 tamenta,
1568 5757 1618 5808 0440
1635 5769 1714 5808 mann
1735 5763 1759 5810 ei
1778 5757 1869 5822 parvis
1886 5757 1976 5810 litteris
1994 5763 2111 5826 exarata,
2129 5769 2197 5824 quae
2222 5757 2301 5810 044040
2319 5771 2379 5824 sup·

1422 5865 1496 5928 pient
1513 5863 1539 5916 id
1558 5863 1630 5930 quod
1648 5863 1674 5916 in
1693 5867 1761 5916 textu
1781 5863 1878 5916 codicis
1896 5863 2024 5916 omissum
2045 5869 2090 5916 est.

1493 5969 1604 6024 Codices
1622 5965 1793 6036 parisienses,
1812 5973 1920 6034 excepto
1938 5969 1972 6036 C,
1991 5971 2067 6036 qnasi
2086 5985 2167 6024 unam
2186 5971 2312 6024 lamiliam
2334 5975 2381 6026 lor·

1423 6085 1509 6140 40004,
1528 6091 1608 6144 quum
1628 6077 1785 6144 plerumque
1804 6077 1884 6128 secuti
1904 6089 2008 6138 sumum
2028 6077 2132 6130 codices
2159 6077 2210 6130 44044
2231 6077 2304 6144 qnasi
2324 6091 2381 6130 rne-

1424 6183 1498 6234 dium
1517 6189 1604 6236 tenent
1623 6183 1689 6234 inter
1707 6183 1866 6234 parisienses
1883 6189 1909 6234 et
1928 6189 2037 6238 ceteros.
2057 6183 2113 6236 Non
2131 6197 2191 6236 raro
2210 6183 2290 6236 editio
2315 6185 2380 6238 Gor-

1422 6289 1479 6342 rani
1497 6287 1661 6342 confirmavit
1679 6287 1803 6340 lectiones
1820 6301 1834 6338 a
1854 6285 1930 6342 nobis
1948 6291 2052 6342 0400400.

1882 6483 1911 6534 ll.

1690 6639 1793 6694 44044000
1811 6655 1827 6692 a
1845 6639 1919 6694 4404440
1936 6657 1986 6696 nou
2003 6639 2106 6696 collati.

1496 6837 1536 6890 lii.
1562 6835 1787 6894 itta-Cocondae
1813 6837 1980 6908 (liarlsburg)
2002 6835 2027 6888 40
2051 6817 2267 6904 Transsylrania,
2287 6835 2379 6888 biblio-

1424 6947 1498 7000 444000
1511 6945 1652 7010 Βο4444000,
1673 6945 1731 6998 cod.
1744 6945 1773 6998 H.
1788 6945 1812 6998 5.
1825 6945 1869 6998 lV.
1878 6945 1907 6998 4.
1920 6947 1999 6998 ebert.
2013 6943 2040 6996 in
2053 6945 2096 7000 404,
2111 6945 2213 6998 minore
2230 6957 2298 6996 0000.
2311 6939 2380 6996 XlV.
