5916 8276
563 603 627 668 538

650 783 681 846 7,
705 779 760 848 Vel
785 779 891 848 aliter:
917 779 1089 848 Habitacit
1112 781 1149 848 in
1172 783 1284 862 aubia,
1308 777 1340 848 id
1363 789 1411 850 est
1425 781 1520 850 intra

384 905 542 970 13333-
561 905 639 964 noa;
665 887 717 952 ubi
743 893 845 970 potest
867 887 986 966 notari,
1008 887 1095 972 quod
1109 887 1262 956 Dominus
1285 889 1405 956 habitat
1427 889 1520 956 intra

395 963 682 1066 arithmeticae
716 993 1012 1076 sanctificantibus,
1049 995 1134 1060 inter
1163 1015 1223 1060 nos
1251 997 1293 1062 ad
1317 995 1518 1080 rependum,

450 1119 544 1192 3333.
562 1097 656 1166 eirea
671 1117 732 1164 nos
745 1099 786 1166 ad
797 1099 1100 1186 protegendam-
1110 1099 1239 1166 Obsessi
1253 1117 1379 1180 sumus,
1399 1101 1452 1170 sed
1464 1105 1521 1168 Do·

561 1203 668 1270 minus
683 1205 803 1270 habitat
821 1205 916 1272 eirea
929 1223 990 1270 nos
1005 1205 1046 1272 ad
1062 1207 1318 1292 protegendam
1336 1207 1405 1274 ideo
1424 1235 1440 1268 «
1457 1229 1519 1276 non

562 1311 812 1376 commovebitur
840 1311 870 1376 io
903 1317 1066 1380 aeternum
1100 1313 1153 1398 qui
1184 1313 1304 1382 habitat
1338 1315 1367 1382 iu
1400 1319 1521 1384 133333-

563 1415 639 1496 133,
666 1417 739 1502 quia
761 1417 915 1486 Dominus
935 1417 969 1485 in
992 1419 1127 1486 circuitu
1160 1421 1266 1508 populi
1290 1421 1339 1490 sui
1355 1451 1392 1502 3,
1409 1441 1521 1492 33333-

560 1521 635 1586 dum
673 1523 755 1608 quod
791 1523 907 1592 dicitur
929 1525 962 1592 in
995 1525 1158 1608 Psalm013
1181 1534 1214 1595 et
1246 1529 1343 1596 Isaiae
1367 1529 1520 1616 vigesimo

459 1643 465 1652 ’
560 1633 670 1694 sexto:
691 1655 708 1688 a
725 1631 864 1698 Salvator
887 1637 1024 1718 ponetur
1040 1631 1069 1696 in
1096 1651 1131 1700 ea
1148 1661 1177 1714 3,
1203 1637 1232 1702 id
1249 1637 1345 1704 estin
1368 1637 1519 1714 Ecclesia,

349 1779 351 1784 .
423 1751 542 1796 stanneus.
565 1759 581 1794 n
597 1753 711 1820 murus
734 1741 764 1802 et
788 1739 1029 1806 antemurale».
1046 1777 1089 1790 -ι-
1106 1743 1228 1828 Ignari
1249 1761 1374 1824 sumus,
1399 1751 1429 1810 et
1454 1745 1520 1830 ipse

561 1841 681 1908 habitat
695 1841 783 1908 inter
798 1863 858 1910 nos
872 1845 913 1910 ad
935 1847 1136 1932 rependune·
1153 1849 1350 1934 Apocalypsis
1370 1851 1520 1934 vigesimo

561 1949 679 2048 primo:
703 1975 720 2008 α
735 1937 825 2028 Ecce,
844 1951 1081 2018 tabernaculum
1104 1955 1160 2022 Dei
1176 1973 1248 2022 eum
1275 1953 1468 2034 hominibus,
1487 1961 1521 2022 et

562 2055 714 2122 habitabit
737 2075 808 2122 cum
834 2057 919 2140 illisp
938 2063 972 2126 et
992 2059 1050 2146 ipsi
1085 2063 1221 2146 populus
1244 2057 1312 2130 eius
1344 2069 1457 2142 erunt,
1487 2069 1519 2128 et

336 2235 339 2248 y
448 2177 541 2222 ’33333
561 2165 624 2248 1333
650 2165 732 2232 11333
755 2183 829 2232 333
853 2165 899 2234 313
914 2165 975 2234 erit
996 2185 1107 2234 eorum
1124 2171 1255 2236 Deus».
1274 2207 1317 2218 --
1333 2169 1448 2234 Miseri
1466 2189 1518 2236 su-

459 2299 461 2302 ·
558 2291 648 2354 1333,
672 2273 727 2340 sed
748 2273 816 2360 ipse
841 2275 961 2342 habitat
976 2275 1066 2342 bairo
1085 2297 1144 2342 333
1166 2279 1206 2342 ad
1228 2277 1468 2344 consolandam
1487 2283 1519 2344 et

557 2381 855 2468 ,sanctificandam
878 2383 917 2450 de
941 2397 1005 2466 1313
1028 2389 1130 2466 331331
1153 2383 1290 2470 intelligi,
1313 2385 1398 2468 quod
1421 2401 1519 2468 supra

559 2489 702 2556 habitum
728 2495 777 2556 est
805 2489 932 2556 secundi
962 2489 1221 2556 itachabaeorum
1251 2491 1517 2576 decimoquarto,

558 2603 591 2664 31
611 2597 698 2682 quod
720 2597 772 2664 hic
794 2597 925 2672 dicitur:
952 2595 1123 2660 Habilaoit
1147 2597 1181 2660 iu
1205 2595 1306 2660 nobis.

1124 605 1379 674 3333133333
1406 607 1441 674 m
1466 607 1629 674 roauuuu
1655 609 1731 702 33.
1757 608 1779 674 r.
1802 607 1909 676 com.
1932 583 1979 678 m.

1583 785 1716 854 ictuum
1740 787 1896 854 secundo:
1925 815 1940 846 «
1958 787 2074 872 Repleti
2099 793 2172 854 sunt
2195 807 2301 856 omnes
2327 791 2445 874 Spiritu
2468 809 2538 856 san-

1583 899 1632 958 cto
1650 919 1665 952 3
1689 899 1746 958 313.
1767 893 1986 960 -Plenitudo
2010 893 2214 962 eccellentiae
2235 895 2397 980 reperitur
2417 895 2538 962 131133-
2560 913 2640 974 333,
2654 911 2676 954 n

1584 999 1704 1064 tissima
1727 999 1868 1084 Virgine,
1887 997 1936 1064 cui
1955 1001 2072 1066 dictum
2089 1007 2136 1066 est
2149 1001 2247 1066 13333
2265 1001 2367 1086 primo
2381 1001 2407 1064 ⁵:
2429 1027 2446 1058 «
2462 1001 2538 1082 Are,
2582 965 2655 1008 Mam

1584 1105 1683 1190 gratia
1707 1103 1797 1190 plena
1813 1129 1848 1182 3;
1877 1103 2226 1194 333133133113311333
2250 1093 2404 1186 tractans,
2428 1105 2539 1172 heatus

1584 1211 1763 1278 bernardus
1778 1211 1840 1276 ait:
1861 1235 1877 1268 <c
1894 1211 2037 1296 Legimus
2052 1211 2245 1296 Stephanum
2260 1211 2394 1298 plenum
2408 1211 2538 1298 pratia,

1584 1319 1743 1400 Apostolos
1767 1317 1903 1400 repletos
1924 1319 2043 1400 Spiritu
2069 1325 2189 1396 sancto,
2214 1319 2268 1384 sed
2290 1319 2382 1404 longe
2404 1317 2539 1384 dissimi-

1584 1424 1656 1490 liter
1678 1423 1711 1488 in
1733 1421 1839 1488 illaria.
1862 1423 1927 1488 Non
1953 1421 2035 1490 enim
2060 1423 2213 1490 habitavit
2243 1425 2275 1490 in
2311 1425 2355 1490 eis
2379 1423 2539 1508 plenitudo
2641 1503 2643 1508 ,

1583 1529 1760 1596 Divinitatis
1793 1529 2015 1612 corporaliter,
2048 1531 2314 1616 quemadmodum
2344 1531 2378 1596 in
2400 1529 2538 1598 illaria».

1585 1673 1625 1686 —
1650 1633 1811 1700 Plenitudo
1835 1635 2121 1720 supereffluentiae
2149 1639 2307 1722 reperitur
2332 1639 2363 1706 in
2390 1637 2538 1716 Christo,
2560 1651 2688 1748 ogggitgioin

1583 1739 1620 1806 de
1645 1757 1722 1826 quo,
1748 1739 1918 1806 secundum
1946 1741 2029 1826 quod
2045 1743 2096 1808 hio
2111 1741 2242 1820 dicitur,
2267 1763 2460 1812 aesomnes
2483 1763 2538 1810 ae·
2660 1735 2664 1746 '

1583 1847 1737 1932 repictus.
1771 1847 1855 1912 Unde
1887 1853 1917 1914 et
1952 1847 2019 1932 ipse
2051 1847 2128 1914 dicit
2158 1847 2361 1916 Ecclesiastici
2391 1851 2539 1936 vigesimo

1583 1961 1714 2040 quarto:
1744 1979 1761 2012 «
1777 1953 1917 2020 Transito
1943 1953 1979 2020 ad
2006 1973 2070 2034 ine,
2093 1971 2217 2034 omnes,
2243 1955 2295 2040 qui
2321 1955 2539 2042 concupiscitis

1583 2081 1650 2142 me,
1673 2067 1706 2128 et
1727 2079 1746 2126 a
1770 2059 2023 2146 generationibus
2047 2059 2125 2126 meis
2147 2059 2367 2144 implemini».

1670 2167 1914 2236 3331133133
1940 2169 1971 2234 in
1995 2167 2119 2234 Christo
2135 2167 2334 2252 quadruplex
2358 2167 2537 2254 plenitudo,
2569 2177 2691 2276 ffififgss

1583 2277 1700 2344 scilicet
1709 2275 1892 2362 sapientiae
1907 2313 1950 2324 -
1965 2273 2152 2342 clementiae
2166 2313 2211 2324 —
2225 2275 2361 2342 uirtutis
2375 2313 2417 2324 —-
2430 2279 2458 2342 et
2468 2265 2538 2360 plo·
2558 2243 2654 2340 inuitari

1582 2381 1662 2450 riae.
1682 2381 1842 2450 Plenitudo
1865 2383 2046 2468 sapientiae
2063 2381 2208 2468 apparuit
2222 2381 2256 2448 in
2271 2379 2536 2466 praedicatione,

1582 2489 1742 2574 plenitudo
1766 2487 1951 2556 clementiae
1971 2489 2005 2556 in
2024 2491 2199 2574 33331333,
2221 2489 2383 2574 3133113113
2402 2485 2538 2556 virtutis

1582 2593 1613 2658 in
1630 2593 1888 2672 resurreetione,
1903 2595 2066 2676 plenitudo
2079 2595 2207 2678 pieriae
2222 2595 2255 2660 in
2271 2595 2469 2662 ascensione.
2497 2627 2538 2642 -·

2655 2297 2677 2328 0.

1500 2705 1502 2710 ’
1582 2699 1652 2762 Fuit
1674 2715 1751 2780 ergo
1773 2699 1886 2780 plenus
1907 2691 2089 2782 sapientia·
2108 2701 2206 2764 Lucae
2231 2701 2406 2768 secundo⁶:
2432 2701 2539 2766 «Puer
2562 2709 2678 2774 3333313

924 2825 1087 2878 contacto
1106 2825 1143 2876 lll.

648 3023 747 3106 (Vers.
777 3021 849 3104 161.
882 3023 921 3086 Oe
942 3017 1441 3104 31331131113331333333311133
1463 3037 1519 3086 ac-

557 3129 714 3214 cepimus.
758 3139 759 3142 ’
1018 3203 1019 3206 ¹

650 3239 676 3300 l.
704 3233 886 3314 1113133131,
912 3231 999 3318 quod
1015 3231 1065 3298 cui
1089 3237 1185 3316 caput
1211 3233 1390 3310 infirmum,
1414 3237 1519 3298 cetera

410 3345 539 3442 {tbfffiiff'
557 3341 701 3408 membra
725 3341 847 3418 dolent3
873 3345 904 3406 31
931 3355 1128 3404 econverso
1154 3337 1213 3404 dici
1243 3343 1358 3422 potest:
1390 3337 1441 3404 cui
1468 3355 1519 3404 ca-

539 3491 540 3494 =
560 3452 813 3534 3313333333,
831 3449 936 3512 celera
952 3443 1092 3508 mernbra
1108 3443 1214 3528 vigent
1226 3443 1250 3508 ².
1267 3443 1349 3510 Bona
1362 3443 1446 3510 enim
1457 3443 1518 3510 dis-

560 3555 669 3642 positio
695 3553 804 3638 3331113
828 3559 875 3618 331
897 3551 1112 3618 membrorum
1136 3525 1275 3616 ninnium
1302 3551 1467 3634 vigoratio,
1490 3557 1520 3616 et

558 3663 666 3746 capitis
683 3659 876 3728 abundantia
892 3659 1032 3742 corporis
1056 3659 1214 3726 relevatio.
1241 3655 1418 3724 Secundum
1444 3657 1519 3722 haec

558 3769 621 3836 duo
638 3773 785 3836 notantur
802 3767 834 3832 13
850 3767 957 3834 verbis
968 3765 1049 3830 istis:
1067 3763 1276 3832 abundantia
1293 3761 1518 3846 3331113333

558 3875 690 3942 dicitur:
715 3875 762 3940 De
779 3869 984 3958 plenitudine
1007 3869 1092 3948 eius,
1119 3869 1212 3938 idest
1237 3869 1371 3948 Christi,
1394 3869 1448 3952 qui
1472 3873 1520 3936 est

560 3981 711 4048 Ecclesiae
725 3987 876 4064 33331-
888 3985 918 4046 et
941 3975 1092 4044 relevatio
1109 3977 1277 4062 eorporis,
1295 3993 1369 4044 cum
1385 3973 1517 4040 dicitur:

563 4087 627 4156 llos
650 4105 761 4154 amires
783 4087 993 4172 3333311333,
1016 4085 1071 4166 qui
1094 4083 1212 4150 scilicet
1238 4099 1350 4150 sumus
1368 4079 1519 4148 Ecclesiae

560 4211 685 4278 corpus
708 4193 789 4260 Fluit
813 4193 895 4258 enim
912 4189 1050 4276 quodam
1073 4189 1164 4256 modo
1182 4187 1337 4272 spirituali
1358 4199 1380 4254 ‘a
1394 4187 1518 4252 Christo

560 4301 659 4382 capite
692 4301 721 4364 in
747 4315 825 4376 333,
848 4297 903 4382 qui
929 4313 1038 4364 333133
1063 4295 1204 4360 membra
1228 4295 1314 4374 eius,
1346 4293 1518 4378 spiritualis

563 4411 663 4472 rnotus
681 4411 711 4472 et
726 4421 854 4482 sensus3
873 4409 919 4470 est
936 4401 1035 4480 enirn,
1063 4401 1236 4466 secundum
1254 4399 1338 4484 quod
1355 4397 1470 4464 dicitur
1487 4397 1518 4462 in

562 4511 680 4578 Psalmo
694 4511 720 4590 ³,
744 4535 759 4568 «
775 4511 857 4576 sicut
874 4513 1070 4594 unguentum
1094 4507 1127 4572 in
1149 4503 1264 4590 capite,
1292 4505 1375 4592 quod
1390 4505 1518 4570 descen-

560 4615 603 4682 dit
628 4613 658 4680 in
683 4613 830 4692 barbam,
854 4613 986 4680 barbam
1009 4617 1068 4676 etc.
1092 4617 1124 4676 et
1139 4629 1243 4694 usque
1264 4611 1298 4676 in
1319 4627 1408 4674 oram
1425 4609 1517 4674 resti-

560 4721 653 4790 menti
680 4721 748 4788 eius
762 4749 797 4800 3,
815 4721 864 4786 331
881 4709 1049 4786 attestatur
1065 4717 1148 4802 quod
1173 4717 1224 4784 hic
1241 4717 1371 4784 dicitur:
1394 4717 1438 4782 De
1449 4715 1517 4802 ple-

456 4905 458 4914 ,
560 4827 707 4894 fatitudine
731 4829 803 4894 elas
826 4847 885 4892 nos
908 4845 1020 4892 331333
1046 4823 1245 4910 (accepimus.

647 4937 678 5000 2.
710 4937 758 5000 De
784 4931 989 5020 plectitadine
1010 4931 1091 4996 eins.
1128 4931 1321 5016 Notandum,
1352 4929 1437 5014 quod
1471 4933 1517 4996 est

402 5043 539 5152 Quadfssffigx·
560 5041 759 5130 quadruplex
792 5041 969 5126 plenitud0,
1002 5039 1120 5104 scilicet
1150 5035 1386 5124 ‘sufficientiae
1412 5035 1517 5102 abun-

412 5149 531 5204 11322-
559 5147 707 5226 dantiae,
733 5145 936 5214 eccellentiae
965 5153 997 5212 et
1026 5143 1323 5228 supereffluentiae.
1352 5179 1391 5188 -·
1420 5141 1516 5208 Pleni-

393 5255 539 5354 ffiffipffigffl}
559 5255 633 5324 tudo
651 5255 868 5342 sufficientiae
890 5253 1050 5338 reperitur
1065 5249 1098 5316 in
1115 5249 1254 5336 quolibet
1278 5251 1383 5326 iasto;
1400 5249 1438 5316 de
1454 5267 1517 5334 qua

560 5361 739 5428 Psalmus4:
767 5387 783 5418 a
801 5361 908 5444 tperis
933 5367 966 5426 13
985 5375 1111 5422 murrum
1134 5363 1223 5422 tuam
1243 5364 1274 5422 et
1298 5355 1410 5440 imples
1425 5369 1516 5420 omne

393 5465 539 5576 Siffgfflggojfl
558 5467 672 5534 animal
686 5465 942 5532 benedictione».
959 5503 1000 5512 -
1012 5463 1175 5530 Plenitudo
1186 5461 1416 5528 abundantiae
1428 5477 1517 5546 repe-

558 5573 640 5640 ritur
665 5573 696 5636 in
720 5573 862 5658 quolibet
883 5571 951 5636 viro
974 5567 1133 5656 perfeeto,
1168 5569 1341 5636 secundum
1365 5567 1449 5652 quod
1474 5567 1515 5632 le-

560 5681 643 5766 gitur
660 5681 794 5746 131333
817 5681 927 5744 sesto:
948 5703 965 5734 (τ
982 5677 1173 5762 Stephanus,
1192 5675 1305 5760 plenus
1320 5673 1469 5758 gratia»;
1486 5679 1517 5738 et

629 6145 638 6174 ¹
660 6147 752 6200 Psalm.
774 6143 841 6208 121,
860 6149 882 6196 2.
905 6173 938 6184 -
958 6143 1110 6196 immediate
1128 6149 1188 6208 post
1208 6143 1326 6210 sequitur
1349 6143 1405 6194 lsai.
1424 6143 1472 6208 26,
1492 6142 1517 6194 l.

558 6241 583 6290 31
603 6233 715 6288 subinde
735 6235 814 6298 apoc.
836 6235 877 6296 21,
898 6235 922 6284 3.
941 6233 1014 6284 3111.
1037 6233 1118 6284 Maon.
1139 6233 1185 6294 11,
1206 6233 1247 6284 35.
1268 6233 1319 6286 Cir.
1340 6245 1365 6284 3.
1384 6231 1409 6282 6.

628 6319 639 6350 ²
660 6323 773 6386 Hieron,
793 6323 870 6386 Epist.
890 6323 932 6374 58.
954 6321 1029 6388 (31133
1048 6321 1101 6388 13.)
1120 6335 1146 6372 n.
1163 6321 1209 6372 tl:
1229 6319 1317 6386 Capite
1331 6319 1431 6386 quippe
1443 6331 1517 6380 sano,

539 6425 651 6472 ,omnes
678 6425 769 6466 sensus
797 6413 895 6476 vigent.
923 6409 980 6464 lib.
1003 6411 1021 6462 l.
1048 6409 1193 6464 Commeat.
1220 6413 1243 6462 in
1270 6411 1326 6464 lsai.
1347 6409 1370 6470 i,
1391 6407 1424 6460 5:
1450 6409 1521 6460 luter

559 6503 630 6566 13333
652 6515 758 6568 quoque
785 6515 875 6562 sensus
895 6507 920 6554 31
936 6497 1026 6552 omnia
1053 6497 1174 6550 membra
1202 6487 1319 6564 corporis
1347 6497 1518 6562 principalem

559 6589 645 6640 locum
665 6587 763 6640 obtinet
782 6593 873 6652 caput,
893 6587 918 6638 in
935 6599 990 6652 quo
1009 6587 1083 6638 uisus
1102 6589 1126 6638 31
1146 6587 1285 6654 odoratus,
1303 6583 1410 6656 auditus
1427 6588 1453 6635 31
1472 6595 1518 6646 gu·

559 6679 614 6726 stus
626 6683 673 6728 331.
686 6675 752 6728 Cum
771 6675 850 6740 igitur
862 6679 941 6740 33331
954 6673 1081 6736 doluerit,
1096 6673 1181 6726 omnia
1203 6673 1321 6726 membra
1342 6671 1435 6724 debilia
1449 6671 1518 6722 sunt.

629 6759 639 6788 ³
660 6765 752 6814 Psalm.
775 6765 841 6826 132,
859 6767 882 6814 2.

628 6845 640 6876 ⁴
660 6851 752 6902 Psalm.
770 6851 834 6914 111,
849 6853 940 6902 16.’-
954 6853 1011 6902 Duo
1025 6865 1098 6918 seqq.
1111 6851 1162 6904 loci
1179 6857 1239 6902 sunt
1258 6853 1312 6904 hcl.
1328 6851 1357 6912 6,
1372 6845 1518 6914 8,312,1.

628 6931 641 6962 ⁶
660 6937 984 7002 11333.28.-113333111,,
1003 6940 1098 7014 Homil.
1116 6941 1143 6992 3.
1161 6953 1241 7004 super
1260 6939 1360 6994 1313333
1379 6939 1431 7002 331,
1445 6951 1470 6988 3.
1484 6935 1515 6986 23

1583 2809 1689 2868 33133
1712 2803 1872 2870 crescebat
1900 2809 1932 2868 et
1955 2801 2203 2882 confortabatur,
2236 2805 2347 2888 plenus
2372 2805 2538 2890 sapientia,
2559 2767 2685 2818 samem

1583 2915 1614 2976 et
1637 2909 1737 2994 gratia
1760 2909 1815 2974 Dei
1838 2915 1905 2974 erat
1931 2909 1960 2976 in
1985 2909 2038 2976 illo
2059 2935 2088 2972 3.
2117 2945 2156 2958 -
2180 2909 2248 2976 Fuit
2269 2909 2382 2994 plenus
2405 2911 2540 2978 3133333-
2558 2921 2696 2966 clementiae·

1584 3015 1652 3092 tia;
1677 3013 1760 3082 unde
1789 3015 1818 3080 ei
1848 3015 1994 3082 convenit
2024 3015 2108 3100 quod
2138 3015 2254 3082 dicitur
2281 3016 2392 3084 Esther
2420 3017 2540 3082 decimo

1582 3121 1710 3206 quinto:
1742 3121 1869 3188 «Valde
1892 3121 2043 3188 mirabilis
2067 3139 2119 3200 33,
2141 3123 2296 3216 Domine,
2315 3131 2345 3188 et
2369 3125 2460 3190 iacies
2487 3129 2541 3188 tua

1583 3225 1675 3312 plena
1698 3233 1746 3292 est
1767 3227 1941 3310 gratiarum
1958 3253 1989 3294 3,
2011 3229 2059 3296 Tu
2081 3227 2206 3314 quidem
2225 3227 2389 3296 mirabilis
2405 3251 2448 3310 es,
2479 3231 2540 3294 Do-

1583 3335 1686 3412 mine,
1712 3339 1825 3400 cuncta
1848 3335 2011 3414 ei'ettltth,
2027 3341 2060 3402 31
2074 3331 2180 3418 facies
2195 3341 2269 3414 tna,
2288 3335 2427 3416 Christe,
2439 3335 2541 3420 piena

1583 3441 1747 3526 apparuit
1772 3443 1990 3524 gratiarum,
2012 3441 2118 3508 omnia
2147 3443 2336 3508 recreando.
2363 3445 2429 3528 lpse
2456 3443 2539 3508 enim

1583 3553 1632 3634 331
1652 3545 1837 3632 sapientia,
1870 3573 1884 3606 <r
1899 3565 1982 3632 quae
2005 3547 2174 3614 desursum
2195 3553 2260 3626 est,
2276 3567 2359 3634 quae
2378 3551 2470 3634 31333
2493 3555 2541 3614 331

1547 3667 1549 3674 ·
1583 3653 1800 3722 misericordia
1822 3659 1851 3722 31
1876 3653 2024 3738 operibus
2048 3655 2137 3722 bonis
2154 3681 2185 3734 3,
2201 3657 2375 3722 33333133
2390 3647 2477 3742 quod
2491 3655 2538 3720 di-

1583 3761 1667 3828 citur
1691 3761 1790 3826 iacobi
1815 3761 1917 3828 tertio.
1936 3797 1976 3810 -
1995 3761 2107 3828 Plenus
2122 3761 2181 3828 init
2202 3761 2323 3828 uirtute
2340 3769 2370 3830 et
2390 3761 2539 3848 potentia,
2558 3767 2677 3814 1333133

1583 3869 1614 3932 13
1632 3869 1723 3934 33133
1747 3885 1880 3950 persona
1894 3867 2010 3934 dicitur
2027 3867 2181 3934 blichaeae
2204 3867 2338 3934 tertiol:
2366 3867 2540 3952 «Repletus

1583 3991 1654 4040 sum
1679 3991 1737 4058 ego
1758 3973 1941 4040 tortitudine
1960 3975 2097 4058 Spiritus
2120 3975 2259 4054 Domini,
2285 3973 2398 4042 iudicio
2422 3979 2451 4042 et
2477 3973 2552 4040 rir-¹

1582 4085 1650 4146 tute
1676 4107 1704 4142 a.
1736 4115 1775 4124 -
1805 4079 2152 4166 Ρ1333313113131·13;
2176 4079 2258 4146 unde
2284 4079 2319 4144 ad
2344 4079 2541 4146 Colossenses
2558 4087 2655 4132 Gloriae-

1583 4185 1737 4252 secundo:
1766 4211 1781 4242 «
1799 4187 1830 4250 ln
1849 4187 1916 4270 ipso
1932 4185 2082 4252 habitavit
2099 4185 2258 4270 plenitudo
2279 4185 2454 4252 Divinitatis
2471 4203 2540 4250 cor-

1582 4293 1733 4376 poraliter
1749 4315 1778 4354 3.

1673 4399 1701 4462 1.
1730 4397 2109 4480 suppliciamentum
2131 4403 2191 4476 est,
2217 4399 2363 4484 apparuit
2385 4399 2418 4466 iu
2437 4415 2539 4484 prae·
2552 4407 2686 4514 &3333ssng

1581 4503 1769 4576 nicotiana·
1798 4499 1928 4568 docebat
1953 4501 2037 4568 enim
2064 4519 2118 4568 eos
2138 4527 2154 4560 ε(
2172 4501 2250 4568 31331
2275 4509 2459 4586 3313313133
2483 4503 2538 4568 ha·
2688 4491 2693 4502 ’

1580 4607 1659 4676 bens
1672 4635 1686 4666 a
1703 4613 1773 4684 313,
1788 4607 1960 4674 secundnm
1978 4607 2061 4692 quod
2077 4607 2191 4674 dicitur
2209 4609 2354 4676 llatthaei
2369 4595 2535 4694 septimos.

1580 4753 1625 4762 --
1650 4715 1825 4782 Clementia
1850 4715 1880 4778 iu
1902 4715 2081 4798 passione,·
2106 4721 2180 4780 tunc
2204 4715 2287 4782 enim
2311 4715 2428 4800 patuit,
2455 4715 2539 4798 quod

1586 4821 1698 4904 «apud
1721 4819 1887 4886 Dominum
1913 4819 2125 4898 misericordia
2156 4823 2186 4886 et
2210 4823 2334 4904 copiosa
2356 4821 2439 4906 apud
2467 4839 2539 4886 eum

1581 4925 1753 5012 redemptio
1769 4951 1802 5006 3,
1818 4927 1990 4992 33333133
2005 4925 2091 5012 quod
2103 4925 2218 4992 dicitur
2231 4927 2262 4992 in
2276 4929 2405 4994 Psalmo.
2420 4963 2462 4976 -·-
2475 4927 2539 4992 Po-

1581 5033 1681 5100 tentia
1696 5033 1728 5099 in
1745 5033 2002 5112 resurreetione·
2021 5041 2097 5100 tunc
2111 5033 2193 5100 enim
2210 5035 2282 5100 data
2302 5061 2317 5092 <t
2334 5041 2379 5102 est
2397 5033 2423 5102 ei
2438 5033 2540 5100 orunis

1580 5147 1759 5226 potestas»,
1785 5141 1815 5206 id
1847 5145 1893 5206 est
1917 5141 1983 5206 dari
2007 5141 2220 5220 manifestata,
2247 5141 2421 5208 secundum
2454 5141 2538 5226 quod

1570 5249 1695 5314 dicitur
1725 5247 1869 5314 Matthaei
1901 5249 2025 5314 3111133.Ι
2048 5283 2093 5294 -
2119 5249 2235 5314 Gloria
2258 5249 2290 5314 in
2325 5247 2538 5324 ascensione,·

1580 5361 1657 5422 tunc
1690 5355 1773 5420 enim
1804 5353 1978 5420 «vidimus
2011 5355 2142 5440 gloriam
2166 5353 2250 5432 3133,
2288 5353 2418 5440 gloriam
2448 5355 2537 5438 quasi

1580 5459 1732 5546 Unigeniti
1757 5477 1776 5526 a
1800 5461 1889 5526 Patre
1910 5489 1939 5540 3,
1966 5461 2087 5528 1333313
2108 5463 2229 5544 primo,
2254 5461 2379 5546 quando
2411 5461 2537 5546 quidem

1586 5573 1778 5636 «assumtus
1799 5575 1848 5634 est
1869 5567 1902 5662 in
1925 5569 2047 5636 caelum
2070 5573 2102 5634 et
2125 5567 2213 5634 sedet
2233 5567 2274 5634 ad
2295 5567 2460 5634 dexteram
2483 5567 2538 5632 Pa-

1581 5673 1638 5740 tris
1655 5701 1685 5754 3,
1711 5673 1881 5740 secundum
1907 5673 1990 5760 quod
2014 5673 2129 5740 dicitur
2153 5673 2244 5738 Marci
2271 5673 2391 5738 ultimo.

1580 6143 1704 6206 Legimus
1723 6143 1749 6194 in
1769 6141 1874 6194 actibus
1887 6141 2079 6206 apostotorum
2093 6143 2116 6190 31
2131 6141 2290 6206 Stephanum
2311 6143 2418 6206 plenum
2444 6141 2552 6204 gracia,

1581 6235 1606 6284 31
1624 6231 1764 6296 Apostolos
1788 6229 1867 6282 luisse
1894 6229 2005 6294 repletos
2026 6229 2122 6294 Spiritu
2142 6235 2246 6296 saneto;
2267 6229 2313 6282 sed
2331 6231 2409 6294 longe
2428 6227 2538 6282 dissimi-

1580 6317 1637 6370 liter
1650 6333 1664 6370 a
1677 6317 1765 6370 illaria.
1779 6317 1898 6384 Alioquin
1910 6331 1960 6370 nec
1978 6317 2005 6368 in
2025 6317 2066 6370 illo
2085 6315 2211 6368 habitavit
2225 6313 2365 6384 plenitudo
2385 6313 2536 6370 bicinilatis

1582 6405 1760 6474 corporaliter
1780 6403 1843 6482 [Col.
1862 6407 1894 6470 2,
1913 6403 1966 6474 2.],
1979 6405 2207 6472 quemadmodum
2224 6405 2251 6456 iu
2271 6405 2357 6456 ilario.
2374 6431 2409 6444 ·-
2422 6401 2538 6456 Subinde
2597 6415 2598 6418 ¹

1581 6495 1707 6560 allegatur
1724 6495 1799 6548 Eccli.
1820 6493 1867 6556 21,
1889 6495 1931 6546 26.

1652 6581 1662 6612 ⁸
1681 6583 1758 6638 Vers.
1778 6581 1821 6634 10.
1835 6609 1869 6620 -
1884 6585 2033 6650 Sequuntur
2050 6585 2143 6634 Esther
2156 6581 2204 6646 15,
2223 6581 2265 6634 tr.
2284 6587 2310 6634 31
2328 6585 2379 6634 lac.
2398 6581 2427 6646 3,
2450 6579 2491 6632 17.
2506 6609 2537 6618 -

1580 6671 1689 6724 interius
1708 6683 1755 6736 pro
1775 6669 1890 6738 Uitrasia,
1901 6671 1996 6740 plena,
2011 6671 2084 6738 quod
2096 6669 2174 6722 habet
2186 6669 2219 6734 11,
2234 6671 2283 6722 ΑΒ
2298 6667 2421 6724 Christus
2431 6667 2536 6738 plenus.

1652 6757 1662 6788 ⁷
1684 6761 1756 6812 1333.
1777 6761 1800 6812 8.
1820 6789 1854 6800 -
1873 6759 1990 6812 Subinde
2009 6760 2136 6824 allegatur
2153 6759 2207 6812 Col.
2225 6761 2257 6824 2,
2276 6759 2300 6810 e.
2428 6753 2429 6756 ’

1652 6833 1757 6902 was.
1784 6849 1828 6902 aa.
1847 6875 1884 6886 -
1907 6851 2059 6916 sequuntur
2087 6833 2129 6900 rs'.
2154 6849 2217 6912 raa,
2243 6845 2273 6910 7;
2298 6847 2386 6900 marcu.
2411 6847 2460 6908 as,
2488 6845 2536 6906 :ra;

1581 6937 1650 6986 1333.
1670 6937 1695 7002 1,
1716 6935 1759 6988 11.
1778 6941 1803 6988 31
1823 6939 1968 7004 liureio,
1988 6938 2030 6990 te.
