5908 8266
1171 489 1362 566 COMMENT.
1388 498 1425 566 IN
1447 497 1614 568 thNNEM
1637 499 1670 566 C.
1687 487 1740 566 Vl.

555 679 585 746 6.
612 679 711 766 (Vers.
738 679 793 762 3.).
818 673 1266 762 Α66661666ο66666666.
1292 677 1424 742 Notatur

302 799 446 846 sesecundo.
464 783 516 851 hic
541 785 678 852 secunda
702 785 840 862 eccesia,
866 781 983 850 scilicet
1012 779 1075 846 loci
1098 787 1125 846 ct
1157 781 1311 866 66666666
1335 781 1422 868 apti·

465 891 554 958 tudo.
581 893 684 958 66666
717 895 810 974 aptus
844 892 912 954 erat
934 885 974 952 ad
1002 883 1191 952 miraculum
1226 883 1421 964 laciendum,

375 1063 383 1076 ,
464 997 541 1084 quia
562 999 704 1066 desertus
728 1001 810 1072 erat,
833 991 866 1060 in
888 1009 951 1078 quo
977 997 1044 1058 erat
1063 991 1241 1060 refectionis
1262 991 1421 1072 defectus;

464 1099 534 1168 ideo
558 1101 648 1168 dicit:
673 1097 764 1180 Abiit
786 1117 864 1184 erpo
881 1097 920 1162 in
941 1103 1081 1164 666666
1106 1097 1198 1164 lesus
1222 1093 1251 1162 et
1273 1095 1320 1162 ibi
1334 1097 1422 1162 sedc-

465 1205 522 1274 bat
545 1227 621 1274 666
641 1203 815 1290 discipulis
836 1201 920 1270 suis.
942 1205 1075 1282 Locum,
1102 1223 1195 1288 quem
1217 1205 1345 1270 loannes
1367 1221 1422 1270 vo

464 1317 514 1378 cat
528 1319 670 1378 666666
686 1315 813 1396 propter
836 1307 1050 1388 altitudinem,
1065 1315 1157 1376 vocat
1178 1309 1353 1378 Matthaeus
1368 1309 1424 1374 dc-

464 1425 589 1484 666666
603 1423 731 1502 6666666
747 1415 961 1496 solitudinem,
979 1415 1122 1482 Matthaei
1134 1415 1254 1484 decimo
1270 1421 1383 1502 quarto
1393 1417 1421 1480 2:

470 1547 487 1582 a
503 1523 633 1588 Secessit
657 1523 742 1590 lesus
762 1519 796 1586 in
818 1519 963 1588 nauicula
985 1519 1134 1588 inlocum
1160 1521 1318 1590 desertum
1336 1539 1422 1588 seor-

464 1645 537 1696 sum
562 1655 591 1692 s.
622 1627 658 1692 Et
688 1627 746 1694 iste
776 1627 866 1694 locus
894 1627 933 1692 ad
964 1627 1140 1694 iaciendum
1171 1627 1323 1694 miracula
1355 1631 1423 1692 erat

464 1741 574 1820 aptus,
596 1733 672 1820 qaia
686 1753 748 1800 ooo
767 1739 834 1802 erat
851 1733 891 1800 ibi
917 1733 1021 1814 cibus3
1040 1733 1122 1802 unde
1145 1735 1260 1802 dicitur
1277 1731 1422 1800 Matthaei

464 1841 585 1906 decimo
602 1849 731 1926 quarto,
747 1839 828 1926 quod
843 1839 994 1906 dixerunt
1009 1839 1152 1924 discipuli
1169 1839 1315 1906 Domino:
1334 1839 1422 1904 «De-

464 1951 569 2014 sertus
584 1953 632 2014 est
651 1947 753 2030 66666,
768 1947 891 2014 dimitte
916 1947 1041 2026 turbas,
1056 1953 1093 2012 ut
1115 1951 1227 2012 euntes
1241 1945 1272 2010 in
1297 1943 1423 2012 castella

464 2061 571 2122 emant
593 2055 651 2122 sihi
668 2073 753 2122 66666
769 2083 801 2122 ».
818 2075 861 2104 ·-
877 2053 950 2120 Erat
974 2053 1065 2120 etiam
1083 2053 1226 2138 aptitudo
1248 2051 1420 2138 tentporis,

465 2161 541 2248 quia
563 2161 695 2242 Pascha3
719 2159 804 2228 unde
825 2159 918 2226 dicit:

556 2265 583 2330 5.
610 2265 708 2348 (Vers.
735 2263 790 2344 6.).
816 2265 901 2328 Erat
917 2269 1026 2330 66666
1046 2263 1242 2348 66666666
1265 2259 1419 2342 Ρ66666,

464 2371 534 2436 dies
556 2367 660 2456 festus
683 2371 906 2448 lardaeoraut;
929 2369 961 2434 in
978 2371 1038 2436 hoc
1059 2369 1213 2436 Dominus
1229 2371 1344 2436 lecerat
1362 2369 1421 2434 mi-

464 2477 588 2554 racula,
614 2481 642 2542 et
667 2476 718 2542 illa
742 2493 825 2542 nuuc
849 2475 982 2542 debebat
1004 2493 1174 2556 renouare,
1197 2475 1272 2562 quia
1303 2493 1422 2542 uorum

464 2581 580 2648 Pascha
602 2581 735 2650 debehat
763 2581 874 2650 lacere.
899 2581 1092 2662 Notandum,
1123 2589 1161 2648 ut
1189 2581 1263 2650 dicit
1287 2583 1421 2666 Chryso-

464 2689 619 2768 stomus3,
642 2687 728 2772 quod
762 2707 813 2752 «a
835 2689 984 2754 Paschate
1014 2685 1269 2754 incarceratioois
1299 2685 1421 2754 loannis

464 2811 566 2880 usqne
596 2793 634 2860 ad
665 2797 726 2860 hoc
754 2793 894 2862 fluxerat
922 2809 1023 2860 annus
1054 2809 1155 2872 6666,
1186 2793 1257 2860 licet
1282 2793 1420 2878 Evange-

463 2899 534 2966 lista
556 2917 657 2986 pauca
680 2906 786 2968 narret
809 2900 848 2968 66
870 2901 931 2968 hoc
946 2925 979 2980 s,
1001 2899 1075 2984 quia
1098 2899 1149 2966 alii
1177 2903 1397 2966 narraverunt.

555 3007 582 3070 6.
609 3007 708 3090 (Mers.
739 3007 792 3088 6.),
819 3005 903 3072 Cum
925 3007 1123 3072 sublevasset
1137 3025 1215 3094 erpo
1232 3005 1419 3072 oculos-etc.

462 3109 593 3176 Notatur
617 3109 669 3178 hic
691 3109 783 3176 tertia
803 3109 939 3190 occasio,
963 3109 1079 3178 scilicet
1103 3109 1245 3198 defectus
1256 3109 1361 3196 pretii
1380 3109 1422 3176 ad

464 3215 630 3280 emendum
656 3217 757 3294 66666,
782 3217 866 3282 6666
888 3217 1050 3286 reficiatur
1071 3223 1158 3284 tanta
1179 3217 1365 3298 multitudo;
1389 3221 1421 3282 et

463 3321 503 3388 66
524 3321 611 3388 hunc
633 3321 790 3389 defectum
812 3321 1071 3388 manifestandum
1088 3323 1212 3406 qaaerit
1235 3321 1421 3388 Dominosa

463 3427 606 3512 Philippo
627 3427 666 3494 de
682 3427 792 3512 pretio.
816 3427 984 3512 Propterea
998 3427 1091 3494 dicit:
1118 3427 1200 3496 Cain
1223 3427 1422 3496 sublevasset

464 3553 542 3620 erpo
564 3533 675 3598 oculos
698 3535 807 3614 lesus,
835 3553 891 3618 per
917 3533 1147 3602 misericordiae
1178 3535 1419 3620 benignitatem,

464 3639 557 3726 quia,
579 3641 663 3706 sicut
684 3639 800 3708 dicitur
821 3639 854 3706 in
878 3641 997 3706 Psalmo
1013 3641 1046 3720 4,
1075 3667 1092 3700 «
1106 3641 1187 3706 oculi
1211 3639 1334 3706 Domini
1367 3659 1420 3706 su-

463 3765 519 3832 per
543 3747 687 3814 timentes
708 3763 800 3826 eum,
822 3751 856 3814 et
882 3745 915 3812 in
938 3747 1059 3832 eisqui
1084 3753 1211 3832 sperant
1234 3763 1329 3830 super
1361 3745 1419 3810 mi-

449 3853 632 3920 sericordia
656 3853 725 3920 eius
740 3879 769 3918 s.
797 3855 837 3920 dr
858 3853 1008 3932 uidisset,
1035 3853 1115 3940 6666
1146 3853 1322 3918 multitudo
1348 3871 1419 3916 rua-

351 4037 354 4042 ,
462 3959 558 4026 aima
591 3959 678 4024 66666
711 3959 757 4024 66
792 3979 884 4038 6666,
921 3963 1050 4044 propter
1083 3957 1278 4024 devotionem
1292 3981 1300 4036 ;
1336 3957 1419 4024 uode

462 4063 577 4132 dicitur
602 4065 745 4142 Matthaei
768 4055 1032 4150 decimaquarta,
1057 4063 1140 4148 quod
1169 4069 1322 4130 «secutae
1346 4069 1419 4130 sunt

463 4189 537 4238 eum
554 4171 666 4236 turbae
681 4171 840 4262 pedestres
856 4169 893 4234 de
910 4167 1088 4234 civitatibus
1101 4195 1128 4234 s.
1146 4169 1256 4236 Dicit⁵
1277 4167 1323 4234 ad
1339 4165 1420 4234 Pbi-

463 4279 608 4364 lippunt,
630 4295 687 4362 per
710 4275 923 4362 providentiae
945 4263 1275 4360 circumspectionem;
1300 4275 1426 4360 prinae

463 4385 546 4450 Petri
569 4383 696 4450 ultimo:
727 4409 742 4442 6
758 4383 818 4468 Ipsi
842 4401 920 4450 cura
935 4387 982 4448 est
1004 4381 1044 4448 66
1064 4381 1194 4450 vohis».
1227 4381 1314 4448 dude
1339 4401 1419 4448 666-

462 4509 540 4556 666
558 4509 683 4578 panes,
705 4497 745 4576 66
765 4489 965 4556 manducent
987 4485 1047 4554 itt
1068 4489 1108 4554 ad
1138 4507 1307 4574 corporum
1340 4477 1419 4554 rele-

464 4597 617 4676 ctionem,
641 4595 730 4680 qoasi
764 4595 864 4660 dicat:
890 4593 1038 4680 Nunquid
1072 4593 1227 4660 hahemus
1260 4593 1420 4660 subiciens

423 4745 426 4752 -
464 4703 603 4788 pretium
626 4703 665 4768 ad
692 4701 880 4768 emendum?
905 4701 965 4766 Nec
995 4699 1062 4784 ipse
1085 4707 1215 4786 argento
1244 4699 1418 4784 indigebam

464 4807 559 4876 Isaiae
574 4807 834 4894 quinquagesimo
856 4807 982 4894 quinto:
1011 4831 1029 4866 «
1043 4807 1167 4888 Venite,
1190 4807 1285 4876 emite
1300 4807 1419 4892 absque

464 4921 593 5000 argento
614 4941 643 4978 s.
670 4915 732 4980 lloc
754 4931 816 4980 non
848 4913 1037 4998 quaerebat,
1059 4913 1134 4996 quia
1162 4915 1337 4994 dubitaret,
1365 4911 1420 4978 sed

464 5027 501 5088 ut
523 5019 699 5104 Philippum
724 5021 888 5104 probaret;
914 5019 996 5086 6666
1019 5017 1110 5086 dicit:

554 5127 582 5190 7.
610 5125 708 5208 (Vers.
729 5125 781 5198 bl.
806 5125 875 5190 Hoc
899 5131 1007 5190 66666
1024 5123 1150 5190 6666666
1173 5131 1418 5202 6666666666,

463 5251 525 5300 666
550 5231 712 5310 dubitans,
738 5229 806 5314 6666
828 5229 916 5294 6666
938 5227 1077 5308 sciebat,
1102 5231 1182 5314 qaid
1205 5237 1286 5296 esset
1306 5227 1418 5314 factu-

464 5359 535 5404 rus.
560 5337 629 5404 6666
660 5337 756 5416 dixit,
781 5341 816 5402 ot
847 5335 994 5422 probaret
1025 5339 1056 5400 et
1086 5335 1245 5418 probando
1277 5335 1420 5402 osteode-

463 5453 529 5524 ret,
554 5443 637 5530 quod
661 5443 798 5530 pretium
818 5443 975 5510 deficeret.
999 5439 1068 5508 ldea
1094 5441 1238 5528 sequitur
1257 5441 1419 5524 responsio

463 5551 606 5636 Philippi.

553 5659 582 5722 8.
609 5657 707 5740 (Vers.
734 5657 789 5740 7.).
812 5653 990 5742 Respondit
1011 5653 1043 5720 ei
1064 5649 1258 5740 Philippus:
1292 5653 1419 5720 Ducen-

464 5771 574 5830 torum
605 5763 822 5830 6666666666
854 5779 960 5848 66666
983 5779 1050 5826 666
1082 5757 1252 5848 sufficiant
1287 5759 1351 5842 eis,
1382 5767 1419 5826 66

536 6099 545 6132 ¹
564 6101 677 6166 Vulgata
695 6097 791 6154 Subiit.
810 6101 927 6154 Subinde
946 6113 978 6154 ex
995 6101 1017 6152 D
1037 6099 1218 6164 supplevimus
1235 6097 1398 6166 faciendam.

535 6187 546 6218 ²
565 6191 640 6244 Vers.
662 6189 693 6240 t3
704 6209 715 6252 ;¹
733 6187 796 6242 ibid.
813 6205 843 6242 v.
861 6189 904 6240 65.
922 6193 961 6242 666
980 6201 1036 6256 seq.
1053 6187 1135 6240 locus.

536 6275 547 6308 ³
565 6279 593 6330 ln
611 6281 681 6332 loen.
698 6277 789 6330 homil.
808 6277 850 6328 62.
870 6277 942 6342 (alies
962 6277 990 6328 66
998 6277 1015 6346 .)
1036 6293 1062 6330 n.
1082 6277 1110 6330 6.-
1120 6275 1172 6330 Cir.
1184 6289 1264 6340 supra
1278 6289 1340 6342 pag.
1353 6277 1419 6348 676,

463 6371 525 6422 nota
546 6367 588 6418 ll.
607 6371 631 6420 et
649 6379 711 6430 pag.
732 6367 798 6434 368,
815 6371 876 6418 nota
897 6367 939 6418 ll.

535 6451 659 6508 ‘Psalm.
679 6457 725 6520 32,
746 6453 789 6508 68.
805 6481 842 6494 -
860 6441 983 6520 Sequitur
1000 6453 1089 6506 Matth.
1109 6451 1155 6520 tt,
1176 6451 1219 6504 63.

535 6539 677 6608 ὅ66616666
694 6541 780 6598 Dicit.
800 6571 834 6582 --
854 6543 912 6596 Duo
930 6557 1003 6610 seqq.
1023 6541 1071 6594 loci
1101 6545 1161 6594 sunt
1178 6541 1195 6592 l.
1215 6541 1283 6592 Petr.
1301 6541 1331 6604 5,
1350 6541 1375 6596 7.
1394 6547 1420 6596 et

464 6631 519 6686 lsai.
541 6631 588 6696 55,
609 6631 633 6682 6.

535 6717 639 6774 ⁶Vers.
661 6721 702 6772 67.
722 6749 756 6760 -
775 6719 892 6774 Subinde
911 6721 1038 6788 allegatur
1055 6721 1112 6772 het.
1130 6721 1161 6788 3,
1179 6719 1204 6772 6.

534 6805 546 6838 ⁷
563 6809 639 6862 Vere.
655 6811 679 6862 l.
691 6837 727 6850 -
740 6807 802 6862 Cod.
821 6807 842 6864 C
860 6815 920 6876 post
932 6825 958 6862 n.
973 6811 1014 6862 60.
1028 6807 1176 6862 continuat:
1193 6805 1345 6876 Alieporice
1361 6809 1417 6866 sic:

2379 499 2443 568 ata

1487 669 1716 766 rauusqaispuc
1742 675 1911 744 6666666
1940 677 2023 768 quid
2051 667 2217 762 accipiat;
2243 681 2276 742 66
2303 663 2348 742 ita
2377 663 2445 742 ma-

1486 801 1584 868 gnum
1608 783 1746 869 pretium
1767 775 1839 850 'erat
1860 785 2092 866 necessarium,
2126 788 2158 850 et
2192 773 2250 868 ipsi
2286 799 2442 868 pauperes

1486 893 1575 962 erant
1599 883 1636 956 et'
1652 907 1716 955 oon
1742 889 1901 958 habebant
1930 891 2025 958 etiam
2053 907 2208 976 parvum;
2231 885 2337 954 omnia
2358 887 2442 952 enim

1485 993 1696 1076 reliquerant,
1733 995 1906 1062 secundnm
1929 997 2014 1082 quod
2048 997 2129 1062 dixit
2153 997 2264 1060 Petrus
2296 989 2442 1060 Matthaei

1485 1095 1606 1162 decimo
1640 1097 1764 1162 naooi:
1802 1123 1818 1156 «
1835 1099 1927 1180 Ecce,
1965 1119 2021 1168 nos
2054 1099 2241 1186 reliquimus
2272 1097 2378 1166 omnia
2411 1101 2443 1162 et

1486 1201 1585 1268 secuti
1601 1219 1713 1268 sumus
1728 1207 1788 1270 te»
1814 1207 1893 1284 etc.;
1910 1211 1939 1272 et
1959 1207 2092 1272 ictuum
2107 1207 2218 1274 tertio:
2238 1231 2256 1264 6
2273 1207 2442 1290 hrgentum

1486 1313 1517 1372 et
1540 1325 1655 1374 aurum
1678 1313 1804 1374 nonest
1827 1309 1905 1376 mihi
1922 1337 1952 1376 s.
2544 1397 2545 1400 Ἴ

1575 1413 1605 1476 e.
1619 1412 1720 1496 (Vere.
1733 1403 1788 1496 8.).
1807 1411 1895 1480 Dicit
1909 1413 1938 1480 ei
1954 1433 2043 1480 6666
2057 1435 2099 1480 ca
2109 1415 2284 1502 discipulis
2298 1415 2369 1482 6666
2382 1421 2440 1482 eta.
2462 1431 2493 1474 oe
2509 1435 2593 1486 quassa.

1485 1519 1617 1584 Notatur
1632 1517 1683 1582 hic
1708 1521 1821 1602 quarta
1837 1517 1975 1598 occasio,
1994 1519 2111 1586 scilicet
2127 1519 2361 1608 insufficientia
2378 1519 2443 1586 cibi

1486 1623 1525 1688 ad
1547 1615 1885 1708 tantaemultitudinis'
1909 1621 2117 1690 relectionem.
2136 1619 2214 1690 Cum
2237 1625 2320 1690 enim
2339 1631 2441 1692 essent

1486 1729 1626 1814 quinque
1650 1727 1765 1806 millia,
1795 1747 1857 1794 noo
1881 1729 2038 1796 habebant
2066 1747 2163 1814 panes
2184 1729 2244 1796 nisi
2278 1729 2418 1816 quiaque
2432 1753 2448 1808 ;·

1486 1839 1516 1900 66
1547 1835 1607 1902 666
1640 1839 1768 1900 notatur
1799 1833 1832 1900 in
1865 1833 2067 1920 responsione
2098 1835 2244 1901 Andreae.
2275 1837 2442 1920 Propterea

1485 1939 1548 2006 ait:
1583 1939 1671 2006 Dicit
1698 1941 1730 2008 66
1748 1959 1840 2006 unus
1868 1959 1910 2006 aa
1940 1939 2114 2026 discipulis
2146 1939 2234 2020 cius,
2270 1941 2439 2020 66666666,

1485 2043 1596 2134 frater
1629 2045 1776 2112 Simonis
1808 2047 1918 2126 Petri,
1942 2047 2075 2112 Domino
2108 2045 2278 2116 sciliceta
2300 2045 2441 2132 Philippo

1486 2151 1650 2238 quaerenti
1673 2151 1712 2218 66
1735 2153 1904 2218 turbarum
1928 2151 2112 2218 relectione:
2539 2221 2541 2224 .

1577 2259 1626 2326 lb.
1654 2261 1764 2344 iven:
1781 2257 1834 2344 9.).
1859 2261 1918 2326 Est
1940 2257 1992 2326 bic
2012 2279 2099 2346 6666
2125 2277 2233 2338 acuas,
2259 2257 2318 2348 qai
2347 2257 2441 2326 babet

1485 2367 1627 2456 quinque
1646 2383 1752 2452 panes
1777 2365 1971 2434 6666666666
1993 2373 2024 2432 66
2045 2365 2128 2432 6666
2149 2365 2275 2452 666666
2298 2371 2360 2444 666,
2394 2361 2441 2430 66-

1485 2473 1566 2560 quit,
1592 2491 1687 2558 panes
1712 2491 1768 2540 nos
1793 2473 1965 2552 habemus,
1994 2473 2047 2542 sed
2072 2491 2133 2540 nou
2162 2471 2340 2552 sufficiunt,
2371 2471 2440 2540 ideo

1484 2581 1574 2648 dicit:
1601 2581 1665 2646 Sed
1685 2575 1765 2646 haec
1788 2579 1868 2668 6666
1891 2589 1970 2646 6666
1984 2579 2070 2646 66666
2095 2579 2224 2644 tantos?
2240 2581 2275 2644 lo
2296 2597 2361 2664 quo
2385 2597 2439 2644 oo-

1484 2695 1570 2752 66666
1586 2685 1667 2752 mira
1688 2685 1793 2770 inopia
1807 2685 1929 2752 Domini
1954 2693 1983 2752 et
1999 2685 2242 2770 discipulorum,
2264 2683 2349 2770 quod
2363 2703 2441 2770 pau-

1484 2811 1538 2868 cos
1559 2809 1656 2878 panes
1674 2791 1832 2858 habebant
1847 2797 1876 2858 et
1901 2791 1989 2872 viles
2016 2791 2099 2860 6666
2114 2797 2146 2858 66
2161 2791 2343 2878 trequentes
2366 2809 2439 2858 cum

1484 2899 1615 2966 Domino
1651 2899 1731 2986 passi
1767 2905 1842 2966 sunt
1873 2898 2004 2980 famem;
2036 2899 2180 2966 Matthaei
2213 2899 2442 2966 duodecimolz'

1490 3033 1506 3064 <c
1521 3007 1602 3072 hbiit
1623 3007 1710 3072 lesus
1732 3023 1789 3090 per
1811 3009 1895 3086 sata3
1919 3005 2060 3090 discipuli
2087 3013 2192 3072 antem
2216 3005 2284 3072 eius
2298 3003 2441 3072 esurien-

1483 3117 1532 3180 tes
1553 3117 1727 3198 coeperunt
1748 3111 1863 3179 vellere
1887 3113 1987 3198 spicas
2011 3117 2042 3180 et
2063 3113 2300 3178 manducare».

1577 3223 1624 3286 66.
1647 3217 1826 3286 6666666666.
1846 3219 1955 3286 Panas
1971 3219 2127 3306 quinque,
2145 3237 2224 3304 quos
2240 3219 2335 3286 habet
2350 3237 2439 3304 puer,
2459 3233 2568 3332 6166666

1484 3331 1557 3394 sunt
1581 3325 1723 3412 quiaque
1752 3323 1935 3392 relectiones
1959 3325 2106 3406 allectus,
2138 3343 2219 3412 quae
2248 3331 2353 3392 ortum
2386 3327 2441 3392 ha-
2555 3319 2559 3328 '

1484 3433 1557 3500 beot
1582 3451 1623 3500 ex
1659 3431 1798 3516 quinque
1835 3431 2134 3498 considerationibus
2167 3431 2364 3500 intellectus:
2400 3451 2442 3500 ex
2459 3445 2604 3508 666666

1484 3537 1731 3604 consideratione
1752 3535 1886 3622 proprii
1904 3535 2040 3622 peccati,
2057 3535 2148 3618 panis
2169 3535 2440 3620 compunctionis,
2485 3511 2565 3556 'mma'

1484 3643 1522 3708 66
1545 3660 1609 3728 quo
1640 3641 1671 3708 in
1707 3639 1868 3706 Psalmo⁸:
1908 3641 2038 3706 Gibubis
2068 3661 2128 3706 uos
2156 3661 2243 3724 pane
2276 3643 2442 3730 6666666-

1484 3767 1562 3814 666
1586 3751 1644 3814 etc.
1676 3746 1735 3812 lste
1758 3751 1806 3812 est
1837 3745 1941 3828 pana,
1967 3745 2003 3812 66
2028 3765 2091 3830 quo
2121 3745 2263 3812 lodicum
2287 3747 2439 3832 septimo:
2532 3787 2534 3790 -

1490 3853 1669 3918 Videbatur
1691 3849 1776 3918 6666
1790 3853 1889 3940 quasi
1911 3853 2014 3938 panis
2037 3851 2279 3918 subcinericius
2288 3843 2293 3846 '‘
2301 3871 2341 3918 66
2363 3849 2440 3920 666-

1484 3959 1550 4024 666.
1580 3995 1621 4008 -
1649 3957 1695 4024 llx
1725 3955 1971 4024 consideratione
1988 3957 2160 4042 passionis
2186 3955 2328 4036 Christi,
2352 3957 2440 4042 [ranis
2460 3973 2565 4020 secuere.

1484 4063 1689 4150 afflictionis
1725 4063 1958 4130 Deuteronomii
1991 4063 2111 4132 decimo
2148 4071 2236 4132 sexto
2252 4063 2280 4130 ⁹:
2316 4065 2441 4150 Septem

1484 4165 1597 4236 diebus
1612 4171 1755 4236 6666666
1780 4169 1901 4258 666666
1914 4167 2073 4256 firmenta
2090 4169 2281 4256 afflictionis
2299 4189 2443 4256 66666,Ι

1484 4277 1642 4366 quostiam
1676 4275 1858 4362 66666666
1892 4297 2042 4364 opressus
2066 4297 2099 4344 es
2135 4277 2172 4342 66
2207 4279 2372 4366 6666666,
2405 4283 2443 4342 66

1482 4383 1671 4450 memineris
1703 4383 1770 4450 diei
1802 4383 1997 4468 6666666666
2022 4391 2097 4452 tuae
2120 4385 2160 4452 de
2183 4385 2330 4472 Aepppto
2359 4391 2439 4464 etc.;

1484 4491 1683 4558 Threnorum
1707 4489 1821 4556 tertio:
1847 4491 2031 4558 Recordare
2042 4491 2254 4578 paupertatis
2277 4499 2306 4558 66
2331 4499 2439 4558 66666-

1481 4595 1663 4684 pressiouis
1685 4613 1788 4674 6666,
1811 4593 1971 4664 absinthii
1991 4603 2023 4662 66
2042 4593 2139 4684 fellis.
2165 4635 2207 4644 --
2231 4597 2278 4662 Ex
2301 4597 2441 4664 conside·
2461 4611 2538 4656 reaia.

1483 4703 1605 4768 ratione
1619 4699 1763 4788 deiectius
1780 4699 1941 4790 fratrum,
1960 4705 2048 4788 panis
2064 4703 2322 4788 compassionis·
2339 4703 2441 4770 Eccle-

1484 4809 1596 4876 siastae
1618 4807 1785 4876 undecimo
1798 4807 1842 4872 ¹⁰:
1857 4809 1945 4876 Mitte
1964 4827 2087 4894 66666
2109 4827 2212 4894 super
2234 4817 2441 4876 transeuntes

1483 4933 1611 5002 aquus,
1636 4911 1752 4980 scilicet
1784 4911 2002 4980 tribulationis.
2029 4913 2100 4980 Sine
2130 4915 2190 4978 hoc
2213 4915 2320 4980 nullus
2350 4913 2442 4982 dehet

1483 5021 1627 5106 praefici,
1661 5019 1755 5086 lsaiae
1790 5023 1920 5102 quarto:
1945 5017 2019 5086 Non
2051 5037 2125 5086 suna
2152 5019 2319 5100 irredicus,
2343 5027 2372 5086 66
2405 5019 2442 5086 66

1483 5125 1579 5190 6666
1602 5143 1767 5190 666666
1793 5125 1962 5206 66666666
1983 5143 2086 5212 neque
2114 5125 2360 5206 uestimentum,-
2384 5145 2441 5194 66-

1484 5229 1536 5296 6666
1558 5229 1752 5296 constituere
1776 5247 1826 5294 66
1844 5231 2031 5316 principem
2049 5233 2175 5318 populi.
2201 5269 2244 5282 —
2265 5233 2311 5298 Ex
2340 5231 2441 5300 consi·
2459 5251 2546 5306 auare.

1482 5335 1642 5402 deratione
1665 5335 1822 5420 supplicii
1844 5337 1986 5416 aeterni,
2012 5339 2100 5422 panis
2131 5341 2303 5418 tremoris;
2327 5339 2440 5406 Tobiae

1483 5439 1620 5506 secundo
1634 5443 1677 5506 ²¹:
1703 5439 1918 5510 Manducavit
1937 5461 2060 5530 panem
2085 5463 2160 5512 666
2192 5443 2283 5512 66666
2317 5453 2347 5512 66
2378 5453 2409 5512 66
2425 5483 2447 5494 --

1481 5565 1589 5626 6666,
1612 5563 1791 5614 memorans
1813 5547 1904 5616 illum
1929 5567 2124 5632 sermonem,
2150 5569 2241 5638 quem
2274 5551 2355 5618 dixit
2377 5551 2439 5618 Do-

1482 5655 1588 5722 minus
1610 5671 1668 5740 per
1689 5655 1783 5722 Amos
1804 5657 2013 5740 prophetam:
2037 5657 2113 5728 Dies
2136 5657 2214 5746 festi
2234 5659 2337 5726 uestri
2364 5679 2439 5726 can·

1482 5767 1650 5828 uertentur
1673 5761 1710 5828 in
1733 5761 1996 5830 lamentationem
2021 5771 2047 5830 et
2073 5765 2207 5830 666666.
2227 5803 2274 5814 --
2294 5765 2343 5830 Ex
2366 5785 2439 5832 coo·
2458 5779 2543 5836 6666.

1483 6103 1550 6154 Puer
1568 6115 1637 6154 unos
1655 6107 1713 6166 etc,
1732 6105 1761 6154 ut
1780 6101 1844 6154 iutra
1862 6115 1888 6154 n.
1911 6103 1956 6170 lb,
1979 6099 2026 6154 uhi
2048 6115 2064 6154 e
2089 6115 2217 6156 66666666
2240 6101 2312 6154 idem
2337 6101 2440 6154 exhibet

1483 6205 1539 6260 seq.
1556 6205 1584 6244 n.
1605 6193 1647 6244 tt.
2048 6197 2050 6200 ·

1553 6277 1564 6310 ⁸
1584 6281 1678 6332 Psalm.
1696 6277 1745 6342 79,
1767 6281 1791 6332 6.
1809 6307 1845 6318 -
1864 6279 1986 6346 Sequitur
2006 6279 2061 6334 lad.
2081 6279 2110 6346 7,
2132 6279 2173 6330 l3.
2186 6277 2360 6344 -Superius
2379 6277 2438 6332 voci

1478 6367 1560 6438 panis
1580 6369 1623 6420 ed.
1643 6367 1786 6432 praemittit
1803 6367 1956 6436 conicitur.

1553 6453 1564 6484 ⁹
1584 6457 1659 6508 Vers.
1678 6457 1703 6506 3.
1722 6481 1758 6492 -
1778 6455 1838 6520 Seq.
1856 6457 1929 6508 locus
1948 6461 1986 6508 est
2004 6457 2100 6508 Thren.
2119 6457 2151 6522 3,
2170 6455 2212 6508 69.

1553 6541 1576 6574 ²⁰
1595 6543 1671 6596 Vere.
1684 6543 1708 6594 l.
1721 6541 1774 6596 666.
1792 6555 1871 6606 supra
1885 6541 2031 6596 Comment.
2043 6543 2072 6594 in
2084 6547 2154 6596 hooc
2164 6543 2262 6596 locum.
2273 6571 2309 6582 -
2322 6531 2446 6598 Subinde

1481 6635 1608 6700 allegatur
1627 6629 1684 6682 lsai.
1708 6631 1737 6696 3,
1755 6629 1788 6696 7,
1805 6643 1854 6694 pro
1867 6643 1920 6696 quo
1940 6631 1981 6682 ed.
2001 6631 2032 6694 6,
2051 6630 2062 6681 6
2079 6647 2085 6682 :
2104 6629 2207 6682 Panem
2222 6631 2349 6686 6666666
2367 6645 2439 6688 666-

1481 6721 1598 6778 666666.
1616 6719 1716 6772 Eadem
1733 6719 1777 6772 ed.
1795 6731 1845 6784 pro
1858 6717 1977 6788 praefici
1991 6717 2125 6772 substituit
2143 6715 2224 6790 refici.

1552 6805 1575 6838 ²²
1595 6809 1670 6862 Vere.
1688 6805 1716 6860 5.
1730 6833 1769 6846 -
1788 6805 1910 6874 Sequitur
1926 6807 2008 6862 Amos
2028 6809 2057 6872 8,
2078 6809 2124 6872 t0;
2145 6811 2192 6862 alr.
2211 6807 2278 6864 Tob.
2296 6811 2322 6874 6,
2341 6811 2365 6864 6.
