5916 8276
185 1703 193 1784 9

1180 523 1389 590 9999999.
1414 523 1452 590 99
1474 521 1642 590 rossum
1663 521 1696 588 c.
1721 521 1781 588 9999.
2414 521 2479 586 ero

859 705 1088 788 Qusnsrroucs

587 919 639 986 lrl.
666 919 791 1004 999999.
818 917 841 982 l.
864 913 924 980 Sed
938 911 1105 998 quaeritur
1118 911 1159 978 de
1181 911 1241 978 boc
1262 907 1347 996 qnod
1365 907 1455 976 dicit:

500 1015 566 1108 Qui
581 1031 676 1092 amat
689 1023 843 1092 amimam
857 1039 956 1088 saum
974 1019 1090 1106 perdet
1102 1037 1185 1084 eam.
1205 1055 1249 1068 --
1270 1017 1328 1084 Sed
1340 1033 1457 1084 ,omnes

497 1138 605 1200 amant
626 1131 883 1214 animamsuam',
908 1127 982 1214 quia
1004 1125 1120 1192 dicitur
1136 1126 1175 1192 99
1200 1125 1349 1210 Ephesios
1363 1121 1458 1208 quin-

500 1241 533 1304 to
546 1241 573 1302 l:
592 1235 692 1304 99999
710 1253 861 1322 9999999
876 1251 1013 1298 carmem
1034 1249 1133 1298 suam
1150 1229 1224 1298 9999
1240 1229 1376 1308 babuit,
1400 1229 1458 1294 sed

497 1343 607 1408 9999999
627 1345 702 1406 etc:
728 1355 801 1424 ergo
824 1337 1047 1406 multominus
1070 1337 1222 1404 animam
1244 1335 1321 1402 9999.

510 1473 512 1478 ·
548 1497 550 1502 .
588 1443 812 1528 Respondetur,
837 1441 921 1528 quod
943 1441 1060 1508 aalma
1081 1441 1133 1508 dat
1157 1441 1330 1528 intelligere
1352 1439 1457 1506 vitam

377 1567 443 1622 9999
459 1549 671 1618 seecundum
688 1547 852 1634 triplicem
873 1547 1098 1616 differentiam:
1121 1555 1154 1616 et
1176 1551 1254 1616 irasc
1276 1545 1457 1618 utromodo

331 1673 368 1718 rc
370 1673 484 1736 prum
497 1655 613 1724 dicitur
637 1655 701 1722 rita
717 1655 886 1734 99999999
905 1655 1078 1724 secundum
1094 1655 1178 1742 quod
1202 1655 1317 1724 dicitur
1331 1651 1458 1738 ⁴,quod

355 1685 399 1822 1⁹1¹}a
413 1737 486 1770 mna
498 1759 661 1830 animatis
682 1757 779 1828 bomo
800 1781 867 1830 999
887 1781 978 1850 perci
975 1763 1029 1848 ’999
1050 1781 1092 1828 99
1113 1769 1293 1850 quaesunt
1313 1759 1457 1846 99999999·

500 1869 566 1936 Dei.
595 1867 628 1934 nt
653 1869 729 1934 baec
751 1889 813 1934 nou
839 1877 885 1938 est
909 1869 1067 1948 amanda,
1079 1869 1155 1952 quia
1169 1867 1214 1934 sie
1236 1867 1386 1952 importet
1409 1865 1456 1930 ri-

498 1975 595 2054 tium;
617 1975 702 2042 unde
726 1975 930 2042 Ecclesiastici
953 1975 1074 2040 decimo
1096 1979 1223 2040 octavo:
1252 1973 1289 2040 Si
1305 1977 1458 2058 praestes

497 2081 631 2148 9999999
656 2081 975 2166 taaecoacapc'sceut
975 2077 1029 2144 ios
1043 2077 1134 2156 eius,
1151 2075 1280 2162 9999999
1280 2077 1354 2144 999
1367 2095 1456 2162 9999-
1521 2085 1522 2088 ’

880 2183 1003 2250 -Alio
1027 2183 1118 2250 modo
1134 2183 1250 2252 dicitur
1273 2181 1457 2250 enimenta
1489 2201 1490 2204 ’

354 2201 480 2300 99921999·
497 2187 628 2254 999999
615 2187 761 2272 mimicis
786 2187 924 2252 tuis.-

497 2291 682 2372 maturatis,
701 2293 873 2360 secundum
891 2291 968 2358 illud
983 2289 1065 2356 inira
1085 2289 1206 2356 decimo
1221 2289 1354 2356 tertio⁴:
1373 2287 1456 2354 Ani-

353 2411 480 2510 9991999·
497 2417 589 2466 mam
605 2417 715 2464 999999
725 2417 852 2482 porcam
863 2405 989 2484 prote
1003 2435 1048 2444 -
1063 2395 1167 2462 Tertio
1183 2395 1290 2474 modo,
1307 2395 1372 2462 rita
1387 2393 1455 2480 spi-

385 2477 438 2510 ⁰³¹⁵
497 2502 654 2584 99999999,
677 2503 851 2572 secundum
873 2503 952 2570 illud
983 2501 1137 2570 Psalmi⁴:
1163 2501 1296 2584 Qatat
1283 2501 1367 2588 99999
1390 2499 1455 2566 999-

497 2589 555 2700 qut
545 2609 657 2678 itatem
678 2609 830 2676 9999999
830 2629 921 2678 uam
952 2627 1134 2676 suam—-
1091 2607 1250 2674 -Modo
1274 2607 1390 2674 dicitur
1416 2605 1456 2672 de

342 2729 480 2828 ⁴⁰¹¹„¹³,⁴⁰¹’⁴’
497 2717 575 2794 vita,
602 2715 774 2782 secundum
804 2715 890 2800 quod
914 2719 1007 2782 sonat
1029 2713 1060 2780 in
1085 2713 1213 2780 99999999.
1241 2751 1284 2762 -
1312 2711 1370 2780 Sed
1396 2711 1455 2780 hoo

425 2813 429 2828 '
497 2843 559 2890 non
585 2823 693 2902 solvit,
716 2823 789 2908 quia
802 2823 957 2889 Dominus
978 2821 1125 2888 bortatur
1142 2819 1179 2886 ad
1203 2827 1355 2888 mortem:
1379 2837 1455 2904 ergo

497 2931 584 3008 vult,
607 2929 691 3014 quod
716 2932 808 2997 bomo
840 2929 892 2996 det
915 2947 948 2996 99
971 2927 1084 3006 morti,
1114 2933 1147 2992 et
1169 2927 1214 2992 ita
1241 2925 1356 2992 habeat
1384 2923 1455 2990 odio

497 3037 594 3102 vitam
615 3035 815 3102 999999999.
841 3035 976 3118 Quodsi
1002 3033 1044 3098 ita
1067 3039 1128 3110 est,
1160 3031 1306 3098 ridentur
1337 3031 1454 3102 mereri

496 3143 550 3228 qui
575 3159 608 3208 se
630 3141 843 3222 interficiunt,
866 3149 904 3206 99
925 3139 1050 3206 Christo
1073 3137 1227 3206 obediant.
1246 3175 1287 3188 -
1310 3135 1370 3204 Sed
1394 3137 1455 3206 hoo

495 3245 658 3314 manifeste
671 3245 802 3326 falsum,
820 3247 896 3334 quia
910 3245 987 3314 nulli
1004 3245 1077 3314 licet
1091 3245 1269 3314 interficere
1285 3263 1317 3314 se
1334 3245 1454 3330 ipsum,

497 3355 578 3424 sicut
602 3353 754 3438 probatur
778 3353 879 3438 primo
903 3353 941 3422 99
965 3351 1094 3420 Ciuitate
1115 3353 1170 3420 Dei
1184 3353 1209 3418 ⁵.

587 3459 792 3524 liusrouoso:
815 3457 1005 3536 Dicendum,
1038 3455 1122 3542 quod
1154 3455 1298 3542 iutelligit
1320 3455 1358 3524 de
1391 3455 1456 3524 vita

334 3577 479 3674 999ιί9999·
495 3573 651 3634 maturae.
682 3563 741 3632 Sed
765 3563 1005 3642 attendendum,
1027 3563 1121 3648 quod
1145 3557 1285 3640 nonest
1308 3561 1455 3630 absolate

418 3659 424 3674 '
495 3669 712 3754 accipiendum
734 3687 853 3736 amare
875 3687 931 3736 nec
956 3667 1065 3748 99999,
1091 3669 1145 3736 999
1166 3669 1205 3734 99
1225 3675 1393 3754 respecta,
1416 3671 1454 3734 99

495 3777 612 3842 99999999
639 3775 690 3842 9999
715 3775 838 3842 dicatur
867 3793 1004 3854 999999,
1037 3775 1092 3860 qui
1121 3775 1221 3860 magis
1252 3793 1322 3842 eam
1352 3773 1455 3858 diligit

494 3899 592 3968 quem
613 3881 754 3948 divinum
771 3887 974 3968 praeceptum
989 3879 1139 3966 implere;
1163 3881 1256 3948 odire
1283 3899 1373 3960 vero,
1397 3881 1451 3966 qui

494 3987 594 4072 magis
608 3987 738 4070 implere
753 3993 957 4072 praeceptum
976 4005 1072 4070 quam
1088 4003 1215 4054 serrare
1234 3987 1341 4054 vitam.
1364 3985 1453 4054 Unde

494 4111 557 4160 999
581 4099 706 4160 9999999
728 4093 800 4178 quis
824 4093 905 4160 mori
924 4093 975 4160 rel
998 4109 1032 4160 99
1055 4091 1197 4160 occidere
1225 4093 1339 4160 99999
1365 4109 1452 4158 mor

494 4205 557 4266 tem
581 4217 614 4266 se
637 4199 845 4284 praecipitare
875 4199 983 4278 debet;
1009 4199 1092 4266 unde
1123 4199 1358 4286 angustinum:
1382 4225 1413 4266 a
1420 4199 1452 4266 Si

494 4311 625 4390 cogatur
650 4305 742 4370 homo
766 4305 902 4370 alterum
923 4303 1057 4390 eligere,
1081 4311 1227 4370 mortem
1242 4305 1452 4374 comminante

494 4415 712 4496 persecutore,
742 4409 848 4496 potius
882 4411 975 4496 eligat
1006 4409 1070 4478 Deo
1100 4409 1213 4478 dilecto
1194 4411 1324 4480 emori
1355 4431 1452 4498 quam

492 4517 611 4584 offenso
628 4517 780 4584 virere».
1171 4547 1173 4552 ·

583 4623 641 4690 99.
660 4623 788 4706 Quaest-
801 4623 836 4690 ll.
856 4623 932 4692 ltem
949 4621 1113 4708 quaeritur
1129 4623 1167 4690 de
1182 4565 1242 4690 boc
1253 4623 1358 4710 ‚quod
1374 4625 1453 4710 petit

492 4727 624 4796 saiioar
611 4747 685 4794 999
709 4727 794 4796 tara
815 4729 943 4796 mortis.
1212 4749 1213 4754 ’

500 4873 501 4880 κ
586 4835 612 4898 l.
638 4833 706 4920 lpse
734 4833 869 4914 sciebat,
839 4831 984 4920 tquod
1007 4833 1093 4900 Deus
1121 4835 1251 4902 nolebat
1278 4785 1449 4902 exaudire:

492 4957 568 5024 ergo
592 4939 758 5006 indiscrete
781 4939 915 5024 petebat.
1064 5011 1065 5014 ,

583 5047 612 5112 9.
637 5044 731 5126 Item,
754 5045 813 5112 hoc
837 5045 925 5131 petiit
949 5051 979 5112 et
1001 5063 1063 5112 non
1087 5047 1147 5112 fuit
1164 5047 1351 5114 exauditus:
1377 5065 1451 5114 con-

460 5207 461 5210 ,
493 5157 554 5218 stat
578 5167 666 5234 erge,
698 5151 783 5234 quod
805 5167 867 5216 non
900 5151 931 5216 99
955 5151 1101 5218 omnibns
1124 5157 1171 5218 est
1199 5153 1378 5220 exauditus
1406 5189 1450 5200 -

459 5313 461 5316 .
492 5257 570 5326 Cant
558 5255 693 5324 trarium
716 5273 812 5342 supra
845 5255 1049 5322 undecimol
1076 5257 1144 5370 Epo
1172 5255 1395 5334 sci,ebamr
1362 5257 1452 5344 qaod

491 5383 618 5450 saepe
641 5383 692 5430 me
716 5363 825 5430 aaats.

1394 5527 1420 5576 χ

564 5773 668 5830 lVers.
687 5779 731 5830 99.
902 5815 903 5820 9

563 5861 575 5894 ²
593 5865 673 5930 Epist.
692 5867 711 5918 l.
729 5863 789 5918 Cor.
807 5867 840 5930 9,
859 5867 903 5918 li.
920 5893 957 5906 -··
975 5865 1097 5932 Sequitur
1115 5863 1192 5918 Eccli.
1218 5865 1266 5930 i8,
1284 5865 1329 5916 39.
1346 5891 1383 5906 --
1401 5859 1451 5918 Su-

491 5953 582 6020 perius
600 5957 660 6018 post
677 5951 777 6008 9999999·
794 5953 839 6006 ed.
856 5967 918 6006 cnm
937 5953 1068 6008 nonnullis
1086 5953 1164 6008 codd.
1181 5951 1255 6006 addit
1272 5951 1377 6008 amima.

517 6037 519 6042 ’
563 6035 578 6068 ⁴
594 6041 669 6092 Vere.
686 6041 729 6094 39.

488 6097 489 6100 ¹
562 6125 575 6158 ⁴
593 6131 686 6182 Psalm.
708 6131 755 6194 m,
770 6131 794 6182 6.
806 6159 843 6170 -
855 6131 972 6184 Subinde
989 6145 1038 6196 pro
1056 6131 1137 6188 Modo
1154 6129 1253 6184 dicitur
1273 6129 1356 6198 [multi
1370 6131 1448 6184 codd.

491 6217 587 6274 999999
575 6217 602 6288 i]
621 6217 726 6274 deicito
744 6217 805 6288 [ed.
825 6219 855 6272 de
874 6217 990 6286 auimo]
1001 6221 1023 6272 Β
1040 6219 1089 6272 iilic
1107 6219 1239 6274 Dominus
1259 6215 1322 6272 99999
1334 6215 1365 6270 99
1377 6217 1458 6286 999

491 6309 641 6362 Germana.
660 6305 710 6360 Hic
731 6311 824 6362 999999
848 6305 923 6376 loqui
902 6311 969 6362 9999
922 6305 1079 6362 9999999
1067 6311 1110 6362 tus
1136 6305 1167 6362 99
1190 6305 1296 6406 anima,
1316 6303 1449 6360 Fomtttit

491 6395 581 6452 Modo.

562 6479 657 6550 υ9199.
674 6485 718 6536 99.
736 6497 812 6550 seqq.
831 6483 909 6538 Clrss
902 6499 927 6536 99
953 6485 1023 6538 loen.
1045 6427 1146 6550 Evang.
1163 6489 1195 6536 tr.
1214 6483 1271 6536 et.
1270 6497 1308 6534 9.
1329 6481 1377 6534 l0:
1397 6485 1449 6536 Sed

491 6575 567 6638 vide,
586 6585 619 6624 ne
638 6571 685 6626 tibi
704 6571 842 6638 subrepat,
861 6577 891 6626 ut
908 6577 933 6624 te
952 6571 1038 6636 ipsum
1057 6573 1122 6626 velis
1136 6573 1296 6634 interimere,
1310 6569 1347 6622 sic
1359 6569 1450 6624 iutelli-

491 6659 595 6726 goede,
612 6659 684 6726 quod
706 6657 787 6714 debes
804 6661 916 6714 odisse'
910 6675 937 6712 99
956 6661 1006 6712 999
1025 6661 1124 6714 mundo
1143 6661 1258 6712 animam
1282 6663 1363 6710 tuam.
1383 6659 1450 6716 Hinc

490 6749 561 6800 enim
581 6749 688 6814 quidam
709 6749 816 6814 maligni
829 6755 908 6814 alque
919 6749 1065 6812 perversi..
1084 6749 1197 6812 ssarnmis
1209 6761 1237 6800 99
1250 6749 1359 6810 donant,
1373 6749 1449 6816 aquis

490 6841 659 6902 praefocant,
677 6837 832 6902 praecipitio
850 6839 975 6890 collidunt
992 6843 1020 6892 et
1036 6843 1155 6902 pereunt.
1181 6839 1236 6890 Hoc
1259 6835 1377 6890 Christus
1396 6851 1448 6890 oon

1585 731 1586 734 ¹
1607 699 1639 766 3.
1664 699 1704 766 Si
1717 697 1828 778 dicas,
1844 697 1926 784 quod
1945 699 2051 786 petitio
2076 697 2136 764 ista
2153 695 2213 762 fuit
2234 695 2480 772 summittatis·

1520 815 1656 872 contra:
1679 805 1870 874 Sensualitas
1893 825 1957 872 non
1979 819 2014 872 se
2036 803 2202 872 convertit
2220 803 2261 868 99
2279 803 2391 886 99999
2425 803 2480 868 Pa·
2514 811 2516 814 ’

1519 917 1625 982 trem:
1644 931 1719 998 crgo
1742 911 1769 978 99
1791 911 1869 992 9999,
1893 911 1986 980 99999
1987 911 2129 980 999999.

1607 1019 1807 1084 Rnseouono:
1832 1017 2021 1098 Dicendum,
2047 1017 2163 1106 quod
2156 1035 2189 1082 999
2211 1015 2336 1082 Christo
2306 1015 2478 1136 tduplex
2498 1025 2642 1124 aibifladi'iss.

1520 1121 1762 1200 folcrannus,
1786 1121 1904 1190 scillcet
1930 1123 2130 1190 ratrartset
2157 1121 2355 1190 9999999999
2308 1121 2395 1188 tatis.
2418 1121 2479 1190 lio-

1521 1227 1625 1292 luntas
1649 1231 1717 1292 rati
1707 1225 1794 1292 iouis
1816 1237 1940 1310 semper
1964 1229 2133 1296 conformis
2154 1235 2203 1296 est
2223 1229 2320 1296 Deo
2313 1247 2343 1294 99
2363 1225 2478 1304 cotta,

1430 1389 1431 1392 ,
1520 1337 1551 1400 99
1581 1337 1749 1418 propterea
1773 1347 1896 1414 semper
1926 1333 2112 1414 exauditum
2148 1337 2202 1402 sed
2232 1337 2379 1404 voluntas
2407 1355 2478 1412 sera
2625 1357 2627 1362 ·

1520 1435 1692 1504 scaaiitatis
1715 1435 1752 1502 in
1780 1435 1879 1502 999999
1902 1437 2059 1504 discordat
2093 1457 2117 1504 a
2141 1441 2300 1508 voluntate
2324 1443 2396 1524 Dei,
2409 1469 2411 1472 ·
2424 1439 2478 1510 999
2528 1465 2530 1472 ’

1521 1561 1583 1608 999
1598 1541 1631 1608 99
1655 1541 1751 1608 modo
1775 1541 1974 1620 colendiset
1997 1541 2067 1610 ideo
2089 1545 2234 1612 voluntas
2249 1547 2478 1616 scmsaaiitatis

1520 1649 1550 1734 in
1576 1649 1702 1716 Christo
1722 1667 1784 1714 non
1809 1653 1855 1714 est
1878 1667 2003 1734 semper
2018 1655 2160 1716 assecuta
2174 1653 2262 1736 quod
2276 1655 2386 1736 voluit,
2402 1653 2477 1740 quia

1520 1775 1583 1822 non
1604 1751 1725 1832 999999,
1742 1751 1802 1820 nisi
1820 1753 1904 1838 quod
1917 1753 2004 1820 Deus
2019 1751 2128 1822 voluit.
2144 1793 2189 1804 -
2204 1757 2313 1824 Petilio
2328 1775 2403 1844 ergo
2418 1759 2478 1826 9999
2498 1767 2529 1810 td
2543 1767 2566 1810 2·

1520 1859 1665 1928 9999999
1688 1877 1729 1926 ex
1755 1857 1914 1926 voluntate
1943 1859 2091 1928 rationis
2117 1861 2304 1946 procedens,
2330 1865 2384 1930 sed
2405 1883 2476 1930 sea-

1520 1965 1710 2042 cantitans·
1731 1971 1766 2030 99
1780 1963 1854 2030 ideo
1878 1985 1941 2034 non
1963 1973 2012 2034 est
2033 1967 2182 2034 exaudita
2195 1967 2226 2034 ⁴..
2302 2007 2303 2010 =

1610 2075 1639 2138 l.
1662 2069 1752 2156 Quod
1786 2091 1861 2160 ergo
1893 2073 2058 2140 obiicitur:
2082 2071 2121 2138 ad
2151 2073 2227 2158 quid
2259 2075 2406 2160 petebat?
2430 2075 2477 2142 di-¹
2497 2083 2529 2126 At
2543 2083 2565 2126 1-

1520 2177 1669 2258 eendum,
1695 2179 1780 2263 quod
1802 2179 1885 2246 sicut
1906 2179 2058 2246 Dominus
2087 2179 2195 2264 aliqua
2219 2181 2385 2266 praecipit
2413 2199 2477 2248 non

1519 2285 1557 2352 ad
1582 2285 1799 2372 implendam,
1817 2287 1886 2354 -sed
1916 2305 1977 2354 mos
2012 2285 2266 2364 9999999999
2289 2287 2334 2354 sic
2356 2285 2474 2374 aliquid

1514 2399 1580 2476 petr
1557 2391 1608 2458 9999
1631 2411 1694 2458 999
1716 2393 1755 2458 99
1778 2391 2045 2478 impetrandam,
2072 2393 2125 2460 sed
2148 2411 2208 2458 uos
2231 2393 2477 2460 instruendam.

1519 2497 1585 2564 Et'
1578 2505 1641 2566 9999
1642 2499 1730 2564 runit
1754 2517 1812 2564 nos
1834 2499 1864 2564 in
1896 2499 1956 2566 hac
1977 2499 2142 2584 petitione,
2164 2499 2249 2584 quod
2283 2499 2354 2566 licet
2388 2501 2476 2568 nobis
2491 2505 2568 2552 ⁰⁰0⁴ss
2580 2507 2631 2552 ¹1⁴²·

1520 2603 1679 2670 voluntate
1712 2603 1909 2672 sescuplicet
1898 2605 1941 2672 tis
1973 2603 2092 2690 aliquid
2127 2605 2298 2690 proprium
2325 2607 2421 2686 relle;
2446 2611 2478 2672 et

1518 2709 1635 2776 iterum
1645 2711 1800 2796 ,'quod
1793 2729 1860 2796 ipsa
1892 2711 2052 2780 subdenda
2080 2717 2129 2778 est
2157 2713 2310 2779 voluntati
2334 2713 2474 2792 divinae;

1500 2819 1548 2894 et
1573 2817 1707 2894 iterum,
1723 2817 1816 2900 quod
1838 2815 1978 2886 diffidere
2003 2837 2066 2884 noo
2088 2817 2254 2900 debemuS,
2278 2819 2304 2884 si
2327 2819 2475 2886 formida-

1518 2937 1590 2986 mus
1611 2927 1800 2990 mortem.

1607 3027 1638 3092 3.
1662 3027 1753 3112 Quod
1775 3027 1938 3110 obiicitur,
1961 3029 2045 3116 quod
2071 3029 2157 3096 99999
2174 3031 2280 3116 petiit,
2297 2981 2475 3110 dicendum,
2495 3039 2564 3084 993
2663 3089 2664 3092 ,

1518 3132 1602 3218 quod
1626 3151 1728 3200 sermo
1764 3135 1816 3202 ille
1844 3135 2001 3204 formans
2033 3143 2082 3204 est
2109 3137 2315 3204 seeundum
2306 3137 2474 3224 imperium

1518 3239 1665 3320 rationis,
1691 3243 1722 3306 el
1745 3241 1825 3308 ratio
1854 3243 2020 3326 proposuit
2040 3243 2232 3328 petitionem.
2258 3245 2293 3308 Et
2318 3245 2398 3312 sieut
2420 3245 2473 3312 ad-

1519 3353 1648 3414 vocatus
1670 3347 1839 3432 aliquando
1860 3367 1923 3414 non
1956 3349 2033 3435 petit
2064 3367 2122 3434 pro
2145 3367 2196 3430 se,
2219 3369 2276 3416 nec
2300 3349 2475 3438 quiaillud

1518 3453 1610 3532 velit,
1637 3455 1690 3522 sed
1712 3473 1772 3538 pro
1793 3455 1872 3534 alio,
1896 3463 1927 3522 et
1951 3455 2129 3542 quisalius
2150 3459 2237 3536 rull3
2262 3457 2307 3524 sic
2330 3465 2361 3524 et
2384 3457 2472 3524 ratio
2530 3501 2532 3504 -

1438 3575 1576 3642 apro
1608 3559 1808 3626 sensualiter
1760 3563 1999 3646 mtepetebat,
2033 3581 2091 3630 999
2127 3563 2187 3628 boc
2213 3563 2354 3642 volebat,
2380 3563 2474 3628 immo

1517 3663 1621 3746 potius
1644 3665 1724 3732 mori
1747 3683 1806 3750 pro
1830 3667 1930 3734 salute
1954 3667 2094 3734 nostra⁴

1605 3771 1657 3836 993.
1691 3771 1779 3836 Turb
1781 3791 1854 3836 99
1828 3791 1925 3858 erpo,
1938 3779 2074 3862 99999
2042 3773 2161 3840 st.abat
2189 3775 2354 3860 Postquam
2372 3775 2473 3844 99999-Ι
2515 3781 2594 3834 resa
2611 3761 2660 3826 a

2493 3835 2638 3880 9999999999-

1517 3875 1635 3942 minata
1666 3885 1714 3944 est
1745 3879 1967 3962 passionisfut
1933 3899 2046 3946 uurae
2069 3879 2247 3946 fructificat
2225 3887 2285 3960 9,9
2312 3881 2476 3998 subiungi
2492 3887 2637 3996 919ξέ99999-

1517 3981 1645 4048 9999999
1676 3983 1821 4062 tertium,
1843 3983 1961 4052 scilicet
1992 3983 2083 4052 iliius
2112 3983 2322 4070 9999999999,
2354 3985 2387 4052 99
2408 4003 2472 4072 qua
2527 3997 2583 4040 tuor

1516 4087 1656 4172 procedit
1679 4089 1875 4172 Evangelista
1895 4091 1956 4158 boc
1978 4091 2097 4158 ordine.
2116 4091 2225 4158 Primo
2240 4091 2386 4158 innuitur
2401 4099 2472 4158 9999

1517 4193 1577 4260 399
1598 4195 1764 4262 admirati
1736 4203 1800 4272 99,·
1824 4197 1960 4264 sec-undo
1991 4217 2013 4264 9
2050 4195 2241 4284 obrutam
2262 4199 2419 4284 99999999
2420 4199 2472 4276 99,·
2530 4223 2531 4226 ’

1517 4301 1675 4382 tertio,t
1664 4299 1777 4368 999999
1766 4321 1844 4368 999
1876 4301 2007 4370 dabitat
1969 4303 2058 4392 atim·
2088 4309 2219 4388 quarto,
2256 4303 2348 4370 dabit
2337 4305 2400 4372 99
2399 4321 2472 4370 99

1517 4407 1648 4474 amotio
2327 4433 2328 4436 ¹

1603 4511 1704 4600 (Vers.
1727 4513 1805 4598 99).
1824 4513 1977 4598 Tangitur
1997 4467 2142 4602 ergotm
2092 4513 2271 4582 9999999999
2288 4517 2441 4584 99999999
2403 4423 2637 4622 9999999999

1514 4617 1552 4686 99
1576 4621 1686 4686 auditu
1651 4619 1803 4686 trocis
1817 4619 1917 4700 illius,
1936 4621 2016 4706 quia
2046 4621 2235 4700 nesciebant,
2259 4623 2343 4688 unde
2372 4627 2469 4700 osseis
2441 4627 2596 4688 999999

1514 4731 1607 4812 99999
1608 4745 1644 4794 99
1673 4727 1860 4814 quodi
1785 4727 1877 4794 dicit:
1916 4729 1978 4792 Tar
1978 4727 2029 4794 ba
2061 4747 2172 4814 9999,
2195 4735 2338 4816 quaet
2308 4729 2418 4796 straba
2441 4733 2470 4794 et

1515 4833 1671 4900 audiebat
1684 4833 1721 4912 1⁰,
1745 4833 1830 4900 illam
1844 4831 1962 4900 scilicet
1985 4851 2111 4912 vocem3
2136 4833 2262 4900 dicebat
2285 4835 2470 4902 tonitruum

1514 4937 1644 5024 factam
1665 4957 1751 5018 esse,
1773 4937 1968 5006 attendentes
1984 4937 2070 5006 rucis
2090 4939 2336 5024 magnitudinem
2354 4948 2385 5009 et
2399 4959 2470 5008 sen-

1514 5043 1707 5124 sibilitatem
1731 5051 1764 5110 et
1796 5043 1830 5110 bi
1865 5049 1956 5110 erant
1985 5045 2023 5112 de
2058 5045 2261 5128 8999999999,
2292 5047 2469 5134 dequibus

1514 5151 1659 5216 Matthaei
1683 5149 1993 5234 vigesimasecunda
2020 5157 2051 5218 et
2075 5151 2206 5218 9999999
2230 5153 2380 5238 vigesimo
2406 5159 2471 5222 ter·

1514 5255 1575 5323 ito:
1603 5283 1620 5314 «
1636 5257 1701 5322 Non
1731 5255 1841 5322 dicunt
1875 5275 1944 5324 esse
1973 5259 2124 5342 99999999
2147 5277 2251 5344 neque
2273 5259 2467 5344 spiritum».

1516 5361 1586 5428 Alii
1606 5379 1683 5430 vero
1706 5351 1874 5430 dicebaut.-
1894 5365 2044 5458 Augeias
2077 5363 2107 5430 a·
2130 5365 2259 5432 iocrrtas
2280 5375 2345 5444 est,
2370 5371 2469 5432 atten-

1513 5777 1603 5832 doeuit
1624 5777 1692 5846 [libr.
1718 5777 1753 5830 de
1775 5777 1948 5846 Haeresibus,
1967 5793 1990 5832 c.
2012 5779 2060 5842 69,
2078 5775 2124 5830 uhi
2143 5783 2245 5840 999999,
2258 5779 2330 5846 quod
2351 5777 2469 5834 0999999·
2499 5803 2501 5812 ¹

1514 5867 1639 5922 ocliioucs
1657 5869 1708 5920 boc
1726 5867 1808 5920 ruodo
1828 5865 1966 5936 lecerunt}

1584 5951 1730 6008 ο991999.
1755 5957 1854 6020 Evang.
1874 5943 1911 6016 tr.
1932 5957 1974 6008 59.
2000 5971 2025 6010 9.
2045 5957 2093 6018 lb,
2114 5953 2158 6008 ubi
2184 5969 2232 6020 pro
2253 5955 2373 6024 potius...
2396 5951 2470 6008 mori

1513 6047 1596 6098 textus
1615 6043 1749 6108 originalis
1766 6041 1829 6098 ibi...
1845 6043 1941 6098 999999.
1958 6043 2011 6098 Cir.
2026 6047 2066 6098 lll.
2085 6047 2154 6096 Sent.
2174 6045 2200 6098 d.
2219 6045 2262 6096 39.
2281 6059 2310 6110 q.
2327 6045 2352 6094 9.
2372 6071 2406 6082 -
2418 6041 2466 6096 Ed.

1512 6127 1573 6196 sed,
1590 6129 1623 6184 ut
1640 6129 1705 6184 dicit
1720 6129 1904 6198 Arcpastiaus,
1922 6143 1992 6200 quae
2010 6131 2087 6184 etiam
2100 6143 2181 6196 supra
2194 6131 2307 6184 vocibus
2321 6127 2409 6198 magis
2422 6129 2469 6182 im·

1509 6217 1586 6288 piare
1604 6219 1732 6272 interserit
1751 6233 1812 6272 curn
1831 6221 1949 6272 Gorrano
1966 6219 2049 6288 velit,·
2068 6219 2094 6272 99
2115 6223 2185 6272 textu
2204 6218 2316 6284 supple:
2334 6215 2428 6280 diligit.

1583 6303 1751 6360 π9199999.
2162 6327 2164 6330 ·

1584 6391 1720 6450 8(399111.
1740 6395 1810 6450 Seni.
1829 6397 1854 6448 d.
1876 6395 1917 6448 97.
1937 6413 1959 6450 a.
1979 6397 2048 6464 l.q.
2069 6399 2093 6448 9.
2113 6395 2184 6448 993.
2467 6451 2469 6454 .

1583 6481 1601 6512 ⁴·
1613 6487 1690 6538 Plura
1709 6485 1827 6538 ridelli.
1845 6487 1915 6538 Sent.
1935 6485 1962 6538 d.
1981 6485 2023 6536 93.
2042 6499 2067 6538 9.
2085 6485 2110 6536 9.
2130 6497 2156 6548 q.
2175 6485 2201 6536 3.
2225 6487 2252 6534 99
2276 6481 2303 6534 3.
2325 6481 2466 6554 praecipue

1514 6575 1539 6626 in
1558 6575 1624 6638 line,
1640 6571 1686 6626 ubi
1699 6575 1748 6624 bae
1761 6571 1920 6626 obiectiooes
1939 6571 2032 6626 eodem
2049 6573 2187 6626 solvuntur
2199 6569 2336 6622 modo.—
2351 6569 2466 6624 Vocibus

1513 6675 1560 6716 ucc
1579 6661 1629 6716 boc
1646 6661 1689 6714 ed.
1707 6675 1768 6712 curn
1786 6663 1904 6714 Gorrano
1923 6659 2052 6712 interserit
2070 6661 2167 6712 tamea
2276 6709 2278 6714 .

1583 6747 1606 6780 ¹⁰
1628 6749 1737 6816 Vulgata
1757 6749 1939 6806 99999999.-
1952 6747 2070 6800 Subinde
2087 6749 2231 6812 allegantur
2250 6749 2337 6800 blatto.
2355 6751 2402 6818 99,
2423 6713 2466 6802 93.

1514 6837 1686 6908 (Sadducaei,
1704 6839 1752 6904 qui
1769 6839 1872 6902 dicunt,
1890 6851 1944 6888 non
1962 6849 2019 6890 9999
2030 6833 2260 6906 9999999999999999)
2273 6841 2300 6890 99
2312 6837 2367 6890 Act
2380 6839 2427 6902 93,
2441 6839 2465 6890 8.
