5916 8276
658 571 722 638 too

658 745 807 814 otiorum
828 745 1016 812 destructio.
1040 745 1173 830 Propter
1194 743 1264 810 ittos
1288 741 1342 828 qui
1367 739 1519 808 aedificati
1544 747 1619 808 sunt

658 853 699 920 33
719 851 833 930 tidem,
857 849 951 916 dicit:
974 849 1073 916 Metti
1091 869 1172 936 3333
1195 869 1236 916 333
1259 847 1415 926 Indaeis,
1439 847 1500 934 qni
1526 865 1620 914 oene-

658 965 741 1026 ront
762 957 810 1024 od
830 957 979 1024 Mariam
1003 963 1032 1022 et
1055 953 1226 1024 Murttaom
1249 961 1276 1020 et
1301 953 1454 1042 33333333
1470 973 1557 1042 quoe
1570 951 1619 1038 fe-

658 1063 749 1140 3331,
772 1061 985 1128 crediderunt
1007 1061 1044 1126 in
1067 1081 1151 1128 333.
1180 1063 1247 1144 Qui
1274 1067 1455 1138 oeneront;
1487 1059 1619 1124 Prover-

657 1165 783 1234 biorum
808 1165 1064 1232 decimotertio:
1092 1191 1110 1224 3
1126 1165 1185 1250 Qui
1208 1181 1281 1236 cum
1306 1163 1499 1250 sapientibus
1513 1161 1618 1248 gradi-

658 1277 711 1338 tur
735 1259 942 1354 sapiens'erit
956 1293 990 1350 »3
1012 1287 1111 1356 supra
1127 1277 1257 1356 quarto:
1280 1295 1297 1330 «
1312 1267 1399 1336 Multi
1417 1267 1619 1336 crediderunt

657 1375 691 1442 in
712 1393 819 1454 eurns¹
846 1379 904 1442 etc.
932 1377 1062 1462 Propter
1082 1375 1179 1456 atius,
1198 1375 1254 1462 qui
1269 1375 1393 1458 peiores
1410 1373 1509 1440 etiecti
1526 1381 1617 1456 sunt,

657 1479 754 1548 elicit:

750 1587 801 1652 33.
826 1585 928 1660 (Vers
950 1585 1031 1668 lid).
1057 1585 1201 1670 Quidum
1226 1591 1337 1654 nutem
1361 1603 1400 1650 33
1425 1583 1506 1670 ipsis
1532 1585 1619 1654 obie-

657 1699 741 1760 rnnt
755 1693 801 1760 nd
816 1689 1018 1760 Pharisaeos
1033 1701 1063 1758 et
1076 1693 1236 1760 33333333
1250 1691 1299 1756 eis
1313 1709 1398 1776 quoe
1413 1687 1490 1776 fecit
1504 1693 1618 1772 reses,-

656 1799 877 1868 andecanem
906 1819 971 1864 nno
1001 1799 1053 1864 alii
1082 1799 1303 1884 proiecerunt,
1330 1797 1382 1864 atii
1414 1795 1617 1880 defecerunt;

657 1905 814 1974 secundae
828 1905 869 1970 ad
883 1903 1061 1974 Corinthios
1082 1905 1221 1972 secundo
1235 1907 1263 1970 ²:
1295 1931 1310 1964 «
1324 1903 1397 1970 Attis
1415 1921 1526 1972 sumus
1541 1905 1617 1972 odor

658 2013 767 2080 mortis
787 2011 822 2078 in
846 2001 999 2092 mortem,
1021 2013 1090 2080 aliis
1115 2011 1190 2082 odor
1220 2013 1302 2080 ritae
1323 2011 1358 2078 in
1378 2011 1476 2078 vitam
1492 2035 1524 2092 3;
1548 2011 1617 2078 3333

657 2119 759 2188 Lucae
790 2119 947 2186 secundo:
978 2113 1104 2202 «Ecce,
1134 2119 1255 2206 positus
1280 2123 1325 2188 est
1349 2119 1401 2186 bic
1428 2119 1461 2186 in
1491 2117 1616 2186 ruinam

606 2301 608 2304 ,
657 2227 718 2294 et'
710 2245 744 2292 333
765 2227 1032 2294 resurrectionem
1055 2225 1259 2294 multorum
1251 2243 1285 2292 333
1308 2225 1448 2294 lsrael».

749 2329 800 2398 63.
822 2329 995 2398 Morotiter
1025 2331 1154 2416 suntin
1178 2329 1379 2398 suscitatione
1408 2329 1512 2398 lazari
1538 2349 1615 2416 qua-

494 2451 653 2548 3333333333·
644 2443 732 2506 taor
754 2437 909 2504 notanda.
942 2437 1064 2522 primo.
1088 2439 1175 2524 quod
1200 2437 1407 2554 Dominusr
1375 2437 1528 2554 orruerit,
1496 2437 1618 2504 3363

507 2517 565 2604 fid.
581 2515 726 2622 θᾳῃᾶ33,·
716 2543 902 2622 ·secuudo,
936 2543 1004 2630 tnpa
993 2543 1076 2612 idem
1112 2563 1257 2638 33333333
1286 2561 1390 2628 33333
1394 2543 1479 2626 3333,-
1441 2541 1615 2620 3333333,

659 2649 769 2736 33333
793 2649 1022 2736 prodires
948 2647 1059 2734 fucit;
1082 2657 1211 2734 quart,o
1167 2651 1262 2716 333
1252 2647 1404 2734 3333333333
1373 2647 1617 2716 3333333333

659 2753 801 2838 3333333.

749 2857 886 2940 Quaerit
915 2857 1012 2944 igitur
1043 2857 1145 2944 primo
1176 2855 1347 2936 Dominus,
1377 2855 1437 2922 333
1465 2863 1617 2942 ascentor

515 2983 549 3028 ne
563 2983 639 3040 primo.
658 2965 719 3044 sit,
744 2981 816 3032 curn
840 2963 867 3028 ei
892 2963 1044 3028 vilitatem
1065 2963 1185 3048 peccati
1209 2961 1257 3030 sai
1280 2961 1423 3030 ostendit.
1448 2963 1497 3028 Sic
1521 2979 1616 3048 quae-

612 3135 613 3138 ,
659 3071 748 3138 rebat
768 3069 924 3140 Dominus
937 3069 978 3134 ab
992 3069 1087 3136 Anam
1104 3067 1232 3136 Genesis
1246 3067 1342 3136 tertio
1355 3067 1389 3134 ³:
1413 3067 1542 3148 Adam,
1558 3067 1617 3134 nbi

658 3175 717 3244 es?
742 3175 777 3242 tit
801 3173 945 3242 teremiae
973 3175 1084 3250 tertio:
1109 3175 1194 3242 Leon
1227 3175 1338 3242 centos
1367 3181 1440 3240 tons
1470 3175 1505 3240 in
1529 3173 1615 3240 dire-

658 3289 746 3348 ctum
767 3287 799 3346 33
818 3279 910 3358 3333,
934 3279 993 3346 363
1013 3301 1080 3346 333
1100 3285 1277 3366 prostrato
1298 3279 1356 3346 sis.

746 3385 906 3464 Secundo,
934 3385 1077 3472 trepidem
1107 3383 1257 3452 omooeri
1283 3385 1470 3472 333333333,
1501 3403 1574 3452 cum
1598 3403 1615 3452 a

494 3511 525 3556 oe
538 3511 637 3556 satana.
659 3483 894 3562 cousuetudine
914 3493 1034 3578 peccati
1063 3491 1225 3558 hominem
1255 3507 1379 3556 cessare
1414 3491 1503 3570 iacit,
1536 3509 1616 3576 quae

658 3609 807 3688 tanquam
830 3597 910 3684 lapis
931 3597 1127 3684 ponderosus
1151 3599 1299 3666 deorsum
1323 3597 1430 3664 trahit.
1454 3599 1524 3666 tdeu
1538 3597 1617 3666 dice*

658 3709 709 3774 bat
734 3705 837 3772 anima
860 3705 1023 3790 poenitens
1044 3705 1076 3772 in
1100 3705 1268 3773 Psalmo4:
1298 3703 1495 3790 iniquitates
1527 3725 1617 3772 rneoc

617 3885 622 3892 κ
659 3829 894 3898 snperpressoe
909 3819 988 3878 sont
1001 3819 1105 3898 capnt
1118 3829 1245 3892 meum,
1262 3817 1291 3876 et
1304 3811 1394 3876 33333
1414 3829 1498 3876 3333
1513 3829 1593 3898 prus
1594 3829 1617 3876 33

656 3925 819 4006 33333333
844 3925 924 3984 3333
943 3937 1046 4004 33333
1067 3937 1127 3984 me.
1144 3917 1368 4006 Augustinus:
1400 3943 1415 3976 «
1430 3919 1533 4000 Quam
1555 3917 1614 3984 dif-

569 4065 570 4070 =
657 4025 738 4094 finite
760 4025 862 4110 surgit
893 4043 987 4110 quern
1016 4025 1114 4092 moles
1146 4027 1245 4092 malae
1278 4023 1515 4142 consuetudinis
1544 4043 1615 4108 pre-

657 4131 714 4200 mit
700 4135 758 4200 tsi
785 4131 984 4198 Threnurum
1007 4131 1079 4198 tert
1058 4137 1122 4199 tro:
1148 4133 1260 4218 33333
1283 4135 1362 4218 esta
1360 4129 1550 4210 nt,neom
1584 4131 1614 4198 id

563 4247 564 4250 ’
657 4241 703 4304 est
731 4235 762 4300 in
787 4251 855 4300 mor
858 4241 920 4300 ern
943 4235 1072 4318 culpae,
1097 4235 1131 4300 33
1132 4241 1167 4300 33
1187 4253 1282 4314 333,
1305 4241 1336 4300 33
1355 4243 1540 4320 3333333333
1562 4255 1616 4302 333-

499 4357 638 4456 ,13333333
653 4361 715 4428 333
737 4359 789 4408 33
809 4339 878 4426 3333
867 4339 972 4420 id,em
995 4339 1098 4408 333
1050 4349 1098 4408 333
1120 4345 1225 4426 sepult
1226 4359 1387 4408 uram-
1404 4341 1489 4408 Unde
1505 4349 1614 4410 notan-

500 4463 591 4508 scitans
656 4447 749 4526 dum,
774 4447 859 4532 qaod
888 4447 1042 4514 Dominus
1064 4447 1229 4514 suscitavit
1249 4465 1320 4510 mor
1322 4453 1410 4512 tuam
1438 4447 1476 4512 33
1498 4447 1614 4528 3333,

657 4537 802 4620 Matthaei
817 4551 944 4632 n0n05,
965 4551 1068 4618 333
1022 4557 1068 4620 333
1090 4559 1286 4638 peccatorem
1301 4551 1437 4636 peccatis
1453 4559 1615 4618 mortuum

656 4677 714 4746 per
740 4677 932 4726 consensum
945 4683 960 4738 ,·
988 4667 1086 4726 enirn
1115 4659 1272 4738 domum,
1302 4657 1335 4726 id
1366 4663 1414 4726 est
1442 4675 1499 4744 per
1532 4677 1614 4744 3333

657 4765 844 4844 motuum-t
832 4765 867 4832 33
890 4765 1062 4852 33333333,
1088 4783 1145 4852 per
1167 4765 1288 4832 333333
1290 4765 1362 4830 33
1358 4763 1438 4830 ’333
1469 4765 1614 4844 motum,

658 4873 779 4940 utbic.

743 4977 900 5058 Tertio,1
889 4979 993 5064 ipsum
1015 4937 1155 5064 prodire
1175 4981 1224 5046 333
1222 4977 1341 5064 ’33333
1364 4993 1436 5044 cam
1455 4975 1614 5064 propriam

518 5097 636 5146 ostento
657 5085 770 5172 iniquit
758 5089 852 5152 tatem
875 5083 1020 5152 confiteri
1041 5085 1123 5152 tacit.
1150 5083 1293 5152 Prodire
1313 5087 1359 5152 est
1376 5083 1413 5150 de
1438 5083 1591 5150 occulto'
1529 5089 1615 5150 trn

726 5467 867 5530 1vurgara
894 5467 967 5522 addit
982 5469 1067 5524 tesns.
1094 5467 1212 5524 Subinde
1235 5469 1263 5520 in
1287 5467 1443 5536 repetitione
1468 5469 1614 5524 verborum

660 5555 714 5620 Qui
729 5557 860 5610 33333333
871 5569 921 5608 non
941 5557 1020 5620 pauci
1037 5557 1115 5610 codd.
1130 5557 1290 5610 substituunt
1304 5555 1358 5622 Qui
1372 5561 1512 5612 uenerunt.
1524 5585 1559 5598 ·-·
1573 5561 1614 5612 Se·

656 5649 774 5712 quantur
791 5643 867 5696 Pror.
889 5643 898 5694 t
906 5645 934 5706 3,
956 5645 996 5696 ab.
1018 5651 1041 5698 et
1059 5647 1133 5698 toan.
1151 5645 1179 5710 t,
1200 5647 1240 5698 33.

725 5731 736 5764 ²
757 5733 831 5786 Vers.
851 5731 894 5784 ro.
912 5761 948 5770 --
968 5731 1086 5786 Subinde
1103 5733 1229 5798 allegatur
1248 5733 1312 5784 Luc.
1332 5737 1361 5796 3,
1383 5733 1423 5786 at.

727 5819 737 5850 ³
757 5821 832 5874 Vers.
851 5821 876 5872 6.
895 5847 929 5858 -
950 5821 1073 5886 Sequitur
1093 5823 1139 5872 ter.
1157 5823 1188 5884 3,
1208 5825 1236 5886 3,
1258 5819 1303 5872 ubi
1324 5821 1427 5886 plorimi
1454 5821 1532 5874 codd.
1555 5835 1614 5886 per-

656 5923 759 5976 peram,
780 5911 807 5960 ut
826 5907 942 5974 ridetur,
962 5906 1059 5960 babent
1078 5921 1151 5962 33333
1168 5923 1218 5974 pro
1235 5921 1300 5962 333.

725 5991 743 6028 s
755 5997 849 6050 Psatm.
867 5995 915 6060 37,
935 5995 961 6046 5.
981 5995 1156 6048 —Subinde
1181 5997 1327 6060 allegantur
1350 5995 1474 6062 August,
1500 5997 1526 6048 tn
1545 5999 1613 6048 toan.

656 6091 754 6154 dreng.
774 6091 805 6140 tr.
827 6085 867 6138 re.
893 6101 915 6138 n.
937 6085 978 6150 et,
1004 6091 1029 6136 33
1052 6085 1149 6136 Tbren.
1168 6085 1198 6150 3,
1223 6085 1266 6136 53.
1288 6083 1340 6136 Cir.
1359 6097 1442 6148 supra
1466 6097 1527 6150 pag.
1550 6085 1613 6162 386,

655 6182 716 6229 nota
734 6177 743 6228 t
754 6177 778 6228 t.
797 6175 921 6226 Permulti
947 6173 1024 6226 codd.
1043 6173 1134 6240 Lapsa
1157 6177 1197 6228 est
1214 6169 1243 6226 in
1268 6175 1383 6226 mortem
1400 6169 1456 6226 rita
1476 6185 1551 6238 meo,
1568 6185 1614 6240 33-

655 6265 771 6318 33333333
787 6267 850 6326 etc,
869 6261 915 6328 qui
935 6259 1047 6314 subinde
1067 6259 1146 6314 etiarn
1163 6261 1285 6314 omittunt
1304 6259 1333 6312 id
1349 6263 1390 6314 333
1406 6259 1586 6328 sepult-arom.

725 6349 736 6380 ⁶
756 6351 831 6404 Vens.
849 6351 894 6404 33.
913 6365 1003 6418 333333
1021 6351 1068 6402 ctr.
1087 6363 1165 6424 supra
1186 6363 1248 6416 pag.
1269 6349 1334 6416 399,
1360 6353 1421 6400 nota
1442 6349 1490 6412 35,
1515 6345 1563 6400 ubi
1580 6349 1614 6400 de

655 6439 738 6494 tribus
758 6453 772 6490 3
790 6439 902 6492 Domino
918 6439 1080 6492 resuscitatis
1097 6439 1179 6490 verba
1199 6439 1309 6504 August.
1329 6437 1471 6490 attulimus.

725 6525 832 6582 ‘Vens
859 6529 901 6580 t3.
920 6555 957 6568 —
974 6527 1098 6594 August,
1126 6529 1151 6580 in
1169 6529 1238 6582 toan.
1265 6529 1362 6592 evang.
1388 6533 1419 6580 tr.
1441 6527 1481 6580 te.
1509 6541 1532 6578 n.
1564 6523 1613 6576 et:

656 6617 768 6682 erando
785 6615 943 6680 contemnis,
962 6623 1081 6670 mortuus
1094 6617 1174 6680 iaces,
1190 6621 1214 6670 33
1226 6619 1249 6670 si
1262 6621 1344 6678 333333,
1364 6619 1460 6682 quanta
1472 6613 1539 6680 dixi,
1553 6627 1616 6668 con-

657 6705 759 6772 temnis,
772 6707 889 6770 sepultus
899 6705 966 6758 iaces
979 6711 1028 6758 etc.
1041 6703 1093 6758 Cir.
1106 6707 1229 6772 Gregor,
1243 6707 1323 6760 Xth.
1336 6705 1424 6758 Morat.
1438 6721 1460 6760 c.
1474 6705 1484 6756 t
1492 6705 1517 6758 6.
1529 6717 1555 6754 n.
1569 6703 1611 6756 33.

725 6787 735 6820 ⁷
758 6793 832 6844 Vers.
853 6793 896 6846 tt.
914 6793 1092 6862 —Sequitur
1110 6795 1179 6846 ioan.
1200 6795 1248 6862 33,
1268 6795 1311 6846 33.
1331 6793 1398 6846 Vide
1416 6807 1498 6858 supra
1516 6807 1543 6846 n.
1571 6791 1614 6844 oo.

656 6875 735 6928 rerba
757 6877 858 6942 Bedae;
879 6881 1059 6946 aramagna,
1079 6881 1104 6932 lt.
1118 6883 1213 6934 Homit.
1231 6881 1259 6934 in
1270 6881 1371 6944 Erang.
1390 6881 1479 6934 bomit.
1494 6881 1536 6934 26.
1548 6895 1575 6932 n.
1588 6877 1612 6930 6.

558 6597 564 6638 3

1367 565 1560 650 connum.
1583 565 1623 630 nr
1643 563 1811 632 rossana
1832 561 1866 628 c.
1888 564 1938 630 rn.

1681 745 1825 826 apertum
1838 739 1963 818 renire3
1977 739 2061 806 unde
2072 739 2314 808 proverbiorum
2329 735 2478 824 vigesimo
2488 737 2637 804 nemrot:

1683 847 1749 932 Qut
1770 847 1940 914 abscondit
1963 843 2086 910 3333333
2109 865 2175 910 333
2195 861 2262 910 333
2286 841 2472 930 333333333,·
2493 843 2553 930 qni
2576 863 2638 910 33·-

1682 961 1745 1022 tem
1765 943 1937 1038 confessus
1950 949 2058 1036 suerit
2077 957 2108 1018 ct
2121 949 2295 1040 3333333333
2314 967 2355 1016 33
2369 949 2637 1016 misericordium

1681 1065 1904 1148 comeqoetor.
1928 1057 2136 1142 Augustinus:
2168 1055 2532 1144 «Quando-contemnis,
2553 1073 2638 1122 mor-

1682 1171 1756 1234 tuas
1779 1165 1877 1242 iaces;
1914 1163 1938 1228 si
1962 1161 2101 1230 maxime
2133 1159 2324 1240 contemnis,
2359 1159 2504 1246 sepulcro
2538 1159 2637 1242 iaces3

1682 1269 1807 1358 quando
1828 1267 2004 1346 confiteris,
2029 1267 2219 1352 procedis».

1770 1375 1904 1460 Quarto,
1921 1371 2094 1458 dissipatis
2108 1373 2298 1442 sotoendnm
2312 1371 2464 1458 exponit,
2476 1371 2550 1457 quia
2561 1379 2639 1440 tanc
2656 1381 2688 1426 De
2704 1385 2789 1438 33333

1682 1483 1767 1550 venit
1790 1483 1927 1566 potestas
1957 1477 2175 1560 sacerdotatis,
2198 1495 2282 1566 qnae
2309 1483 2382 1544 ante
2414 1477 2639 1546 contessionem
2784 1471 2786 1474 ’

1681 1587 1787 1654 lucum
1808 1601 1871 1650 non
1895 1583 1998 1650 habet.
2024 1583 2082 1648 Sed
2107 1585 2256 1652 Dominus
2281 1585 2448 1670 praecipit,
2478 1591 2514 1650 ut
2537 1589 2640 1652 osten-

1681 1691 1755 1758 dant
1787 1705 1818 1756 se
1844 1687 2057 1756 sacerdotibus
2084 1687 2123 1756 33
2155 1689 2355 1768 solvendom3
2387 1691 2487 1758 Lucae
2519 1689 2640 1756 decimo

1681 1791 1842 1882 septimoi
1865 1793 1905 1858 de
1927 1793 2058 1878 leprosis
2081 1795 2238 1862 mundatis
2261 1795 2379 1862 dictum
2405 1803 2451 1864 est
2480 1795 2541 1870 eis:
2575 1797 2638 1876 tte,

1681 1897 1836 1968 ostendite
1858 1917 1917 1966 ros
1937 1897 2181 1976 sacerdotibus:
2205 1905 2236 1966 et
2250 1897 2472 1968 Dominuseis
2492 1901 2579 1968 dedit
2594 1899 2639 1966 oi-

1680 2007 1802 2086 ficium,
1822 2005 1905 2072 infra
1920 2003 2083 2092 vigesimo:
2103 2005 2252 2086 Quorum
2269 2005 2466 2074 remiseritis
2483 2015 2638 2092 3333333,

1680 2113 1896 2182 remittantur
1924 2113 1990 2190 eis,·
2021 2119 2049 2178 et
2078 2131 2222 2200 qnorum
2255 2117 2317 2176 3333
2313 2111 2444 2178 ”3333333
2430 2131 2526 2192 33,
2515 2119 2640 2180 retentos
2707 2131 2708 2134 ’

1679 2229 1767 2288 sunt.
1796 2221 1899 2286 -Et
1921 2221 2094 2286 notandum
2115 2227 2179 2300 est,
2205 2219 2289 2306 quod
2310 2217 2448 2284 Lazarus
2471 2221 2639 2288 resuscita·
2662 2227 2794 2284 Quidamt-

1679 2333 1732 2396 tos
1754 2327 1869 2412 triplici
1894 2325 2547 2414 3333333333333333333333,3333333133
2581 2325 2640 2392 dii·
2656 2283 2802 2380 Πῗῗηουῖ3ρ3’

1679 2433 1803 2500 ficultas
1818 2439 1961 2500 remanet
1982 2433 2013 2500 in
2030 2433 2158 2500 humine
2179 2439 2250 2518 post
2270 2431 2482 2500 remissionem
2509 2431 2637 2518 peccati.
2687 2387 2769 2434 wan

1679 2539 1755 2604 Nam
1779 2533 1883 2622 socies
1901 2539 2005 2622 333333
2029 2539 2104 2606 dicit
2120 2531 2338 2608 difficultatem
2353 2539 2385 2606 in
2399 2539 2637 2626 copnoscemto,

1680 2641 1824 2728 tipomen
1844 2643 1968 2726 333333
1988 2643 2063 2710 33333
2088 2643 2301 2712 difficultatem
2327 2647 2357 2710 in
2388 2645 2464 2712 bene
2483 2647 2639 2726 notendo,

1680 2747 1824 2834 tipomen
1847 2765 2010 2814 3333333
2042 2749 2073 2814 in
2099 2749 2172 2814 bene
2196 2751 2372 2834 operando.
2405 2753 2451 2818 De
2481 2753 2531 2818 his
2561 2755 2639 2818 titat-

1679 2853 1763 2920 tbaei
1787 2853 1936 2938 vigesimo
1961 2853 2098 2920 secundo
2115 2853 2145 2920 8:
2168 2855 2295 2942 Lipntis
2319 2857 2475 2922 monitos
2498 2865 2528 2922 33
2544 2857 2638 2942 perti-

1680 2959 1741 3026 bns
1764 2959 1851 3038 eins,
1870 2959 2025 3044 proiicite
2046 2979 2121 3026 enm
2146 2961 2180 3028 in
2205 2959 2353 3028 tenebras
2376 2961 2562 3030 exteriores.
2579 2965 2638 3030 Sed

1679 3065 1722 3132 ab
1743 3063 1950 3131 his'vincutis
1980 3065 2127 3144 solvitur,
2153 3065 2278 3152 otiando
2307 3083 2364 3152 per
2396 3067 2637 3136 satistactionem

1679 3169 1851 3238 iniunctam
1874 3171 1916 3240 ab
1937 3171 1997 3238 hoc
2022 3171 2136 3258 triptici
2159 3173 2286 3240 rincuto
2309 3173 2445 3262 solvitur.
2465 3181 2496 3240 et
2512 3175 2543 3240 in
2572 3175 2638 3262 pri-

1679 3277 1796 3342 stinum
1820 3281 1935 3343 statum
1952 3277 2141 3344 restituitur.
2165 3277 2253 3346 Hunc
2270 3283 2385 3346 statum
2402 3279 2526 3364 petebat
2549 3281 2637 3348 Sant-

1679 3401 1752 3462 sun,
1778 3381 1917 3448 tadicum
1946 3383 2067 3450 decimo
2096 3391 2186 3450 sexto
2200 3385 2225 3450 ⁹:
2249 3383 2405 3450 Memento
2427 3385 2508 3466 mei,
2532 3385 2636 3466 Dens,

1679 3489 1717 3556 in
1739 3487 1821 3554 bono
1838 3495 1866 3554 et
1889 3489 1986 3556 redde
2001 3509 2092 3558 nnnc
2114 3487 2199 3556 mitti
2210 3489 2394 3576 3333333333
2408 3487 2638 3576 fortitudinem

1678 3613 1796 3662 meam.

1733 3701 2051 3788 recomparans
2082 3703 2350 3820 3333333333
2382 3709 2440 3772 etc.
2471 3705 2532 3772 Ista
2564 3725 2638 3790 pars
2685 3711 2804 3808 13333033

1678 3807 1770 3886 iibri,
1793 3819 1875 3892 quae
1899 3807 1941 3874 ibi
1956 3807 2013 3846 ¹⁰
2004 3807 2130 3894 incipi.
2101 3809 2235 3876 tran
2250 3805 2344 3876 domo
2360 3809 2455 3876 misse
2456 3829 2483 3876 33
2456 3831 2529 3878 33
2553 3813 2636 3892 Dee,
2650 3777 2802 3918 ssffrsiegrrrd·

1678 3915 1712 3981 in
1734 3931 1797 4002 qua
1821 3913 1885 4000 agit
1886 3931 1924 3980 ur
1871 3913 1986 3980 333
2002 3913 2104 3982 Verbo
2129 3913 2303 3994 incernam,
2327 3913 2387 3982 tuit
2402 3915 2529 3982 divisa
2522 3937 2555 3984 rn
2573 3877 2686 3986 tresw'

1678 4027 1793 4106 partes.
1819 4021 1852 4086 tn
1871 4021 1973 4106 prima
1995 4021 2100 4108 agitur
2115 4021 2154 4092 de
2177 4021 2292 4090 Cbristi
2317 4023 2528 4092 incarnatione
2552 4025 2637 4092 etde

1677 4125 1832 4192 incarnati
1852 4125 2118 4204 manifestatione3
2142 4129 2173 4194 in
2198 4129 2335 4196 secunda
2357 4147 2449 4210 vero,
2465 4129 2505 4198 de
2520 4129 2637 4216 passio-

1678 4251 1734 4312 ne;
1760 4231 1791 4298 in
1815 4231 1925 4312 tertia,
1950 4231 1987 4300 33
2013 4235 2254 4302 resurrectione.

1800 4441 1948 4510 Secundo
1970 4449 2137 4510 3333333333
2159 4445 2200 4512 33
2226 4445 2324 4512 Verbi
2343 4447 2516 4516 incarnati

1973 4549 2132 4634 passione
2153 4551 2338 4636 doptiriter.

1768 4759 1821 4828 Hic
1851 4777 1926 4848 ergo
1957 4761 2066 4848 incipit
2095 4763 2232 4830 secunda
2261 4781 2342 4850 pars.
2376 4765 2507 4854 Intentio
2536 4765 2636 4852 igitur

1679 4869 1776 4936 buius
1810 4869 1909 4954 partis
1940 4887 2040 4954 usque
2064 4869 2102 4936 33
2130 4871 2316 4956 vigesimum
2345 4873 2559 4956 capitutum11
2588 4881 2637 4942 est

1679 4993 1773 5064 agere
1793 4975 1833 5044 de
1854 4975 1905 5044 his
1928 4995 2010 5062 quae
2033 4983 2174 5064 spectant
2194 4977 2232 5044 36
2256 4977 2448 5062 passionem;
2471 4987 2504 5048 et
2525 4981 2637 5050 diridi-

1678 5089 1731 5152 tur
1678 5083 1833 5150 thaec
1855 5101 1929 5168 pars
1960 5083 1992 5150 in
2019 5083 2114 5150 duas:
2147 5083 2220 5170 quia
2249 5083 2400 5170 quaedam
2434 5093 2574 5170 spectant
2596 5087 2635 5154 ad

1748 5465 1853 5524 ⁸Vers
1874 5471 1884 5520 3
1892 5469 1914 5520 3.
1940 5469 2029 5522 Stasea
2054 5467 2196 5524 ordinario
2221 5467 2263 5536 (ex
2285 5467 2409 5532 (tragon,
2435 5469 2462 5520 tt.
2489 5467 2583 5520 Homit.
2609 5469 2634 5520 in

1678 5561 1777 5624 Evang.
1795 5557 1886 5610 bomit.
1901 5559 1945 5610 38.
1957 5573 1984 5608 n.
2006 5557 2058 5626 33.)
2078 5557 2103 5608 in
2124 5561 2193 5610 bunc
2213 5557 2316 5610 iocum:
2333 5553 2466 5624 bipontnr
2486 5569 2571 5620 poena
2588 5559 2635 5624 qui

1679 5647 1720 5698 bic
1739 5661 1754 5698 a
1773 5647 1841 5698 mato
1860 5647 2000 5698 notuerunt
2011 5645 2097 5710 tigeri,
2118 5645 2145 5698 id
2164 5649 2203 5698 est
2216 5641 2349 5710 cobibert;
2369 5657 2481 5710 monos,
2501 5659 2634 5712 quaenon

1678 5739 1797 5788 extensae
1821 5733 1856 5784 ad
1881 5733 2090 5798 eleemosynam
2112 5731 2193 5800 pedes
2219 5731 2287 5784 tardi
2306 5731 2338 5782 ad
2365 5731 2493 5786 bonum...
2510 5731 2635 5788 ,dicterio-
2721 5755 2724 5760 ·

1677 5835 1721 5876 res
1740 5827 1803 5886 etc.;
1823 5821 1885 5886 quia
1909 5821 1952 5872 bic
1976 5821 2114 5872 interiores
2132 5819 2229 5872 babent
2254 5819 2374 5874 tenebras
2394 5821 2492 5874 cordis.
2510 5819 2562 5874 Cir.
2586 5821 2636 5874 Au·

1678 5913 1760 5974 gast,
1778 5909 1813 5960 83
1833 5911 1884 5976 Qq,
1901 5923 1927 5974 q.
1949 5907 1995 5972 65,
2012 5907 2060 5958 ubi
2078 5909 2222 5962 secundum
2248 5909 2333 5974 ipsum
2353 5911 2465 5974 Lazarus
2491 5909 2576 5964 eniens
2601 5911 2635 5964 de

1677 6001 1846 6050 monumento
1874 5995 2003 6060 significat
2019 5995 2134 6048 animam
2154 5999 2322 6052 recedentem
2343 6013 2359 6050 a
2378 5997 2524 6052 carnatibus
2548 5997 2634 6062 uitiis,

1678 6081 1774 6138 institis
1793 6083 1931 6138 inootntns
1949 6083 2088 6150 significat,
2109 6087 2183 6152 quod
2201 6085 2258 6140 tatis
2276 6085 2377 6154 anima,
2396 6089 2484 6140 adbuc
2503 6093 2588 6140 tamen
2609 6087 2635 6138 iu
2654 6067 2655 6074 ἵ

1677 6181 1789 6240 corpore
1802 6175 1951 6238 constituta,
1961 6175 2044 6226 atiena
2056 6187 2068 6226 3
2082 6175 2205 6228 molestiis
2216 6175 2304 6228 carnis
2314 6189 2434 6228 essenon
2444 6177 2539 6244 possim
2552 6175 2634 6246 socies

1678 6259 1761 6328 3333333
1778 6261 1891 6316 sudario
1910 6265 1978 6316 teoto
1998 6261 2137 6328 significat,
2156 6265 2229 6330 quod
2243 6265 2268 6316 in
2287 6265 2336 6316 bac
2355 6263 2407 6316 vita
2423 6265 2524 6328 plenam
2546 6263 2634 6328 cogni·

1677 6351 1773 6404 tionem
1792 6367 1844 6404 non
1864 6351 1960 6406 babere
1979 6353 2125 6420 possimus;
2143 6359 2170 6406 et
2187 6353 2268 6406 verba
2288 6351 2395 6406 Cbristi:
2416 6353 2515 6408 Sotoite
2534 6367 2597 6408 3333
2612 6355 2635 6406 33

1677 6437 1755 6494 sinite
1771 6439 1812 6492 ire
1830 6439 1972 6504 insinuant,
1999 6443 2069 6508 qrrod
2088 6445 2148 6506 post
2168 6445 2235 6496 banc
2259 6439 2340 6494 vitam
2366 6443 2517 6496 auferuntur
2545 6441 2633 6494 omnia

1666 6529 1821 6596 3333333333,
1838 6535 1869 6582 nt
1887 6529 1951 6582 tacte
1969 6531 2114 6584 adfaciem
2133 6531 2281 6584 videamus.

1749 6613 1760 6646 ⁹
1778 6617 1853 6670 Vers.
1873 6619 1914 6670 38.
1928 6645 1962 6658 -
1974 6617 2025 6672 Cir.
2040 6621 2079 6674 tv.
2095 6619 2164 6672 Sent.
2179 6619 2203 6672 d.
2219 6619 2228 6670 3
2237 6619 2260 6672 5.
2282 6631 2308 6682 p.
2321 6619 2349 6670 tt.
2363 6631 2385 6670 a.
2403 6619 2427 6670 t.
2441 6633 2466 6684 q.
2487 6619 2514 6686 t,
2535 6619 2580 6672 ubi
2601 6619 2634 6672 de

1678 6703 1772 6768 triptici
1790 6719 1884 6772 opere,
1902 6721 1955 6772 qno
1974 6707 2113 6760 satisfactio
2132 6709 2169 6760 m.

1749 6789 1770 6824 ¹⁰
1790 6793 1854 6860 Cap.
1874 6797 1896 6862 t,
1916 6797 1947 6852 e.
1960 6811 1987 6848 n.
2007 6795 2050 6850 37.

1749 6876 1770 6910 1¹
1790 6883 1837 6934 Ed.
1859 6883 1932 6936 addit
1949 6883 2093 6938 ecciesiae.
