5916 8276
402 855 477 910 Quoad
492 857 532 900 lle·

307 951 308 956 ,
394 907 508 952 bracarum
516 907 542 952 li·

400 960 533 1004 horationem

323 1067 327 1080 ¹
410 1019 524 1068 taumntur
554 1033 555 1038 =

445 1065 493 1110 tria.

438 1275 539 1320 Primum.

561 559 625 626 230

648 735 684 800 ln
705 735 809 818 prima
828 735 933 818 primo
954 733 1094 818 tangitur
1127 731 1354 800 Hebraeorum
1382 731 1422 796 de
1454 731 1514 794 Ae-

559 849 657 928 yypto
682 839 821 920 educti03
846 839 998 918 moundo,
1019 837 1193 904 mirabilia
1215 835 1311 922 foetu
1327 855 1392 920 pro
1418 835 1464 902 eie
1480 835 1514 900 iu

560 947 723 1034 Aegypto:
749 945 902 1010 lllemores
927 937 1032 1020 euim;
1057 943 1168 1022 tertio,
1189 961 1305 1008 eorum
1325 937 1457 1026 refectio
1480 939 1514 1004 iu

560 1049 699 1116 deserto:
723 1049 907 1116 Nouissime
932 1055 1051 1116 eutem.
1307 1131 1310 1140 ³

655 1155 802 1220 Videntes
817 1161 887 1232 tuo,
903 1153 995 1240 quasi
1009 1153 1109 1220 dicat:
1125 1169 1187 1218 non
1202 1157 1325 1218 tantum
1342 1151 1512 1228 audientes,

561 1259 728 1326 sedetiam
754 1259 909 1338 ridentem
935 1259 1056 1344 primae
1076 1257 1197 1322 loannis
1221 1255 1364 1340 prim01:
1392 1253 1513 1338 «Quod

560 1361 708 1442 vidimus,
742 1365 824 1448 quod
855 1361 1032 1430 audirimus
1049 1387 1064 1420 ε
1100 1367 1158 1430 θῖθ.
1193 1359 1367 1428 llltrobilio
1397 1367 1470 1452 tuo¹
1488 1363 1514 1424 et

561 1473 730 1546 monstro;
754 1467 945 1546 mirabilia,
968 1465 1086 1532 scilicet
1118 1465 1256 1544 minora,
1286 1475 1315 1532 et
1343 1471 1512 1544 utonslru,

561 1573 677 1640 scilicet
700 1573 834 1652 maiorm
861 1573 927 1640 rel:
950 1571 1141 1650 mirabilia,
1167 1571 1197 1636 in
1214 1645 1215 1648 Ἴ
1233 1589 1290 1638 sua
1313 1569 1513 1648 liberatione,

533 1685 726 1754 ‘monstra
762 1679 795 1742 in
828 1677 1049 1764 Aegyptiorum
1079 1677 1294 1742 subversione.
1328 1675 1515 1742 Monstrum

492 2445 494 2450 ·
560 2441 688 2502 eorum,
710 2411 792 2490 sicut
816 2423 905 2508 equi,
932 2421 1057 2506 quando
1079 2437 1183 2486 escam
1205 2407 1374 2486 comedunt
1396 2419 1446 2484 vel
1461 2417 1514 2486 de·
1556 2425 1558 2434 ’

560 1783 642 1852 enim
663 1783 778 1850 dicitur
811 1803 873 1850 non
907 1783 1008 1850 solum
1045 1781 1121 1868 quid
1150 1781 1312 1860 mirabile,
1336 1781 1389 1846 sed
1422 1779 1514 1846 etiarn

560 1889 719 1958 horribile.
1100 1957 1104 1964 ,

575 2067 576 2072 ,
648 1997 750 2080 (Vers.
779 1997 832 2078 a).
866 1995 1028 2076 Videntea,
1054 1993 1182 2078 inquam
1217 1999 1293 2074 etc.;
1316 1993 1420 2072 enim,
1454 1993 1515 2060 hoc

561 2107 608 2170 est
623 2107 716 2182 certe,
735 2103 939 2186 depaverunt
959 2119 1088 2180 escum,
1115 2099 1233 2168 scilicet
1253 2101 1287 2168 in
1310 2117 1441 2168 suorum
1461 2099 1515 2166 ad-

560 2207 772 2296 versariorum
796 2207 964 2276 deiectione
989 2208 1038 2276 rel
1062 2207 1286 2276 consumtiooe.
1311 2207 1368 2272 Vel
1388 2207 1449 2272 hoc
1469 2207 1515 2272 di-

560 2315 601 2384 cit
625 2333 682 2400 pro
715 2321 819 2396 tanto,
841 2315 917 2402 quia
950 2313 1090 2382 delectati
1127 2321 1201 2380 sunt
1237 2315 1266 2380 in
1304 2311 1514 2380 destructione

560 2535 700 2616 pascunt.
744 2529 918 2616 Tunpuum
947 2527 1036 2614 equi,
1067 2527 1184 2612 quibus
1210 2525 1326 2594 scilicet
1363 2525 1514 2590 Dominus

560 2635 729 2714 insidebat,
755 2635 928 2702 secundnm
953 2633 1032 2699 illud
1063 2633 1204 2700 Habacuc
1224 2629 1347 2698 ῖθεῖῖο2
1359 2653 1366 2694 :
1383 2641 1410 2686 '«
1427 2627 1514 2694 Viam

470 2779 471 2782 π
560 2741 656 2808 fecisti
682 2743 712 2806 in
735 2741 815 2804 mari
838 2739 930 2824 equis
951 2737 1014 2804 tuis
1028 2763 1061 2802 ».
1091 2739 1266 2822 Tanquam
1290 2735 1375 2822 equi,
1398 2731 1514 2798 scilicet

560 2845 597 2912 de
622 2863 754 2912 suorum
768 2843 906 2910 hostiurn
925 2843 1123 2924 superatione
1137 2839 1324 2918 hinniendo,
1341 2837 1513 2916 secundum

560 2951 637 3018 illud
671 2949 766 3016 isaiae
801 2947 948 3032 vigesimo
975 2951 1103 3032 quarto:
1133 2945 1199 3012 «Hi
1232 2941 1387 3012 levabunt
1407 2959 1515 3008 vocem

561 3073 648 3122 snam
672 3063 767 3140 atque
790 3053 969 3122 laudabunt.
1003 3051 1079 3118 Cum
1116 3051 1308 3138 glorineatus
1335 3049 1433 3116 luerit
1454 3049 1514 3116 Do·

561 3161 678 3240 mium,
702 3161 843 3230 hinnient
868 3161 904 3226 de
929 3159 1008 3226 mari
1022 3185 1054 3224 ».
1079 3161 1121 3224 Et
1149 3165 1312 3246 tunquam
1333 3155 1432 3242 aput,
1456 3155 1514 3222 sci-

560 3267 632 3334 licet
652 3267 810 3350 simplices
830 3271 862 3334 et
885 3263 1053 3344 mansueti;
1077 3265 1110 3330 in
1133 3263 1269 3332 Psalmo:
1295 3291 1310 3324 «
1324 3263 1443 3330 Montes
1457 3281 1514 3328 ex-

562 3373 760 3440 sultaverunt
780 3379 819 3464 ut
837 3373 966 3450 arietes
992 3377 1021 3436 et
1045 3371 1138 3438 colles
1161 3371 1244 3436 sicut
1265 3371 1334 3456 agni
1361 3371 1466 3436 crisim
1484 3397 1514 3452 x,

561 3481 591 3548 id
615 3485 661 3546 θεῖ
686 3485 748 3546 tam
768 3479 903 3546 maiores
927 3495 1021 3564 quarn
1058 3477 1194 3542 minores
1216 3475 1515 3552 eorum3'eesulto-

561 3591 696 3662 uerunt,
719 3601 780 3650 non
806 3583 906 3650 solum
932 3583 1015 3648 intus
1038 3581 1071 3648 in
1093 3581 1204 3660 corde,
1229 3581 1398 3648 sedetiam
1424 3587 1515 3648 extra

561 3689 732 3776 gaudendo.
758 3689 1008 3776 llluynifieoutes
1027 3695 1071 3766 te,
1090 3689 1242 3766 Douriue,
1257 3687 1288 3752 id
1305 3695 1351 3752 est
1368 3703 1515 3772 magnum

562 3803 591 3862 te
614 3795 822 3880 praedicando
842 3795 893 3862 vel
916 3793 1080 3878 magnifice
1095 3791 1264 3872 laudando:
1282 3791 1379 3858 Exodi
1394 3791 1515 3860 decinno

562 3899 670 3986 quinto
684 3901 713 3966 3:
746 3899 939 3968 «Cantemus
960 3899 1109 3978 Domino,
1133 3899 1266 3984 gloriose
1289 3897 1373 3966 enirn
1395 3899 1515 3982 magni-

564 4005 672 4070 ficatus
698 4013 744 4072 est
760 4031 789 4070 u.
818 4007 883 4088 chi
912 4003 1062 4070 liberasti
1089 4001 1180 4082 illos,
1208 4003 1326 4070 scilieet
1349 4019 1404 4086 per
1430 4019 1515 4068 mare

563 4109 927 4190 transducend031saiae
960 4109 1155 4194 sexagesimo
1187 4109 1297 4176 tertio:
1326 4109 1417 4192 «Qui
1441 4107 1516 4174 edu-

563 4217 609 4280 xit
633 4233 687 4282 eos
716 4233 773 4300 per
804 4217 949 4298 abyssos,
972 4215 1063 4298 quasi
1090 4233 1222 4300 equum·
1237 4217 1267 4280 in
1300 4215 1424 4280 desorto
1453 4233 1516 4280 non

530 4321 531 4326 ’
561 4323 782 4406 impingentem
806 4327 836 4388 et
859 4321 950 4408 quasi
971 4321 1085 4386 animal
1109 4319 1140 4386 in
1165 4337 1275 4406 campo
1291 4343 1326 4398 »3
1350 4327 1382 4386 et
1403 4319 1516 4386 merito

412 4653 540 4700 Secundum.

563 4437 592 4496 te
615 4427 863 4512 magnificabant.

650 4533 752 4618 (Vens.
773 4535 845 4616 ltu).
863 4533 1020 4598 liemores
1035 4531 1123 4598 euim
1138 4537 1234 4596 erurrt
1250 4529 1515 4610 udleucillorum,

563 4639 678 4708 scilicet
709 4637 889 4724 signorum,
920 4655 1005 4726 quoe
1034 4637 1071 4702 iu
1101 4637 1249 4702 ineolutu
1280 4655 1396 4720 eorum
1424 4633 1517 4722 foetu

561 4745 715 4836 fuerunt,
739 4745 771 4810 id
794 4751 854 4824 est,
881 4741 1005 4830 quando
1019 4743 1124 4808 adhuc
1139 4749 1228 4808 erant
1246 4741 1364 4808 incolae
1379 4741 1515 4826 Aegypti.

566 4851 847 4938 Quemadmodum
869 4871 933 4936 pro
956 4847 1087 4916 notione
1103 4849 1320 4928 animalium,
1340 4847 1373 4914 id
1388 4855 1436 4914 θεῖ
1451 4847 1518 4914 loco

563 4957 775 5044 productionis
806 4945 998 5022 naturalium
1021 4955 1217 5032 animalium,
1240 4951 1403 5040 producit
1428 4961 1518 5020 terro

562 5063 732 5138 muscusl,
758 5065 787 5128 θῖ
812 5063 871 5126 hoc
894 5059 1095 5138 miraculose,
1122 5065 1155 5126 ut
1179 5065 1264 5144 patet
1279 5059 1377 5126 Exodi
1394 5069 1517 5138 couno,

563 5169 638 5234 item
660 5165 693 5232 in
716 5168 852 5234 Psalmo:
884 5165 1018 5246 «Dixit,
1034 5171 1067 5232 et
1082 5165 1165 5232 uenit
1187 5165 1367 5250 coenomyia
1388 5173 1419 5232 θῖ
1443 5165 1518 5232 oini-

563 5273 606 5342 les
623 5299 639 5332 ε
666 5279 725 5340 θῖθ.
753 5275 792 5338 Εῖ
811 5293 876 5360 pro
895 5271 1065 5358 piscibus,
1081 5273 1112 5336 id
1135 5278 1182 5338 cst
1199 5273 1266 5338 lonc
1281 5271 1427 5356 piscium,
1443 5291 1518 5338 eru-

563 5379 661 5448 etouit
688 5379 832 5462 duvios,
855 5381 972 5446 scilicet
1004 5377 1108 5456 Nilus,
1139 5377 1384 5444 luutrtructtnou
1413 5397 1518 5446 runo-

1224 557 1416 622 ebullient.
1440 553 1478 620 IN
1501 551 1718 620 snrlnnrtllr
1741 551 1773 614 C.
1797 550 1871 615 XIX.

1578 731 1764 804 naeueth,
1796 725 1870 810 quia
1901 725 1933 792 in
1967 727 2085 792 Psalmo
2117 725 2245 808 ponitur
2282 725 2442 792 continens
2476 745 2534 812 pro
2604 773 2605 778 ,

1577 837 1741 908 contento,
1764 831 1880 898 scilicet
1904 833 2011 898 alveus
2036 839 2138 898 terrae
2162 849 2220 914 pro
2241 851 2324 916 aqua
2348 833 2493 900 fluminis.

1668 935 1767 1022 (Vers.
1796 937 1830 1000 ll
1840 941 1869 1014 .).
1897 935 2079 1004 Nouissime
2103 945 2231 1016 cutem,
2246 937 2280 1004 id
2295 947 2343 1004 est
2357 945 2427 1024 post
2442 957 2534 1022 prae·
2551 943 2666 1020 raficum,

1577 1041 1674 1120 diota;
1697 1057 1779 1106 nova
1801 1039 1926 1124 quidem
1950 1043 2000 1108 vel
2023 1043 2110 1128 prior
2132 1043 2236 1108 luerat
2255 1043 2382 1128 Aegypti
2406 1061 2534 1128 percus-

1578 1147 1641 1226 sio,
1677 1145 1776 1230 magis
1810 1163 1890 1210 nova
1922 1145 2133 1214 Hebraeorum
2162 1147 2286 1214 eductio
2318 1147 2358 1216 de
2379 1151 2534 1234 Aegypto,

1578 1251 1632 1318 sed
1657 1251 1823 1316 norissima
1847 1267 1956 1316 eorum
1981 1251 2107 1320 relectio
2129 1253 2163 1320 in
2192 1253 2325 1322 deserto.
2357 1253 2534 1334 Viderunt,

1563 1357 1695 1424 scilieet
1724 1355 1860 1442 propriis
1889 1351 2002 1436 occulis,
2035 1377 2157 1424 nouum
2183 1369 2375 1426 erecturum
2400 1361 2534 1440 ouium,

1579 1463 1695 1532 scilicet
1719 1461 1931 1540 coturnicum,
1949 1463 2047 1528 Exodi
2062 1463 2182 1532 decimo
2203 1467 2317 1532 εθεῖο6
2337 1471 2367 1534 θῖ
2382 1469 2535 1534 Numero-

1578 1587 1652 1634 rnm
1676 1565 1852 1634 undecimo.
1921 1607 1923 1610 -

1669 1675 1728 1738 Suo
1760 1691 1900 1738 courel:
1935 1673 2014 1756 Quia
2048 1673 2175 1742 Genesis
2210 1679 2370 1744 secundo⁷
2403 1679 2533 1746 dicitur:
2551 1679 2661 1734 Querela

1585 1805 1602 1838 «
1616 1775 1789 1860 conplevit
1810 1777 1893 1844 Deus
1917 1777 1967 1844 clio
1990 1779 2122 1862 septimo
2145 1797 2226 1864 opus
2246 1799 2357 1862 suum,
2381 1785 2467 1870 quod
2488 1783 2502 1848 l
2519 1821 2534 1832 -

1579 1891 1682 1964 cerat,
1706 1889 1738 1950 θῖ
1760 1883 1917 1968 requievit
1936 1883 1977 1952 ab
1999 1883 2082 1952 omni
2107 1875 2324 1970 operaquoo
2348 1895 2533 1972 patrarat»,

1578 1991 1612 2060 id
1633 1999 1681 2060 θεῖ
1702 2009 1722 2058 a
1744 1991 1833 2058 noris
1858 1997 2077 2058 creaturarum
2106 1991 2274 2076 generibus
2297 1997 2347 2062 rel
2369 1995 2534 2078 speciebus

1579 2095 1737 2176 creandis,
1768 2095 1939 2162 secundum
1969 2095 2176 2182 augustinum
2188 2119 2196 2174 ;
2229 2097 2303 2162 item
2334 2099 2534 2166 Ecclesiastae

1577 2201 1725 2288 primoss:
1754 2201 1866 2270 «Nihil
1888 2221 2005 2270 norum
2035 2201 2094 2270 snb
2127 2204 2436 2288 sole»:org01uale
2460 2205 2535 2296 dicit

1579 2307 1644 2376 hic:
1679 2307 1834 2374 Viderunt
1856 2327 1978 2374 nouom
2000 2315 2201 2378 erecturum.

1668 2413 1857 2492 dicendum,
1881 2417 1967 2498 quod
1990 2435 2052 2482 non
2075 2423 2142 2480 erat
2168 2415 2349 2500 simpliciter
2363 2435 2463 2494 nora,
2480 2415 2534 2480 sed
2551 2417 2616 2474 flere·

1578 2537 1660 2602 nora
1682 2519 1758 2598 illis,
1784 2519 1859 2604 quia
1880 2521 1971 2604 prius
1993 2522 2033 2589 ab
2055 2521 2116 2588 illis
2143 2521 2258 2602 inrisa3
2288 2525 2373 2604 item,
2399 2541 2478 2588 nova
2499 2521 2532 2588 in

1578 2621 1632 2688 illo
1655 2625 1740 2700 loco,
1763 2621 1880 2688 scilicet
1904 2627 1935 2690 iu
1970 2627 2108 2704 deserto,
2131 2633 2163 2692 et
2185 2645 2265 2694 nora
2290 2631 2320 2696 in
2346 2637 2430 2696 tanta
2452 2629 2534 2694 mul-

1578 2727 1729 2804 titudiue,
1751 2725 1791 2790 ad
1814 2745 1909 2810 quam
1933 2747 1995 2795 non
2018 2731 2118 2796 solent
2132 2747 2205 2798 ares
2222 2735 2382 2812 accedere,
2400 2735 2452 2802 secl
2468 2753 2534 2800 ma-

1577 2833 1626 2918 gis
1649 2833 1767 2918 fugere.
2250 2925 2251 2928 Ἴ

1671 2939 1752 3006 Cum
1775 2939 1930 3020 αιῖιῖθθῖῖ,
1953 2939 2048 3008 idest
2063 2943 2155 3026 longe
2177 2961 2195 3008 a
2219 2945 2283 3008 Deo
2298 2943 2399 3024 ducti,
2416 2963 2533 3010 oonou-
2568 3011 2569 3016 ,

1577 3045 1755 3130 placentie:
1779 3047 1877 3112 iacobi
1901 3047 2047 3132 primur:
2075 3047 2329 3135 «Unusquisque
2354 3055 2534 3116 tentatura

1578 3151 1828 3238 coucupiscentia
1852 3173 1908 3220 sua
1931 3155 2109 3222 abstractus
2138 3161 2170 3222 et
2199 3155 2322 3224 illectus
2339 3185 2367 3222 a,
2393 3159 2436 3224 De
2461 3175 2533 3224 con-

1578 3259 1769 3344 cupiscentia
1804 3261 1936 3326 istorum
1966 3261 2080 3328 dicitur
2105 3263 2133 3326 in
2165 3263 2301 3328 Psalmo:
2330 3289 2347 3322 a
2363 3263 2533 3350 Concupie-

1579 3371 1656 3432 runt
1679 3365 1959 3450 concupiscentiam
1991 3367 2021 3434 in
2054 3367 2178 3434 deserto
2192 3393 2225 3448 »3
2249 3369 2333 3434 uude
2363 3378 2425 3436 let
2445 3369 2535 3436 locus

1578 3469 1631 3536 ille
1654 3477 1782 3538 vocatus
1799 3477 1846 3538 est
1868 3473 2031 3558 sepultura
2054 3473 2361 3558 concupiscentiae»,
2381 3477 2534 3542 Numero-

1579 3593 1650 3642 rum
1669 3575 1842 3644 undecimo.
1862 3577 2130 3656 Postutuuerunt,
2144 3579 2262 3646 scilicet
2275 3599 2293 3646 a
2308 3581 2426 3666 Moyse,
2441 3599 2535 3646 oscos

1578 3681 1792 3766 epulationis,
1815 3683 1846 3748 id
1870 3689 1918 3750 est
1939 3683 2085 3752 delicatas
2111 3689 2139 3750 et
2169 3687 2362 3772 superfluas
2385 3707 2447 3754 non
2480 3707 2535 3754 ne-

1579 3787 1731 3854 cessitatis
1754 3791 1804 3854 rel
1826 3789 2026 3856 educationis.

1669 3893 1767 3980 (Vens.
1790 3893 1863 3978 ln).
1879 3897 1921 3962 In
1936 3895 2128 3964 allocutione
2144 3897 2534 3980 enimdesideriorum10‚

1578 4001 1612 4066 id
1632 4007 1681 4068 est
1701 4001 1910 4068 consolatione
1934 4007 1963 4068 et
1988 4003 2194 4088 mitigatione,
2213 4005 2360 4070 escendit
2373 4005 2457 4084 illia,
2477 4007 2535 4072 soi-

1578 4105 1652 4172 licet
1675 4105 1837 4186 Hebraeis,
1856 4107 1893 4172 de
1909 4111 2008 4174 mori.
2025 4107 2081 4176 Vel
2099 4109 2160 4174 sic:
2177 4109 2219 4176 ln
2235 4109 2427 4178 allocutione
2447 4111 2535 4178 enim

1568 4211 1750 4304 desiderii,
1779 4215 1828 4280 vel
1864 4213 2124 4292 desideriorum,
2162 4215 2238 4280 dum
2271 4235 2348 4300 prae
2380 4217 2535 4286 desiderio

1579 4319 1722 4382 carnium
1747 4319 1971 4402 loquerentur,
1996 4321 2114 4386 scilicet
2137 4321 2235 4388 rerba
2255 4321 2534 4406 murmurationis,

1580 4423 1729 4490 escendit
1751 4423 1816 4490 iltis
1838 4425 1877 4490 de
1898 4427 2007 4506 mori,
2033 4427 2100 4492 hoc
2125 4445 2186 4492 non
2210 4427 2286 4494 dicit
2307 4437 2436 4514 propter
2462 4431 2535 4508 hoc,

1580 4529 1665 4614 quod
1687 4527 1725 4594 de
1751 4529 1828 4594 mari
1852 4531 2013 4598 traherent
2038 4529 2205 4616 originem,
2232 4533 2286 4598 secl
2301 4533 2428 4618 quiade
2450 4535 2536 4600 ultra

1579 4653 1668 4700 mare
1697 4635 1748 4700 nel
1769 4635 1809 4700 de
1830 4635 1936 4720 aliqua
1958 4637 2061 4704 insula
2081 4637 2179 4702 maris
2200 4637 2454 4718 adducebantur,
2477 4657 2535 4706 εθ-

1580 4743 1718 4808 cundum
1737 4741 1813 4809 illud
1826 4743 2037 4810 Numerornm
2054 4743 2220 4808 undecimo
2234 4745 2271 4808 1²:
2293 4745 2434 4814 «Ventus
2445 4763 2535 4832 egre-

1580 4847 1670 4916 diens
1692 4865 1709 4912 a
1733 4847 1864 4912 Domino
1886 4857 2027 4934 arreptas
2051 4855 2137 4916 trans
2174 4867 2259 4916 mare
2284 4835 2460 4920 cotrrrnices
2483 4853 2535 4918 de-

1582 4955 1654 5020 tulit
1679 4961 1708 5022 et
1733 4953 1855 5020 demisit
1871 4955 1901 5020 in
1920 4963 2020 5022 castra
2033 4983 2064 5036 a,
2080 4957 2130 5024 vel
2144 4957 2277 5036 dimisit,
2296 4967 2535 5048 orryyouerro,

1581 5059 1614 5126 id
1643 5067 1691 5126 est
1721 5059 1880 5126 coturnix.
1911 5061 2034 5128 Dicitur
2077 5069 2184 5128 aulem
2222 5071 2462 5152 orryporuuro,
2494 5067 2534 5134 ab

1582 5165 1711 5244 orthos,
1736 5167 1819 5252 quod
1842 5173 1889 5232 est
1913 5175 2046 5248 rectum,
2062 5173 2092 5234 θῖ
2108 5187 2228 5254 yepes,
2245 5171 2325 5254 quod
2352 5177 2398 5238 θεῖ
2414 5171 2535 5252 dueti0,

1581 5279 1614 5338 et
1635 5279 1770 5348 melros,
1796 5271 1880 5356 qnod
1902 5259 2136 5352 cumennora,
2162 5275 2250 5360 quasi
2282 5293 2352 5342 esca
2375 5283 2458 5342 recte
2483 5273 2537 5342 ad-

1581 5377 1677 5444 ducta
1699 5377 1744 5444 eis
1766 5377 1798 5444 in
1829 5397 1994 5458 mensura;
2017 5381 2084 5458 vel,
2110 5381 2190 5446 sicut
2219 5381 2336 5448 dictum
2363 5391 2409 5448 est
2438 5399 2537 5466 supra

463 5505 465 5510 ’
563 5503 660 5560 ruem
685 5501 779 5550 ranae
801 5485 887 5552 enim
920 5483 1129 5550 ascenderunt
1161 5483 1201 5550 de
1223 5483 1383 5568 praedicto
1405 5483 1517 5564 flrrrio,
1581 5483 1702 5550 decimo
1726 5489 1817 5550 sexto
1831 5483 1868 5564 ¹2,
1883 5483 1999 5552 dicitur
2021 5493 2244 5570 ortyporuetru
2266 5489 2307 5552 ab
2329 5485 2469 5576 Ortygie
2489 5487 2536 5552 in-

563 5597 600 5658 ut
623 5589 758 5654 hahetur
782 5589 881 5654 Exodi
902 5587 1045 5654 nemrot
1072 5589 1132 5656 Nec
1154 5597 1202 5654 est
1223 5589 1303 5654 illud
1326 5589 1518 5654 contrarium
1582 5591 1670 5670 sula,
1694 5589 1806 5674 inqua
1826 5591 1966 5672 primum
1990 5591 2084 5658 luisse
2109 5597 2259 5674 putantur
2284 5591 2361 5660 tales
2382 5607 2472 5670 θεθε,
2489 5609 2537 5660 εθ-

564 5697 591 5764 ei
615 5693 700 5780 quod
722 5693 837 5760 dicitur
860 5693 892 5760 in
915 5693 1052 5760 Psalmo:
1082 5719 1096 5750 «
1115 5693 1214 5758 Edidit
1230 5701 1317 5760 terra
1334 5711 1445 5760 eorum
1469 5711 1518 5762 ra·
1582 5695 1720 5762 cundum
1753 5693 1914 5762 Isidorum.
1954 5721 1970 5754 «
1987 5695 2175 5774 Notandum,
2209 5697 2311 5780 quod,
2348 5699 2429 5766 sicut
2461 5699 2536 5768 dicit

1262 5911 1846 5920 =———-——-·-·—-..—--.—a---——·——-——-

637 6055 738 6112 ¹Vcrs.
761 6059 784 6110 l.
1583 6067 1731 6126 creaturae,
1751 6063 1812 6128 quia
1834 6061 1899 6112 ultra
1931 6061 1981 6110 lanx
2008 6073 2061 6112 non
2087 6061 2202 6114 condidit
2225 6065 2312 6130 aliqua
2330 6079 2428 6130 genera
2446 6079 2536 6132 nora;
2618 6121 2620 6128 ,

636 6143 739 6200 2ῖῖθεε.
762 6147 801 6200 lb.
821 6173 855 6186 -
876 6147 1026 6214 Sequuntur
1044 6147 1099 6198 lsai,
1122 6143 1170 6208 nl,
1192 6145 1233 6198 lt.
1253 6153 1276 6198 et
1295 6149 1335 6198 Ps.
1359 6147 1425 6210 lle,
1445 6147 1469 6200 l.
1583 6149 1707 6216 deinceps
1726 6155 1812 6202 anilem
1831 6161 1917 6214 usque
1936 6155 2049 6200 nuncet
2071 6149 2137 6216 ultra
2165 6153 2267 6216 operari
2291 6155 2434 6206 corcrudam
2458 6167 2538 6218 gene-

635 6231 645 6262 ³
664 6235 740 6288 Vers.
762 6235 783 6286 l.
803 6263 838 6274 -
856 6237 915 6302 Seq.
937 6239 1010 6288 loccis
1027 6239 1067 6286 θεῖ
1084 6235 1140 6288 lsai.
1159 6235 1209 6298 63,
1229 6235 1270 6286 lt.
1289 6241 1317 6286 et
1335 6233 1378 6284 lli.
1582 6251 1641 6288 rum
1660 6237 1910 6290 administrationem
1931 6241 1980 6286 etc.

635 6321 700 6374 4lta
723 6323 802 6374 etiam
828 6325 898 6378 card.
923 6327 1018 6388 Hug03
1037 6324 1164 6388 Vulgata:
1193 6323 1323 6380 Memores
1346 6319 1418 6372 euim
1442 6325 1521 6374 erunt
1653 6321 1664 6350 ⁸
1684 6323 1758 6376 Vera.
1778 6325 1818 6376 ln.
1838 6325 1925 6388 Supra
1942 6323 2062 6380 educatio
2075 6327 2198 6390 sumitur,
2212 6337 2242 6380 ut
2253 6329 2373 6392 videtur,
2389 6345 2439 6394 pro
2457 6329 2536 6380 nutri·

564 6409 654 6466 adbuc
680 6425 777 6464 eorum
800 6425 868 6480 quoe
893 6409 919 6464 in
944 6411 1065 6464 incolatu
1085 6409 1199 6464 illorum
1215 6409 1315 6478 suctu...
1334 6405 1429 6460 educit
1446 6409 1520 6462 terro
1583 6409 1653 6482 tione
1672 6425 1832 6478 pirenorum
1853 6413 1896 6464 clr.
1915 6413 2050 6464 Forcellini
2069 6415 2193 6470 lexicon,

564 6511 681 6554 muscos.
695 6527 729 6538 -
743 6497 859 6554 Subinde
878 6501 1023 6566 allegantur
1040 6501 1122 6554 Exod.
1136 6503 1164 6564 8,
1181 6501 1222 6552 lo.
1235 6515 1291 6566 seq.
1305 6505 1329 6550 ct
1340 6497 1382 6548 Ρε.
1398 6496 1462 6562 tot,
1476 6497 1520 6548 3t.
1653 6497 1665 6528 ⁹
1685 6501 1759 6554 Vers.
1778 6499 1821 6552 li.
1838 6525 1875 6536 —
1892 6499 1949 6552 Duo
1967 6515 2041 6570 seqq.
2061 6505 2109 6556 loci
2128 6509 2189 6556 sunl
2204 6505 2245 6558 Ps.
2265 6507 2329 6568 ltlb,
2354 6507 2394 6560 ll.
2414 6513 2439 6560 et
2456 6507 2535 6560 Num.

636 6583 739 6640 ⁵Vers.
759 6589 783 6638 6.
801 6587 976 6654 -Sequitur
997 6591 1035 6640 Ps.
1058 6587 1122 6656 llil,
1142 6589 1184 6642 30.
1583 6585 1626 6648 ll,
1645 6587 1696 6642 tl:
1717 6587 1883 6652 Vocatosqoe
1901 6593 1941 6640 ost
1957 6589 1998 6642 ille
2017 6593 2088 6645 locus
2110 6593 2232 6656 Sepulora
2251 6595 2485 6658 concupiscentiae.

636 6667 738 6724 ⁶Vers
761 6673 802 6726 l3.
824 6681 848 6726 et
865 6673 942 6726 Num.
962 6671 1005 6740 ll,
1024 6657 1068 6726 tl.
1654 6673 1678 6704 ¹⁰
1697 6677 1808 6740 Vulgata
1825 6673 1959 6742 desidmii,
1977 6693 2045 6746 quae
2064 6681 2137 6734 lectio
2156 6681 2235 6734 etiam
2254 6681 2361 6734 interius
2379 6685 2493 6748 ponitur.

637 6753 647 6784 ³
665 6759 740 6812 Vers.
761 6761 783 6812 2.
802 6789 840 6800 -
855 6761 974 6826 nogant,
994 6761 1036 6814 lV.
1058 6763 1091 6814 de
1116 6765 1180 6816 Gen.
1202 6765 1236 6818 ad
1262 6765 1296 6818 lit.
1317 6775 1338 6814 c.
1359 6761 1401 6814 lo.
1422 6775 1449 6812 n.
1467 6761 1518 6812 22:
1654 6761 1676 6792 ¹²
1698 6763 1770 6816 Vers.
1790 6765 1832 6818 3ῖ.

564 6843 651 6894 Ροῖεει
666 6845 743 6898 ettam
766 6845 886 6912 intelligi,
899 6849 981 6902 Derim
1002 6849 1161 6914 requievisse
1182 6865 1197 6902 a
1214 6849 1359 6904 condendis
1379 6845 1519 6914 generibus
1653 6847 1676 6880 ¹²
1695 6851 1770 6904 Vers.
1783 6855 1814 6920 23
1825 6851 1887 6906 ibid.
1897 6853 1923 6906 in
1934 6861 1994 6908 nota
2006 6857 2106 6910 adiecta
2117 6857 2249 6910 attulimus
2258 6859 2334 6910 etiarn
2347 6857 2428 6912 verba
2437 6857 2537 6912 isidori.
