5908 8266
1130 545 1323 620 Codmcllr.
1345 547 1384 612 IN
1407 545 1676 612 scottellsrtlt
1698 545 1731 616 C.
1757 547 1803 610 lll.
2406 545 2457 652 ¹29

488 745 489 748 ¹
557 721 659 808 Quod
683 741 759 810 ergo
780 723 963 810 quaeritur,
989 727 1099 800 utrum
1124 719 1317 794 substantiae
1346 719 1440 804 spirl-

480 828 582 896 tuales
596 829 731 898 habeant
749 835 890 914 tempus;
905 825 1115 904 solvendum,
1129 823 1213 910 qnod
1229 823 1332 908 primo
1346 823 1440 900 modo

480 933 618 1006 habeant
647 943 802 1022 quantum
832 933 873 1000 ad
896 931 1141 1008 substantium
1169 929 1306 996 secundo
1328 929 1440 1008 modo,

480 1049 637 1126 quantum
657 1041 698 1108 ad
719 1039 841 1130 aliquas
866 1033 1068 1124 offertiones:
1090 1033 1184 1102 tertio
1198 1033 1290 1106 modo
1307 1053 1369 1100 non
1384 1033 1441 1100 ba-

480 1147 587 1214 bent1.
605 1183 647 1196 -·
663 1147 702 1212 Et
722 1145 855 1230 perboc
880 1143 1047 1212 solvuntur
1063 1141 1299 1212 contrarietates
1321 1141 1442 1208 utrius·

480 1269 543 1336 que
567 1251 675 1336 pertis.

570 1357 603 1422 ll.
620 1355 789 1440 Quaeritur
813 1355 850 1422 de
875 1356 1012 1432 secunda
1033 1361 1124 1442 parte
1139 1351 1376 1438 propositionis:
1401 1355 1443 1420 Et

373 1511 375 1518 ι
460 1463 553 1528 suis
581 1461 702 1548 spoliis
737 1469 911 1528 transeunt
945 1463 1105 1530 uniuerso
1127 1459 1189 1526 sub
1218 1459 1302 1540 eolo,
1329 1465 1440 1526 utrum

481 1575 641 1642 transeant
662 1569 828 1636 elementa.
849 1607 895 1620 -
917 1569 1008 1654 Quod
1028 1569 1090 1648 sic,
1115 1567 1250 1636 ridetur.

574 1679 600 1742 l.
627 1675 824 1762 Apocalypsis
851 1675 1002 1762 vigesimo
1027 1673 1176 1762 painel:
1206 1673 1281 1740 Vidi
1312 1673 1442 1740 coelum

316 1797 358 1840 nro
371 1793 462 1852 sarlei·
480 1801 603 1850 uocum
627 1787 655 1848 ct
679 1789 805 1848 terrum
826 1801 966 1852 uocum:
992 1801 1067 1868 ergo
1088 1785 1182 1850 vetus
1203 1781 1380 1848 transierat.

461 1973 464 1978 Ι
570 1891 599 1956 ι.
636 1887 730 1968 ltem,
764 1889 885 1976 primae
920 1887 1041 1954 loannis
1073 1885 1211 1954 secondo
1228 1885 1263 1952 ³:
1307 1883 1443 1950 Transit

405 2047 411 2052 .
481 1995 630 2062 muudus
650 2001 682 2062 ct
702 1993 966 2080 oououptscmm
997 1993 1092 2068 eius:
1121 1995 1151 2058 el
1172 1989 1326 2064 ,Matthaei
1358 1987 1441 2074 vige

482 2099 561 2166 simo
582 2099 741 2182 quarto4:
766 2097 900 2166 Caelum
924 2105 953 2164 ct
977 2105 1068 2164 terro
1091 2095 1293 2164 troust'buut.

570 2203 714 2272 Conana:
732 2207 813 2272 Sunt
822 2203 862 2272 de
874 2203 1095 2272 constitutione
1106 2201 1259 2270 universi:
1276 2219 1353 2286 ergo
1368 2217 1441 2266 cum

378 2323 463 2368 contra·
483 2309 667 2380 universum
692 2317 832 2388 maneat,
857 2309 1059 2376 manifestum
1080 2315 1145 2390 est,
1162 2305 1248 2392 quod
1269 2305 1365 2374 etiam
1380 2307 1442 2374 ele-

483 2425 596 2490 menta.
965 2443 966 2446 ¹

484 2533 485 2536 ’
572 2522 768 2608 despondeo:
784 2519 969 2600 dicendum,
987 2521 1071 2608 quod
1085 2519 1204 2604 aliquid
1220 2517 1368 2586 trumc're
1382 2535 1441 2584 suo

322 2645 462 2740 dqsetsigbtggffl
484 2627 582 2716 spatio
614 2633 660 2704 est
688 2627 870 2712 tripliciter:
893 2629 944 2694 rel
967 2634 1121 2712 qnantum
1145 2624 1185 2692 ad
1207 2623 1443 2710 corruptionem

464 2727 657 2814 'secundum
683 2743 781 2800 totum
813 2733 1051 2812 substantium,
1079 2733 1161 2802 sicut
1191 2735 1442 2816 corrumpuntur

485 2839 630 2908 animalia
651 2839 759 2920 brota;
784 2841 834 2918 vel
869 2839 972 2926 quoad
992 2837 1234 2926 corruptionem
1253 2835 1308 2914 ,sul
1330 2851 1442 2902 secun-

485 2949 561 3016 dum
579 2955 733 3034 porteto,
757 2939 839 3014 sicut
863 2946 1014 3014 elementa
1037 2949 1230 3032 generantur
1252 2949 1284 3010 et
1299 2959 1442 3010 corrum-

485 3061 605 3142 puntur
628 3055 660 3122 in
685 3055 750 3122 suis
772 3053 926 3134 terminis,
948 3055 982 3120 in
1004 3053 1122 3140 quibus
1143 3069 1178 3118 se
1193 3049 1369 3136 tanguot⁵;
1383 3049 1443 3136 ¹¹vel

486 3161 649 3242 crumina,
676 3162 736 3230 boc
758 3169 806 3230 est
827 3181 846 3226 a
870 3165 953 3230 statu
977 3157 1248 3246 corruptibilitatis
1270 3159 1311 3226 ad
1325 3163 1442 3230 statum

485 3267 581 3336 allum
606 3269 828 3350 transmutari,
854 3275 885 3336 et
906 3269 966 3336 hoc
989 3267 1080 3334 modo
1103 3265 1322 3334 mundusisto
1346 3265 1443 3334 sensi-

390 3439 391 3442 ,
485 3373 556 3442 bilis
578 3373 797 3448 innovabitur.
828 3413 870 3438 —
901 3373 992 3460 Quod
1021 3391 1098 3460 ergo
1126 3373 1243 3440 dicitur
1265 3371 1335 3452 hic,
1359 3371 1443 3458 quod

486 3479 558 3544 suis
578 3479 698 3564 spoliis
722 3487 913 3560 trameant,
936 3481 1036 3548 altero
1058 3481 1190 3546 istorum
1217 3477 1313 3544 trium
1336 3477 1443 3548 modo-

487 3603 559 3658 rum
580 3583 774 3670 intelligitur.
1133 3641 1134 3644 ,

574 3695 606 3776 ι.
629 3691 720 3778 Quod
743 3709 858 3760 rursus
879 3689 1044 3768 obiicitur:
1079 3691 1217 3758 Tremit
1241 3691 1389 3758 munecius
1415 3697 1445 3756 ει

488 3799 750 3886 coumplseemt'u
763 3799 846 3878 etus,
863 3797 1080 3864 determinatio
1096 3795 1203 3874 solvit,
1222 3793 1338 3862 scilicet
1352 3813 1444 3862 mun·

487 3907 564 3988 due,
587 3911 684 3991 prout
705 3910 753 3972 est
775 3903 896 3972 occasio
920 3903 1098 3988 voluptatis

544 4067 545 4070 .
578 4015 612 4092 l.
630 4011 721 4096 Quod
743 4011 875 4080 dicitur:
900 4011 975 4078 Vtut
995 4011 1124 4078 coelum
1137 4029 1278 4088 nouum:
1294 4009 1442 4078 Glossat:

494 4119 557 4186 «id
578 4125 629 4188 est
647 4117 831 4184 innovatum
847 4145 878 4182 u.
1239 4177 1243 4186 ,

575 4227 606 4292 2.
624 4225 721 4308 Ωιιειι
743 4223 859 4290 dicitur
883 4223 915 4290 in
938 4225 1110 4292 llattheeo:
1136 4221 1270 4294 Caelum
1294 4227 1321 4288 et
1354 4229 1445 4288 terro

488 4329 696 4412 transibunt:
719 4329 825 4402 Glussa
849 4329 996 4414 exponit:
1012 4329 1207 4408 transibunt,
1224 4327 1443 4406 aformamu-

488 4437 573 4504 labili
596 4437 634 4504 ad
659 4435 893 4504 immutabilem.

488 4647 571 4730 Idem
594 4645 747 4738 probatur
770 4645 955 4738 inspeciali
980 4645 1080 4738 quoad
1103 4645 1208 4718 orium
1231 4663 1443 4738 occasumque,

539 4753 638 4846 quoad
661 4751 800 4842 elatum,
824 4771 916 4828 usum
937 4753 972 4824 et
993 4751 1234 4828 conuersationis
1256 4749 1392 4852 modurn.

503 4989 507 4996 ¹
581 4969 722 5052 Tempus
744 4967 912 5034 uusceudt'.
935 4969 1039 5054 Supra
1067 4967 1233 5054 proposuit
1259 4965 1445 5052 propositio·

374 5083 465 5130 oivido·
486 5089 558 5138 nem
579 5072 774 5158 generalem,
799 5073 852 5140 llic
880 5073 993 5158 probat
1020 5093 1094 5162 eam¹
1116 5071 1293 5150 inducendo
1318 5073 1353 5140 iu
1374 5091 1444 5158 spc-

488 5177 573 5256 ciali,
597 5175 762 5244 ostendens
782 5179 818 5258 ,in
841 5177 937 5244 rebus
960 5179 1102 5246 dvorsus
1117 5185 1296 5262 temporum
1310 5179 1446 5246 uarieta-

488 5291 544 5354 tes.
567 5285 605 5352 Et
628 5283 705 5350 baec
728 5301 802 5370 pars
824 5281 921 5350 babet
943 5289 1081 5368 quatuor
1111 5287 1227 5368 partes.
1248 5283 1355 5350 Primo
1377 5289 1445 5350 tan·
1474 5287 1475 5290 ’

487 5393 572 5480 gitur
607 5391 742 5460 uarietas
773 5395 973 5476 temporum,
999 5407 1081 5476 quae
1115 5387 1242 5472 respicit
1274 5395 1385 5456 ortum
1416 5395 1446 5456 ει

488 5519 651 5578 cucusum.
677 5497 939 5584 secunquuae
963 5495 1091 5580 respicit
1112 5501 1254 5574 stolum,
1271 5493 1332 5560 ibi:
1357 5497 1446 5560 Tem·

483 5625 550 5694 pus
570 5605 675 5692 plaudi
693 5615 726 5674 et
741 5611 874 5692 ,tempus
897 5603 1038 5672 ridendi.
1061 5599 1184 5680 Tertio,
1208 5599 1260 5668 illa
1285 5617 1365 5686 quae
1394 5617 1443 5668 re-

557 5977 567 6010 ¹
588 5981 639 6034 cr.
659 5983 687 6034 ll.
707 5983 776 6036 sent.
797 5981 822 6034 d.
842 5985 912 6048 up.
931 5983 948 6034 l.
968 5995 992 6034 a.
1012 5984 1037 6036 t.
1055 5987 1080 6034 et
1101 5983 1125 6034 ι.

557 6067 567 6098 ²
587 6071 662 6124 Vere.
683 6071 707 6124 l.

557 6151 568 6184 ⁴
587 6159 664 6210 Vera
682 6157 726 6210 35.

500 6267 501 6270 ¹
557 6241 567 6272 ⁶
587 6243 638 6298 Clo.
658 6245 777 6310 Aristot,
795 6249 833 6300 lll.
852 6249 885 6302 de
911 6247 999 6314 Caelo,
1019 6255 1079 6304 text.
1098 6249 1140 6302 ιι.
1165 6263 1239 6316 seqq.
1259 6249 1293 6316 (c.
1312 6251 1338 6304 6.
1360 6249 1445 6320 seqq.)

487 6339 512 6400 et
530 6335 557 6388 ll.
578 6333 612 6386 de
629 6333 747 6386 Generat
767 6341 794 6388 et
810 6343 926 6402 corrupt.
945 6343 1005 6392 text.
1024 6339 1049 6392 7.
1068 6353 1143 6406 seqq·
1163 6337 1194 6398 tc.
1216 6341 1240 6390 ι.
1259 6339 1353 6408 seqq).

557 6417 774 6476 ⁰luterliueurt's
792 6425 864 6488 apud
888 6427 1036 6490 lyranum:
1055 6427 1084 6480 ld
1107 6433 1147 6480 est
1171 6425 1259 6478 adrem
1286 6429 1447 6484 innovatum.

487 6509 539 6564 Cir.
555 6511 627 6562 Beda
647 6507 673 6562 in
691 6511 763 6562 bunc
782 6511 877 6562 locum.
896 6541 930 6550 -
948 6515 1039 6566 Glosse
1057 6529 1113 6580 seq.
1133 6511 1266 6566 e-Strebo
1289 6515 1327 6568 sic
1346 6517 1448 6570 exhibe·

487 6605 542 6652 tur:
560 6595 672 6652 cutum
689 6601 717 6652 et
733 6599 807 6652 terro
827 6597 1030 6666 innovabuntur,
1049 6599 1166 6668 deposito
1185 6601 1266 6664 priori
1280 6605 1377 6670 torma,
1391 6619 1448 6670 per·

488 6693 609 6740 manente
632 6691 722 6740 autem
745 6683 904 6752 substentle;
923 6687 994 6740 unde
1008 6689 1113 6746 ,dicitur
1132 6687 1227 6756 [Eccle.
1245 6690 1271 6754 l,
1289 6691 1341 6760 d.]:
1361 6693 1448 6748 Terre

488 6773 516 6828 iu
531 6779 676 6830 ,aeteruum
693 6771 784 6830 sumt.
800 6773 854 6828 Cir.
871 6775 991 6840 Hieron,
1010 6775 1197 6838 inmaduit,
1211 6777 1257 6842 35,
1271 6785 1296 6832 ει
1307 6781 1377 6834 Reda
1391 6787 1447 6836 tum

488 6865 513 6916 in
534 6865 582 6918 loc.
602 6865 643 6918 cit.
664 6871 720 6918 tum
739 6863 765 6916 in
784 6863 862 6916 llere.
881 6865 928 6928 ta,
948 6865 991 6916 3l.

1278 6069 1381 6126 8ιιεεε.
1404 6073 1446 6128 li.

1472 739 1474 748 ¹
1503 721 1593 806 spicit
1617 739 1736 800 usum,
1758 721 1820 790 ibi:
1844 721 1992 808 ¹lbtttpus
2012 717 2237 804 conplectendi.
2258 719 2391 802 Quarto,
2408 717 2460 784 illa

1503 843 1584 910 quae
1619 825 1752 912 respicit
1778 827 1900 898 debitae
1932 823 2177 904 conuersationis
2209 823 2364 902 mortuus,
2398 821 2458 888 ibi:

1508 931 1650 1016 Tempus
1676 933 1814 1000 tucerutc'.

1620 1157 1653 1212 lle
1672 1159 1804 1214 verietate
1821 1159 1962 1228 temporum
1982 1159 2063 1230 quoad
2080 1159 2167 1216 orbum
2184 1159 2211 1220 ιι
2229 1175 2346 1216 occasum
2398 1213 2400 1216 ,
2453 1213 2454 1216 ,

1877 1245 2092 1318 quadrupliciter.

1594 1457 1697 1526 Primo
1720 1459 1822 1546 igitur,
1839 1459 2052 1527 introducitur
2073 1459 2127 1528 illa
2141 1463 2291 1542 varietas
2313 1479 2395 1548 quae
2412 1477 2461 1528 re·
2480 1475 2568 1520 Divisio-

1504 1563 1595 1650 spicit
1619 1573 1730 1630 ortum
1751 1583 1862 1632 rerum
1883 1569 1917 1630 et
1938 1583 2094 1630 occusum
2110 1567 2170 1634 sub
2185 1567 2383 1654 quadruplici
2404 1567 2461 1636 dif-

1503 1669 1656 1742 ferentia:
1680 1669 1784 1756 primo
1817 1669 2013 1758 uiuentium,
2044 1671 2180 1738 secundo
2214 1673 2460 1758 cepetobllium,

1505 1775 1599 1850 tertio
1621 1775 1845 1856 salutaticum,
1869 1781 1984 1860 quarto
2005 1775 2248 1860 artificialium..
2412 1855 2414 1858 ¹
2483 1843 2485 1850 q

1594 1885 1694 1966 (Vere.
1720 1881 1775 1966 ι).
1801 1885 1960 1968 Quantum
1984 1881 2022 1948 ad
2052 1887 2158 1950 ortum
2182 1889 2218 1950 et
2243 1903 2390 1952 occasum
2414 1885 2462 1952 ui·
2480 1897 2590 1996 pangor

1505 1989 1650 2056 centium
1673 1989 1747 2056 dicit
1769 1987 1812 2056 ibi
1835 2005 1904 2056 esse
1927 1987 2126 2068 varietatem,
2151 2007 2224 2056 cum
2246 1987 2343 2056 dicit:
2371 1993 2462 2056 Tam-
2480 1963 2615 2102 defficit.

1501 2113 1569 2180 pars
1582 2095 1743 2162 uescendi
1757 2103 1787 2162 et
1802 2103 1929 2182 ternpus
1943 2095 2122 2174 eueniendi,
2145 2099 2177 2162 et
2191 2096 2251 2162 hoc
2267 2095 2299 2172 in
2315 2096 2463 2184 omnibus
2563 2089 2568 2100 '

1504 2201 1701 2280 uirentibus,
1726 2201 1867 2286 quiade
1897 2199 2058 2268 nativitate
2088 2201 2214 2268 venitur
2247 2201 2288 2268 ad
2309 2207 2462 2282 murtem;

1505 2307 1559 2374 lob
1580 2305 1701 2374 decimo
1718 2312 1831 2392 quarto
1845 2309 1872 2374 l:
1895 2333 1911 2366 s
1927 2307 2038 2388 Homo,
2054 2311 2148 2374 natus
2163 2307 2201 2374 de
2216 2307 2362 2388 muliere,
2375 2309 2465 2378 brevi

1504 2413 1615 2482 vivens
1636 2420 1796 2500 tempore,
1818 2415 1960 2500 repletur
1983 2413 2091 2482 multis
2110 2415 2244 2482 miseriis
2258 2439 2292 2496 »3
2315 2415 2466 2482 Emlesia-

1505 2521 1573 2590 stici
1606 2521 1861 2610 quadragesimo:
1898 2545 1915 2580 «
1934 2519 2104 2608 Occupatio
2136 2539 2249 2608 magna
2284 2529 2388 2590 creata
2418 2529 2466 2590 est

1505 2627 1653 2696 omnibus
1670 2627 1863 2708 bominibus,
1876 2631 1912 2692 ‘et
1926 2625 2037 2712 iugum
2051 2645 2147 2714 grave
2164 2645 2258 2712 super
2274 2627 2355 2696 lilios
2369 2629 2465 2696 Adam

1505 2753 1524 2800 a
1547 2733 1597 2800 die
1619 2733 1727 2800 exitus
1748 2733 1788 2800 de
1810 2738 1921 2800 ventre
1943 2733 2054 2800 matris
2075 2749 2186 2800 eorum
2211 2733 2360 2820 usquein
2382 2735 2465 2802 diem

1505 2839 1688 2926 sepulturae
1710 2839 1743 2908 in
1764 2845 1899 2908 matrem
1923 2839 2064 2906 omnium
2081 2867 2112 2906 a.
2138 2841 2174 2908 llt
2195 2839 2266 2908 ideo
2291 2839 2465 2926 Sapientiae

1505 2947 1633 3032 quinto:
1665 2971 1680 3004 «
1694 2947 1755 3014 Nos
1778 2947 1843 3012 nati
1866 2945 2014 3012 continuo
2035 2945 2208 3014 desinimus
2230 2965 2297 3014 esse
2312 2971 2345 3028 »3
2362 2947 2466 3016 Eccle-

1505 3051 1621 3120 siastici
1643 3053 1764 3120 decimo
1788 3057 1920 3140 quarto:
1949 3079 1966 3112 ει
1980 3052 2044 3119 Alia
2058 3059 2268 3138 generantur,
2285 3057 2315 3120 et
2338 3053 2398 3120 alia
2412 3053 2466 3122 de-

1505 3157 1676 3240 iicientem
1699 3159 1744 3226 sic
1766 3159 1926 3246 generatio
1949 3159 2052 3226 carnis
2067 3165 2100 3226 et
2114 3159 2292 3244 sanguinis,
2315 3159 2376 3228 alia
2395 3159 2466 3228 lini-

1506 3275 1578 3346 tur,
1603 3271 1633 3334 et
1657 3265 1717 3334 alia
1739 3265 1879 3334 nascitur
1895 3291 1926 3332 a.

1598 3377 1755 3460 Quantum
1779 3373 1946 3442 adortum
1970 3373 2198 3460 vegetabilium
2213 3373 2301 3442 dicit:
2326 3373 2465 3460 Tempus
2482 3385 2616 3484 Debffieso·

1502 3479 1703 3568 plumandi:
1726 3483 1880 3564 quantum
1904 3477 1942 3544 ad
1970 3495 2133 3556 occasum,
2162 3487 2287 3566 tempus
2312 3479 2466 3544 evellendi
2590 3469 2595 3482 '

1506 3587 1596 3676 quod
1613 3587 1804 3672 plantutum
1820 3593 1884 3664 est,·
1901 3583 2028 3652 Genesis
2042 3585 2179 3658 secundo
2190 3585 2222 3652 8:
2243 3613 2259 3646 <c
2272 3587 2467 3654 Plantaverat

1505 3691 1660 3760 Dominus
1691 3691 1779 3760 Deus
1808 3691 1989 3778 paradisum
2019 3691 2188 3778 uoluptatis
2219 3711 2237 3760 a
2266 3691 2418 3778 principio
2433 3717 2466 3772 ι,

1508 3799 1563 3866 sed
1592 3807 1719 3884 tempus
1741 3797 1912 3878 euellemli,
1938 3797 2154 3878 infructuosa3
2180 3797 2265 3866 unde
2288 3799 2388 3866 Lucae
2413 3797 2469 3864 de-

1508 3907 1590 3978 cimo
1614 3903 1723 3970 tertio:
1756 3931 1773 3964 e
1788 3905 1882 3984 Ecce,
1912 3909 1977 3972 tres
2004 3903 2078 3970 anni
2094 3909 2197 3984 sunt,
2225 3923 2268 3970 ex
2286 3923 2354 3990 ,quo
2378 3905 2469 3972 venio

1507 4029 1665 4098 quaerens
1685 4011 1827 4078 fructum
1850 4011 1882 4078 in
1906 4013 1965 4078 bac
1986 4009 2067 4090 lico,
2093 4015 2123 4078 et
2146 4029 2208 4078 non
2231 4011 2372 4078 invenio:
2397 4029 2468 4080 suc—

1508 4117 1575 4186 cide
1600 4135 1674 4202 ergo
1697 4117 1829 4192 illam».
2053 4179 2054 4182 ,

1577 4225 1698 4316 Ι(νειέ.
1724 4223 1780 4306 3.).
1804 4225 1965 4310 Quantum
1987 4223 2027 4290 ad
2049 4231 2157 4292 ortum
2178 4231 2211 4292 et
2225 4243 2371 4294 occasum
2395 4245 2466 4294 sm·
2486 4235 2623 4334 Delggggbi-

1507 4331 1656 4402 stotttum
1679 4331 1802 4398 subdit:
1836 4333 1977 4416 Tempus
1991 4329 2172 4412 occidendi,
2190 4337 2222 4400 et
2235 4333 2466 4416 praemittitur:
2582 4321 2586 4334 '

1509 4447 1635 4524 tempus
1671 4435 1854 4516 occideruli,
1885 4443 1917 4504 et
1949 4437 2109 4522 sequitur:
2144 4447 2271 4526 tempus
2300 4439 2467 4520 sucendi,

1507 4549 1637 4631 propter
1662 4549 1779 4612 statum
1801 4551 1934 4610 naturae
1966 4549 2147 4630 corruptae,
2171 4563 2253 4630 quae
2276 4547 2374 4632 tnagis
2402 4547 2468 4612 inno-

1509 4649 1601 4730 lerit,
1623 4655 1662 4716 ut
1683 4649 1800 4718 sanitas
1823 4669 1885 4718 uon
1903 4650 2016 4716 babeat
2032 4651 2146 4718 locum.
2162 4651 2208 4718 De
2223 4651 2282 4718 bac
2296 4651 2469 4720 variatione

1507 4755 1742 4828 Deuteronomii
1767 4755 1926 4842 trigesimo
1949 4755 2129 4824 secundo⁹:
2153 4757 2246 4844 «Ego
2268 4759 2421 4838 occidam,
2437 4765 2469 4826 et

1507 4881 1564 4950 ego
1580 4863 1686 4930 vivere
1703 4863 1812 4930 faciam
1826 4887 1857 4942 »;
1874 4869 1905 4930 ει
1921 4881 2044 4942 rursus
2060 4863 2189 4930 secundi
2207 4867 2324 4950 Regum
2340 4869 2467 4932 octavo:

1514 4997 1531 5030 c<
1541 4971 1666 5038 Mensus
1688 4975 1736 5038 est
1751 4969 1832 5038 duos
1847 4969 2019 5050 funiculos,
2034 4987 2136 5038 unum
2152 4969 2190 5036 ad
2211 4969 2414 5056 occidendum
2438 4975 2469 5038 et

1508 5095 1610 5142 unum
1633 5077 1672 5142 ad
1695 5077 1965 5144 vivificandum».

1598 5181 1757 5266 Quantum
1788 5181 1965 5276 adortum
1995 5187 2029 5248 et
2057 5197 2205 5266 occasum
2234 5179 2467 5266 artificialium
2488 5193 2634 5292 miggene·

1509 5287 1615 5356 subdit
1639 5293 1767 5374 quarto:
1806 5291 1947 5372 Tempus
1979 5287 2185 5366 destruendi,
2215 5305 2292 5354 ecce
2322 5305 2468 5368 occasus3
2580 5281 2585 5292 '

1508 5399 1539 5458 ει
1560 5399 1687 5476 tempus
1712 5391 1930 5478 mdtpeumt,
1948 5409 2021 5460 ecce
2036 5393 2217 5458 reformatio
2231 5391 2393 5460 destructi.
2408 5395 2469 5462 De-

1509 5495 1660 5560 struenda
1682 5501 1757 5562 sunt
1784 5497 1925 5574 rumosm
1950 5497 2050 5566 Lucae
2064 5497 2194 5564 decimo
2209 5499 2348 5564 nono10:
2371 5499 2468 5566 «Nou

1509 5599 1709 5686 relinquetur
1730 5599 1764 5668 in
1787 5607 1818 5668 te
1841 5601 1919 5686 lapis
1943 5619 2038 5686 super
2053 5603 2188 5688 lapidem
2205 5631 2235 5668 ».
2261 5605 2400 5692 Tempus
2414 5623 2469 5674 uc-

1581 5979 1590 6012 ⁷
1610 5983 1686 6036 Vere.
1706 5983 1731 6036 l.
1749 6013 1784 6020 -
1802 5983 1953 6050 Sequuntur
1970 5981 2047 6034 Eccli.
2069 5981 2116 6046 to,
2138 5983 2164 6046 l;
2186 5983 2245 6048 Sap.
2266 5983 2295 6048 5,
2317 5985 2364 6036 ta:
2390 5985 2468 6038 Noe...

1509 6073 1655 6128 desivimus
1672 6085 1744 6138 esse;
1764 6073 1841 6126 Ecell.
1859 6071 1907 6134 ιι,
1926 6073 1969 6124 le.

1581 6157 1686 6214 ⁸Vers.
1707 6163 1729 6212 8.
1750 6159 1926 6226 -Sequitur
1953 6163 2016 6214 Luc.
2035 6161 2083 6228 l3,
2102 6159 2127 6226 7,
2147 6159 2193 6214 ubi
2217 6162 2330 6226 Vulgata
2353 6159 2469 6232 ficulneo

1505 6263 1559 6316 pro
1577 6249 1642 6320 ficu.

1582 6335 1688 6392 lvere.
1709 6337 1750 6390 39.
1771 6367 1803 6376 -
1824 6337 1923 6390 Deinde
1943 6339 1971 6390 ll.
1988 6337 2055 6404 Reg.
2075 6341 2105 6400 8,
2125 6337 2329 6402 a-nrtstot,
2346 6341 2375 6392 ll.
2388 6341 2469 6394 Etbic.

1510 6445 1534 6484 c.
1552 6427 1584 6480 3:
1602 6427 1685 6490 Adde,
1710 6427 1783 6492 quod
1800 6425 1836 6478 ab
1854 6427 1960 6478 infantia
1977 6425 2035 6490 ipse
2054 6427 2175 6492 voluptas
2195 6427 2220 6478 in
2245 6427 2368 6482 omnibus
2392 6429 2469 6484 nobis

1511 6513 1632 6580 inolevit,
1652 6519 1678 6568 ut
1697 6513 1803 6568 difficile
1822 6513 1854 6566 sit
1872 6513 1993 6566 alleotum
2014 6513 2144 6568 eiusmodi
2154 6513 2222 6568 ritae
2234 6519 2338 6568 nostrae
2349 6531 2418 6582 pene
2430 6517 2469 6572 in·

1511 6607 1677 6670 corporatum
1698 6607 1777 6670 atque
1794 6601 1945 6658 imbibitum
1956 6607 2106 6668 extergere.
2147 6649 2149 6656 ,
2423 6647 2424 6650 ,

1569 6687 1604 6736 .¹⁰
1622 6691 1698 6752 Vere.
1718 6689 1766 6742 lt:
1784 6691 1841 6742 Non
1857 6689 2006 6758 relinquent
2024 6691 2050 6742 in
2069 6697 2094 6746 te
2112 6691 2226 6758 lapidem
2239 6709 2326 6760 super
2344 6697 2469 6762 lapidem.

1512 6781 1578 6838 lbid.
1597 6780 1644 6844 le,
1664 6779 1707 6832 l8.
1724 6785 1765 6832 est
1782 6793 1838 6848 seq.
1860 6781 1949 6844 locus,
1967 6777 2014 6834 ubi
2028 6781 2150 6846 ,Vulgata
2174 6781 2268 6838 omittit
2284 6799 2403 6852 r·ursus,·
2421 6791 2469 6838 ter·

1513 6871 1563 6924 tius
1583 6865 1680 6934 aggaei
1702 6869 1724 6940 l,
1744 6869 1776 6920 8:
1794 6869 1897 6922 Portate
1913 6865 1984 6934 ligne
2003 6873 2028 6922 et
2046 6873 2096 6922 etc.
