<?xml version="1.0" encoding="UTF-8"?>
<!DOCTYPE html PUBLIC "-//W3C//DTD XHTML 1.0 Transitional//EN"
    "http://www.w3.org/TR/xhtml1/DTD/xhtml1-transitional.dtd">
<html xmlns="http://www.w3.org/1999/xhtml" xml:lang="en" lang="en">
 <head>
  <title>
</title>
<meta http-equiv="Content-Type" content="text/html;charset=utf-8" />
  <meta name='ocr-system' content='tesseract 3.04.00' />
  <meta name='ocr-capabilities' content='ocr_page ocr_carea ocr_par ocr_line ocrx_word'/>
</head>
<body>
  <div class='ocr_page' id='page_1' title='image "./doctorisseraphi00bonagoog/doctorisseraphi00bonagoog_0390.png"; bbox 0 0 5900 8266; ppageno 0'>
   <div class='ocr_carea' id='block_1_1' title="bbox 1190 529 1774 604">
    <p class='ocr_par' dir='ltr' id='par_1_1' title="bbox 1190 529 1774 604">
     <span class='ocr_line' id='line_1_1' title="bbox 1190 529 1774 604; baseline 0.017 -12"><span class='ocrx_word' id='word_1_1' title='bbox 1190 529 1385 598; x_wconf 58' lang='lat' dir='ltr'>,collusum</span> <span class='ocrx_word' id='word_1_2' title='bbox 1409 533 1446 600; x_wconf 90' lang='lat' dir='ltr'>IN</span> <span class='ocrx_word' id='word_1_3' title='bbox 1469 533 1635 602; x_wconf 84' lang='lat' dir='ltr'>thNNElll</span> <span class='ocrx_word' id='word_1_4' title='bbox 1658 535 1691 602; x_wconf 90' lang='lat' dir='ltr'>C.</span> <span class='ocrx_word' id='word_1_5' title='bbox 1714 535 1774 604; x_wconf 80' lang='lat' dir='ltr'>Vll.</span> 
     </span>
    </p>
   </div>
   <div class='ocr_carea' id='block_1_2' title="bbox 492 707 1459 794">
    <p class='ocr_par' dir='ltr' id='par_1_2' title="bbox 492 707 1459 794">
     <span class='ocr_line' id='line_1_2' title="bbox 492 707 1459 794; baseline 0.002 -22"><span class='ocrx_word' id='word_1_6' title='bbox 492 707 638 792; x_wconf 78' lang='lat' dir='ltr'>prirn01:</span> <span class='ocrx_word' id='word_1_7' title='bbox 668 711 783 778; x_wconf 86' lang='grc'><strong>«111111</strong></span> <span class='ocrx_word' id='word_1_8' title='bbox 808 713 999 794; x_wconf 79' lang='lat' dir='ltr'>consurgent</span> <span class='ocrx_word' id='word_1_9' title='bbox 1021 713 1053 774; x_wconf 89' lang='lat' dir='ltr'>et</span> <span class='ocrx_word' id='word_1_10' title='bbox 1075 725 1138 774; x_wconf 91' lang='lat' dir='ltr'>uon</span> <span class='ocrx_word' id='word_1_11' title='bbox 1160 707 1322 776; x_wconf 89' lang='lat' dir='ltr'>invenient</span> <span class='ocrx_word' id='word_1_12' title='bbox 1335 727 1397 788; x_wconf 89' lang='lat' dir='ltr'>me,</span> <span class='ocrx_word' id='word_1_13' title='bbox 1413 727 1459 776; x_wconf 92' lang='lat' dir='ltr'>eo</span> 
     </span>
    </p>
   </div>
   <div class='ocr_carea' id='block_1_3' title="bbox 492 811 1448 1002">
    <p class='ocr_par' dir='ltr' id='par_1_3' title="bbox 492 811 1448 1002">
     <span class='ocr_line' id='line_1_3' title="bbox 492 811 1448 898; baseline -0.002 -18"><span class='ocrx_word' id='word_1_14' title='bbox 492 813 578 898; x_wconf 90' lang='lat' dir='ltr'>quod</span> <span class='ocrx_word' id='word_1_15' title='bbox 599 833 728 882; x_wconf 78' lang='lat' dir='ltr'><strong>exosam</strong></span> <span class='ocrx_word' id='word_1_16' title='bbox 754 813 936 880; x_wconf 88' lang='lat' dir='ltr'>babuerunt</span> <span class='ocrx_word' id='word_1_17' title='bbox 957 811 1140 898; x_wconf 76' lang='lat' dir='ltr'>sapientiam</span> <span class='ocrx_word' id='word_1_18' title='bbox 1156 837 1188 878; x_wconf 74' lang='grc'>1.</span> <span class='ocrx_word' id='word_1_19' title='bbox 1204 813 1320 880; x_wconf 86' lang='lat' dir='ltr'>-Vel</span> <span class='ocrx_word' id='word_1_20' title='bbox 1342 813 1448 880; x_wconf 89' lang='lat' dir='ltr'>aliter:</span> 
     </span>
     <span class='ocr_line' id='line_1_4' title="bbox 499 917 1448 1002; baseline -0.002 -18"><span class='ocrx_word' id='word_1_21' title='bbox 499 919 669 1002; x_wconf 83' lang='lat' dir='ltr'>Quaeretis</span> <span class='ocrx_word' id='word_1_22' title='bbox 694 939 762 998; x_wconf 87' lang='lat' dir='ltr'>mc,</span> <span class='ocrx_word' id='word_1_23' title='bbox 785 919 946 984; x_wconf 90' lang='lat' dir='ltr'>voluntate</span> <span class='ocrx_word' id='word_1_24' title='bbox 968 917 1116 996; x_wconf 89' lang='lat' dir='ltr'>nocendi;</span> <span class='ocrx_word' id='word_1_25' title='bbox 1132 925 1160 982; x_wconf 89' lang='lat' dir='ltr'>et</span> <span class='ocrx_word' id='word_1_26' title='bbox 1176 937 1243 984; x_wconf 84' lang='lat' dir='ltr'>nore</span> <span class='ocrx_word' id='word_1_27' title='bbox 1265 917 1448 996; x_wconf 86' lang='lat' dir='ltr'>inuenietis,</span> 
     </span>
    </p>
   </div>
   <div class='ocr_carea' id='block_1_4' title="bbox 385 1023 1449 1110">
    <p class='ocr_par' dir='ltr' id='par_1_4' title="bbox 385 1023 1449 1110">
     <span class='ocr_line' id='line_1_5' title="bbox 385 1023 1449 1110; baseline -0.002 -18"><span class='ocrx_word' id='word_1_28' title='bbox 385 1077 393 1092; x_wconf 86' lang='lat'>.</span> <span class='ocrx_word' id='word_1_29' title='bbox 491 1031 644 1110; x_wconf 75' lang='lat' dir='ltr'>potestate</span> <span class='ocrx_word' id='word_1_30' title='bbox 665 1023 859 1102; x_wconf 59' lang='lat' dir='ltr'>offendenda</span> <span class='ocrx_word' id='word_1_31' title='bbox 884 1023 958 1108; x_wconf 88' lang='lat' dir='ltr'>quia</span> <span class='ocrx_word' id='word_1_32' title='bbox 992 1023 1115 1090; x_wconf 90' lang='lat' dir='ltr'>dicetur</span> <span class='ocrx_word' id='word_1_33' title='bbox 1145 1023 1173 1090; x_wconf 91' lang='lat' dir='ltr'>ei</span> <span class='ocrx_word' id='word_1_34' title='bbox 1207 1029 1277 1108; x_wconf 91' lang='lat' dir='ltr'>post</span> <span class='ocrx_word' id='word_1_35' title='bbox 1306 1039 1449 1090; x_wconf 89' lang='lat' dir='ltr'>resurre-</span> 
     </span>
    </p>
   </div>
   <div class='ocr_carea' id='block_1_5' title="bbox 483 1129 1449 3976">
    <p class='ocr_par' dir='ltr' id='par_1_5' title="bbox 488 1129 1449 1954">
     <span class='ocr_line' id='line_1_6' title="bbox 492 1129 1448 1216; baseline -0.002 -18"><span class='ocrx_word' id='word_1_36' title='bbox 492 1131 644 1198; x_wconf 89' lang='lat' dir='ltr'>ctionem:</span> <span class='ocrx_word' id='word_1_37' title='bbox 674 1157 692 1190; x_wconf 86' lang='lat'>«</span> <span class='ocrx_word' id='word_1_38' title='bbox 706 1131 782 1198; x_wconf 89' lang='lat' dir='ltr'>Sede</span> <span class='ocrx_word' id='word_1_39' title='bbox 815 1129 976 1196; x_wconf 87' lang='lat' dir='ltr'>adextris</span> <span class='ocrx_word' id='word_1_40' title='bbox 1012 1129 1105 1208; x_wconf 87' lang='lat' dir='ltr'>meis,</span> <span class='ocrx_word' id='word_1_41' title='bbox 1129 1130 1226 1198; x_wconf 92' lang='lat' dir='ltr'>donec</span> <span class='ocrx_word' id='word_1_42' title='bbox 1251 1147 1365 1216; x_wconf 88' lang='lat' dir='ltr'>ponam</span> <span class='ocrx_word' id='word_1_43' title='bbox 1389 1129 1448 1196; x_wconf 92' lang='lat' dir='ltr'>ini-</span> 
     </span>
     <span class='ocr_line' id='line_1_7' title="bbox 491 1235 1449 1320; baseline 0 -18"><span class='ocrx_word' id='word_1_44' title='bbox 491 1237 590 1304; x_wconf 87' lang='lat' dir='ltr'>micos</span> <span class='ocrx_word' id='word_1_45' title='bbox 624 1243 696 1302; x_wconf 88' lang='lat' dir='ltr'>tuos</span> <span class='ocrx_word' id='word_1_46' title='bbox 728 1235 899 1302; x_wconf 82' lang='lat' dir='ltr'>scabellum</span> <span class='ocrx_word' id='word_1_47' title='bbox 935 1237 1049 1320; x_wconf 88' lang='lat' dir='ltr'>pedmu</span> <span class='ocrx_word' id='word_1_48' title='bbox 1085 1237 1241 1302; x_wconf 78' lang='lat' dir='ltr'>tuorum²</span> <span class='ocrx_word' id='word_1_49' title='bbox 1254 1263 1284 1302; x_wconf 76' lang='grc'>1.</span> <span class='ocrx_word' id='word_1_50' title='bbox 1310 1237 1344 1302; x_wconf 89' lang='lat' dir='ltr'>Et</span> <span class='ocrx_word' id='word_1_51' title='bbox 1379 1237 1449 1306; x_wconf 90' lang='lat' dir='ltr'>ideo</span> 
     </span>
     <span class='ocr_line' id='line_1_8' title="bbox 492 1341 1449 1426; baseline 0 -18"><span class='ocrx_word' id='word_1_52' title='bbox 492 1343 615 1420; x_wconf 85' lang='lat' dir='ltr'>subdit,</span> <span class='ocrx_word' id='word_1_53' title='bbox 647 1341 730 1426; x_wconf 86' lang='lat' dir='ltr'>quod</span> <span class='ocrx_word' id='word_1_54' title='bbox 770 1359 884 1408; x_wconf 89' lang='lat' dir='ltr'>nocere</span> <span class='ocrx_word' id='word_1_55' title='bbox 917 1359 978 1408; x_wconf 90' lang='lat' dir='ltr'>noo</span> <span class='ocrx_word' id='word_1_56' title='bbox 1013 1347 1173 1426; x_wconf 92' lang='lat' dir='ltr'>poterunt.</span> <span class='ocrx_word' id='word_1_57' title='bbox 1206 1345 1247 1408; x_wconf 83' lang='lat' dir='ltr'>m</span> <span class='ocrx_word' id='word_1_58' title='bbox 1283 1341 1341 1408; x_wconf 87' lang='lat' dir='ltr'>ubi</span> <span class='ocrx_word' id='word_1_59' title='bbox 1373 1363 1449 1408; x_wconf 87' lang='lat' dir='ltr'>sum</span> 
     </span>
     <span class='ocr_line' id='line_1_9' title="bbox 491 1447 1447 1536; baseline 0.002 -24"><span class='ocrx_word' id='word_1_60' title='bbox 491 1465 576 1534; x_wconf 81' lang='lat' dir='ltr'>epo,</span> <span class='ocrx_word' id='word_1_61' title='bbox 590 1465 648 1512; x_wconf 83' lang='lat' dir='ltr'>cos</span> <span class='ocrx_word' id='word_1_62' title='bbox 669 1467 736 1514; x_wconf 89' lang='lat' dir='ltr'>non</span> <span class='ocrx_word' id='word_1_63' title='bbox 759 1449 891 1532; x_wconf 83' lang='lat' dir='ltr'>potestis</span> <span class='ocrx_word' id='word_1_64' title='bbox 912 1447 1043 1524; x_wconf 84' lang='lat' dir='ltr'>uenire,-</span> <span class='ocrx_word' id='word_1_65' title='bbox 1067 1447 1136 1516; x_wconf 91' lang='lat' dir='ltr'>ideo</span> <span class='ocrx_word' id='word_1_66' title='bbox 1157 1467 1219 1516; x_wconf 91' lang='lat' dir='ltr'>non</span> <span class='ocrx_word' id='word_1_67' title='bbox 1245 1449 1387 1536; x_wconf 88' lang='lat' dir='ltr'>poteritis</span> <span class='ocrx_word' id='word_1_68' title='bbox 1399 1447 1447 1514; x_wconf 94' lang='lat' dir='ltr'>in-</span> 
     </span>
     <span class='ocr_line' id='line_1_10' title="bbox 491 1551 1448 1636; baseline 0.002 -16"><span class='ocrx_word' id='word_1_69' title='bbox 491 1551 616 1630; x_wconf 84' lang='lat' dir='ltr'>venire,</span> <span class='ocrx_word' id='word_1_70' title='bbox 648 1553 722 1636; x_wconf 84' lang='lat' dir='ltr'>quia</span> <span class='ocrx_word' id='word_1_71' title='bbox 758 1553 788 1618; x_wconf 91' lang='lat' dir='ltr'>iu</span> <span class='ocrx_word' id='word_1_72' title='bbox 812 1555 897 1620; x_wconf 87' lang='lat' dir='ltr'>caelo</span> <span class='ocrx_word' id='word_1_73' title='bbox 931 1561 999 1620; x_wconf 89' lang='lat' dir='ltr'>erat</span> <span class='ocrx_word' id='word_1_74' title='bbox 1031 1553 1178 1636; x_wconf 78' lang='lat' dir='ltr'>futurus:</span> <span class='ocrx_word' id='word_1_75' title='bbox 1210 1555 1292 1622; x_wconf 87' lang='lat' dir='ltr'>inira</span> <span class='ocrx_word' id='word_1_76' title='bbox 1327 1555 1448 1624; x_wconf 87' lang='lat' dir='ltr'>decimo</span> 
     </span>
     <span class='ocr_line' id='line_1_11' title="bbox 491 1657 1449 1744; baseline 0.006 -22"><span class='ocrx_word' id='word_1_77' title='bbox 491 1659 648 1742; x_wconf 84' lang='lat' dir='ltr'>quarto³:</span> <span class='ocrx_word' id='word_1_78' title='bbox 678 1685 695 1718; x_wconf 90' lang='lat'>«</span> <span class='ocrx_word' id='word_1_79' title='bbox 710 1657 793 1728; x_wconf 85' lang='lat' dir='ltr'>Vada</span> <span class='ocrx_word' id='word_1_80' title='bbox 819 1679 930 1744; x_wconf 91' lang='lat' dir='ltr'>parare</span> <span class='ocrx_word' id='word_1_81' title='bbox 953 1661 1041 1728; x_wconf 91' lang='lat' dir='ltr'>vobis</span> <span class='ocrx_word' id='word_1_82' title='bbox 1065 1663 1185 1742; x_wconf 89' lang='grc'><strong>111111,</strong></span> <span class='ocrx_word' id='word_1_83' title='bbox 1208 1669 1239 1728; x_wconf 85' lang='grc'>11</span> <span class='ocrx_word' id='word_1_84' title='bbox 1262 1661 1378 1728; x_wconf 91' lang='lat' dir='ltr'>iterum</span> <span class='ocrx_word' id='word_1_85' title='bbox 1394 1679 1449 1728; x_wconf 89' lang='lat' dir='ltr'>re-</span> 
     </span>
     <span class='ocr_line' id='line_1_12' title="bbox 488 1761 1447 1852; baseline 0.006 -24"><span class='ocrx_word' id='word_1_86' title='bbox 488 1761 573 1828; x_wconf 90' lang='lat' dir='ltr'>niam</span> <span class='ocrx_word' id='word_1_87' title='bbox 596 1771 629 1830; x_wconf 91' lang='lat' dir='ltr'>et</span> <span class='ocrx_word' id='word_1_88' title='bbox 650 1765 799 1850; x_wconf 91' lang='lat' dir='ltr'>accipiam</span> <span class='ocrx_word' id='word_1_89' title='bbox 834 1785 891 1834; x_wconf 84' lang='lat' dir='ltr'>vos</span> <span class='ocrx_word' id='word_1_90' title='bbox 923 1767 962 1834; x_wconf 90' lang='lat' dir='ltr'>ad</span> <span class='ocrx_word' id='word_1_91' title='bbox 986 1785 1035 1834; x_wconf 91' lang='lat' dir='ltr'>me</span> <span class='ocrx_word' id='word_1_92' title='bbox 1067 1769 1186 1852; x_wconf 87' lang='lat' dir='ltr'>ipsum,</span> <span class='ocrx_word' id='word_1_93' title='bbox 1217 1775 1271 1846; x_wconf 91' lang='lat' dir='ltr'>ut,</span> <span class='ocrx_word' id='word_1_94' title='bbox 1296 1767 1350 1836; x_wconf 91' lang='lat' dir='ltr'>ubi</span> <span class='ocrx_word' id='word_1_95' title='bbox 1376 1787 1447 1834; x_wconf 89' lang='lat' dir='ltr'>sum</span> 
     </span>
     <span class='ocr_line' id='line_1_13' title="bbox 489 1871 834 1954; baseline 0.006 -20"><span class='ocrx_word' id='word_1_96' title='bbox 489 1885 564 1954; x_wconf 89' lang='lat' dir='ltr'>ego,</span> <span class='ocrx_word' id='word_1_97' title='bbox 587 1875 619 1936; x_wconf 91' lang='lat' dir='ltr'>et</span> <span class='ocrx_word' id='word_1_98' title='bbox 642 1889 698 1938; x_wconf 61' lang='lat' dir='ltr'>tros</span> <span class='ocrx_word' id='word_1_99' title='bbox 719 1871 834 1938; x_wconf 81' lang='lat' dir='ltr'>sitis».</span> 
     </span>
    </p>

    <p class='ocr_par' dir='ltr' id='par_1_6' title="bbox 485 1977 1446 3226">
     <span class='ocr_line' id='line_1_14' title="bbox 579 1977 1446 2068; baseline 0.002 -26"><span class='ocrx_word' id='word_1_100' title='bbox 579 1979 630 2044; x_wconf 88' lang='grc'>50.</span> <span class='ocrx_word' id='word_1_101' title='bbox 656 1977 756 2062; x_wconf 86' lang='lat' dir='ltr'>(Vevs.</span> <span class='ocrx_word' id='word_1_102' title='bbox 781 1979 858 2062; x_wconf 83' lang='grc'><strong>35).</strong></span> <span class='ocrx_word' id='word_1_103' title='bbox 884 1981 1049 2046; x_wconf 82' lang='lat' dir='ltr'>Diuorum</span> <span class='ocrx_word' id='word_1_104' title='bbox 1070 1999 1146 2068; x_wconf 81' lang='lat' dir='ltr'>ergo</span> <span class='ocrx_word' id='word_1_105' title='bbox 1172 1977 1290 2046; x_wconf 88' lang='lat' dir='ltr'>ludaei</span> <span class='ocrx_word' id='word_1_106' title='bbox 1311 1985 1368 2046; x_wconf 85' lang='lat' dir='ltr'>etc.</span> <span class='ocrx_word' id='word_1_107' title='bbox 1391 1977 1446 2045; x_wconf 89' lang='lat' dir='ltr'>llio</span> 
     </span>
     <span class='ocr_line' id='line_1_15' title="bbox 488 2081 1446 2170; baseline 0.004 -24"><span class='ocrx_word' id='word_1_108' title='bbox 488 2081 629 2166; x_wconf 81' lang='lat' dir='ltr'>tangitur</span> <span class='ocrx_word' id='word_1_109' title='bbox 652 2083 798 2164; x_wconf 86' lang='lat' dir='ltr'>tertium,</span> <span class='ocrx_word' id='word_1_110' title='bbox 816 2085 933 2152; x_wconf 89' lang='lat' dir='ltr'>scilicet</span> <span class='ocrx_word' id='word_1_111' title='bbox 955 2101 1149 2170; x_wconf 87' lang='lat' dir='ltr'>consequens</span> <span class='ocrx_word' id='word_1_112' title='bbox 1164 2083 1370 2152; x_wconf 86' lang='lat' dir='ltr'>ludaeorum</span> <span class='ocrx_word' id='word_1_113' title='bbox 1385 2085 1446 2150; x_wconf 87' lang='lat' dir='ltr'>du-</span> 
     </span>
     <span class='ocr_line' id='line_1_16' title="bbox 490 2185 1445 2276; baseline 0.002 -22"><span class='ocrx_word' id='word_1_114' title='bbox 490 2185 603 2256; x_wconf 90' lang='lat' dir='ltr'>bitatio</span> <span class='ocrx_word' id='word_1_115' title='bbox 621 2209 668 2256; x_wconf 48' lang='lat' dir='ltr'>*ex</span> <span class='ocrx_word' id='word_1_116' title='bbox 693 2191 769 2270; x_wconf 92' lang='lat' dir='ltr'>hoc,</span> <span class='ocrx_word' id='word_1_117' title='bbox 792 2191 879 2276; x_wconf 90' lang='lat' dir='ltr'>quod</span> <span class='ocrx_word' id='word_1_118' title='bbox 900 2191 1003 2276; x_wconf 89' lang='lat' dir='ltr'>ipsum</span> <span class='ocrx_word' id='word_1_119' title='bbox 1026 2209 1088 2258; x_wconf 90' lang='lat' dir='ltr'>non</span> <span class='ocrx_word' id='word_1_120' title='bbox 1112 2191 1342 2276; x_wconf 66' lang='lat' dir='ltr'>intelligentam</span> <span class='ocrx_word' id='word_1_121' title='bbox 1361 2191 1445 2256; x_wconf 89' lang='lat' dir='ltr'>uude</span> 
     </span>
     <span class='ocr_line' id='line_1_17' title="bbox 488 2293 1446 2386; baseline 0 -24"><span class='ocrx_word' id='word_1_122' title='bbox 488 2293 610 2362; x_wconf 85' lang='lat' dir='ltr'>dicunt:</span> <span class='ocrx_word' id='word_1_123' title='bbox 639 2297 709 2376; x_wconf 84' lang='lat' dir='ltr'>Quo</span> <span class='ocrx_word' id='word_1_124' title='bbox 731 2293 784 2362; x_wconf 85' lang='lat' dir='ltr'>dic</span> <span class='ocrx_word' id='word_1_125' title='bbox 819 2297 933 2362; x_wconf 87' lang='lat' dir='ltr'>iturus</span> <span class='ocrx_word' id='word_1_126' title='bbox 962 2305 1025 2376; x_wconf 84' lang='lat' dir='ltr'>est,</span> <span class='ocrx_word' id='word_1_127' title='bbox 1049 2297 1131 2386; x_wconf 85' lang='lat' dir='ltr'>quia</span> <span class='ocrx_word' id='word_1_128' title='bbox 1150 2315 1216 2362; x_wconf 89' lang='lat' dir='ltr'>non</span> <span class='ocrx_word' id='word_1_129' title='bbox 1241 2295 1446 2362; x_wconf 79' lang='lat' dir='ltr'>inveniemus</span> 
     </span>
     <span class='ocr_line' id='line_1_18' title="bbox 488 2401 1446 2490; baseline 0.002 -24"><span class='ocrx_word' id='word_1_130' title='bbox 488 2401 585 2466; x_wconf 80' lang='lat' dir='ltr'>eune?</span> <span class='ocrx_word' id='word_1_131' title='bbox 608 2401 645 2466; x_wconf 89' lang='lat' dir='ltr'>Et</span> <span class='ocrx_word' id='word_1_132' title='bbox 668 2401 874 2486; x_wconf 89' lang='lat' dir='ltr'>colloquendo</span> <span class='ocrx_word' id='word_1_133' title='bbox 906 2409 1067 2488; x_wconf 84' lang='lat' dir='ltr'>quaerunt</span> <span class='ocrx_word' id='word_1_134' title='bbox 1088 2403 1127 2470; x_wconf 92' lang='lat' dir='ltr'>de</span> <span class='ocrx_word' id='word_1_135' title='bbox 1160 2403 1253 2470; x_wconf 91' lang='lat' dir='ltr'>loco:</span> <span class='ocrx_word' id='word_1_136' title='bbox 1283 2401 1446 2490; x_wconf 77' lang='lat' dir='ltr'>Nataquid</span> 
     </span>
     <span class='ocr_line' id='line_1_19' title="bbox 487 2505 1445 2594; baseline 0 -22"><span class='ocrx_word' id='word_1_137' title='bbox 487 2505 525 2572; x_wconf 87' lang='lat' dir='ltr'>e&#39;n</span> <span class='ocrx_word' id='word_1_138' title='bbox 539 2505 774 2590; x_wconf 75' lang='lat' dir='ltr'>dispersionem</span> <span class='ocrx_word' id='word_1_139' title='bbox 789 2509 939 2592; x_wconf 78' lang='lat' dir='ltr'>gentiam</span> <span class='ocrx_word' id='word_1_140' title='bbox 954 2509 1069 2574; x_wconf 87' lang='lat' dir='ltr'>iturus</span> <span class='ocrx_word' id='word_1_141' title='bbox 1083 2517 1131 2576; x_wconf 89' lang='lat' dir='ltr'>est</span> <span class='ocrx_word' id='word_1_142' title='bbox 1145 2517 1173 2574; x_wconf 92' lang='lat' dir='ltr'>et</span> <span class='ocrx_word' id='word_1_143' title='bbox 1189 2509 1349 2576; x_wconf 85' lang='lat' dir='ltr'>docturus</span> <span class='ocrx_word' id='word_1_144' title='bbox 1367 2527 1445 2594; x_wconf 83' lang='lat' dir='ltr'>pen·</span> 
     </span>
     <span class='ocr_line' id='line_1_20' title="bbox 489 2611 1445 2702; baseline 0.002 -24"><span class='ocrx_word' id='word_1_145' title='bbox 489 2611 558 2680; x_wconf 80' lang='lat' dir='ltr'>tes?</span> <span class='ocrx_word' id='word_1_146' title='bbox 587 2613 672 2680; x_wconf 87' lang='lat' dir='ltr'>«Hic</span> <span class='ocrx_word' id='word_1_147' title='bbox 696 2613 885 2694; x_wconf 88' lang='lat' dir='ltr'>dubitando,</span> <span class='ocrx_word' id='word_1_148' title='bbox 909 2623 946 2680; x_wconf 94' lang='lat' dir='ltr'>ut</span> <span class='ocrx_word' id='word_1_149' title='bbox 967 2615 1041 2682; x_wconf 89' lang='lat' dir='ltr'>dicit</span> <span class='ocrx_word' id='word_1_150' title='bbox 1064 2615 1290 2702; x_wconf 57' lang='lat' dir='ltr'>angustinum,</span> <span class='ocrx_word' id='word_1_151' title='bbox 1308 2615 1445 2700; x_wconf 89' lang='lat' dir='ltr'>prophe-</span> 
     </span>
     <span class='ocr_line' id='line_1_21' title="bbox 487 2721 1444 2808; baseline 0.004 -24"><span class='ocrx_word' id='word_1_152' title='bbox 487 2725 645 2786; x_wconf 89' lang='lat' dir='ltr'>taverunt.</span> <span class='ocrx_word' id='word_1_153' title='bbox 669 2721 776 2788; x_wconf 91' lang='lat' dir='ltr'>iturus</span> <span class='ocrx_word' id='word_1_154' title='bbox 800 2721 885 2788; x_wconf 90' lang='lat' dir='ltr'>enirn</span> <span class='ocrx_word' id='word_1_155' title='bbox 905 2730 973 2788; x_wconf 90' lang='lat' dir='ltr'>erat</span> <span class='ocrx_word' id='word_1_156' title='bbox 997 2721 1035 2788; x_wconf 90' lang='lat' dir='ltr'>ad</span> <span class='ocrx_word' id='word_1_157' title='bbox 1059 2731 1184 2808; x_wconf 80' lang='lat' dir='ltr'>genteS,</span> <span class='ocrx_word' id='word_1_158' title='bbox 1202 2741 1264 2788; x_wconf 92' lang='lat' dir='ltr'>oon</span> <span class='ocrx_word' id='word_1_159' title='bbox 1277 2741 1335 2806; x_wconf 94' lang='lat' dir='ltr'>per</span> <span class='ocrx_word' id='word_1_160' title='bbox 1352 2739 1444 2806; x_wconf 76' lang='lat' dir='ltr'>prae</span> 
     </span>
     <span class='ocr_line' id='line_1_22' title="bbox 486 2827 1442 2914; baseline 0.002 -22"><span class='ocrx_word' id='word_1_161' title='bbox 486 2827 617 2894; x_wconf 90' lang='lat' dir='ltr'>sentiam</span> <span class='ocrx_word' id='word_1_162' title='bbox 644 2827 693 2894; x_wconf 92' lang='lat' dir='ltr'>sui</span> <span class='ocrx_word' id='word_1_163' title='bbox 716 2827 875 2914; x_wconf 84' lang='lat' dir='ltr'>corporis,</span> <span class='ocrx_word' id='word_1_164' title='bbox 903 2829 957 2896; x_wconf 88' lang='lat' dir='ltr'>scd</span> <span class='ocrx_word' id='word_1_165' title='bbox 986 2847 1043 2914; x_wconf 87' lang='lat' dir='ltr'>per</span> <span class='ocrx_word' id='word_1_166' title='bbox 1075 2829 1253 2914; x_wconf 78' lang='lat' dir='ltr'>apostolos:</span> <span class='ocrx_word' id='word_1_167' title='bbox 1284 2829 1442 2896; x_wconf 89' lang='lat' dir='ltr'>Psalmus:</span> 
     </span>
     <span class='ocr_line' id='line_1_23' title="bbox 486 2933 1443 3022; baseline 0.002 -24"><span class='ocrx_word' id='word_1_168' title='bbox 486 2933 641 3016; x_wconf 81' lang='lat' dir='ltr'>vopulus,</span> <span class='ocrx_word' id='word_1_169' title='bbox 664 2951 760 3018; x_wconf 85' lang='lat' dir='ltr'>quem</span> <span class='ocrx_word' id='word_1_170' title='bbox 782 2953 843 3000; x_wconf 92' lang='lat' dir='ltr'>non</span> <span class='ocrx_word' id='word_1_171' title='bbox 868 2935 1015 3022; x_wconf 88' lang='lat' dir='ltr'>cognovi,</span> <span class='ocrx_word' id='word_1_172' title='bbox 1046 2935 1175 3002; x_wconf 81' lang='lat' dir='ltr'>servivit</span> <span class='ocrx_word' id='word_1_173' title='bbox 1199 2935 1292 3014; x_wconf 90' lang='lat' dir='ltr'>mihi,</span> <span class='ocrx_word' id='word_1_174' title='bbox 1324 2935 1356 2998; x_wconf 91' lang='lat' dir='ltr'>ln</span> <span class='ocrx_word' id='word_1_175' title='bbox 1387 2953 1443 3000; x_wconf 90' lang='lat' dir='ltr'>au-</span> 
     </span>
     <span class='ocr_line' id='line_1_24' title="bbox 486 3039 1441 3126; baseline 0.002 -22"><span class='ocrx_word' id='word_1_176' title='bbox 486 3039 555 3106; x_wconf 92' lang='lat' dir='ltr'>ditu</span> <span class='ocrx_word' id='word_1_177' title='bbox 579 3039 665 3106; x_wconf 86' lang='lat' dir='ltr'>auris</span> <span class='ocrx_word' id='word_1_178' title='bbox 689 3039 826 3108; x_wconf 86' lang='lat' dir='ltr'>obedivit</span> <span class='ocrx_word' id='word_1_179' title='bbox 847 3041 924 3106; x_wconf 89' lang='lat' dir='ltr'>mibi</span> <span class='ocrx_word' id='word_1_180' title='bbox 942 3067 970 3106; x_wconf 83' lang='lat'>&gt;›.</span> <span class='ocrx_word' id='word_1_181' title='bbox 995 3041 1029 3106; x_wconf 88' lang='lat' dir='ltr'>Et</span> <span class='ocrx_word' id='word_1_182' title='bbox 1054 3039 1128 3126; x_wconf 88' lang='lat' dir='ltr'>quia</span> <span class='ocrx_word' id='word_1_183' title='bbox 1154 3041 1292 3106; x_wconf 90' lang='lat' dir='ltr'>multum</span> <span class='ocrx_word' id='word_1_184' title='bbox 1317 3039 1441 3108; x_wconf 91' lang='lat' dir='ltr'>dubita-</span> 
     </span>
     <span class='ocr_line' id='line_1_25' title="bbox 485 3145 1068 3226; baseline 0 -14"><span class='ocrx_word' id='word_1_185' title='bbox 485 3145 579 3226; x_wconf 88' lang='lat' dir='ltr'>bant,</span> <span class='ocrx_word' id='word_1_186' title='bbox 602 3145 671 3212; x_wconf 92' lang='lat' dir='ltr'>ideo</span> <span class='ocrx_word' id='word_1_187' title='bbox 695 3145 810 3214; x_wconf 90' lang='lat' dir='ltr'>iterant</span> <span class='ocrx_word' id='word_1_188' title='bbox 832 3145 1068 3216; x_wconf 88' lang='lat' dir='ltr'>dubitationem.</span> 
     </span>
    </p>

    <p class='ocr_par' dir='ltr' id='par_1_7' title="bbox 484 3253 1443 3744">
     <span class='ocr_line' id='line_1_26' title="bbox 577 3253 1441 3344; baseline 0.002 -26"><span class='ocrx_word' id='word_1_189' title='bbox 577 3253 628 3318; x_wconf 88' lang='grc'>51.</span> <span class='ocrx_word' id='word_1_190' title='bbox 653 3253 753 3332; x_wconf 77' lang='lat' dir='ltr'>[Vers.</span> <span class='ocrx_word' id='word_1_191' title='bbox 782 3253 859 3336; x_wconf 86' lang='lat'>36.).</span> <span class='ocrx_word' id='word_1_192' title='bbox 894 3253 974 3338; x_wconf 83' lang='lat' dir='ltr'>Quis</span> <span class='ocrx_word' id='word_1_193' title='bbox 999 3263 1044 3322; x_wconf 84' lang='lat' dir='ltr'>est</span> <span class='ocrx_word' id='word_1_194' title='bbox 1069 3253 1150 3322; x_wconf 81' lang='lat' dir='ltr'>iste⁵</span> <span class='ocrx_word' id='word_1_195' title='bbox 1187 3273 1311 3334; x_wconf 79' lang='lat' dir='ltr'>corma,</span> <span class='ocrx_word' id='word_1_196' title='bbox 1331 3253 1441 3344; x_wconf 83' lang='lat' dir='ltr'>&#39;quern</span> 
     </span>
     <span class='ocr_line' id='line_1_27' title="bbox 485 3359 1443 3442; baseline 0 -16"><span class='ocrx_word' id='word_1_197' title='bbox 485 3359 590 3426; x_wconf 84' lang='lat' dir='ltr'>dicit:</span> <span class='ocrx_word' id='word_1_198' title='bbox 617 3361 788 3442; x_wconf 77' lang='lat' dir='ltr'>Quaerens</span> <span class='ocrx_word' id='word_1_199' title='bbox 812 3379 861 3426; x_wconf 92' lang='lat' dir='ltr'>me</span> <span class='ocrx_word' id='word_1_200' title='bbox 885 3367 912 3428; x_wconf 90' lang='lat' dir='ltr'>et</span> <span class='ocrx_word' id='word_1_201' title='bbox 935 3381 1001 3428; x_wconf 89' lang='lat' dir='ltr'>noa</span> <span class='ocrx_word' id='word_1_202' title='bbox 1023 3361 1212 3440; x_wconf 78' lang='lat' dir='ltr'>inuenietis:</span> <span class='ocrx_word' id='word_1_203' title='bbox 1233 3371 1264 3428; x_wconf 90' lang='lat' dir='ltr'>et</span> <span class='ocrx_word' id='word_1_204' title='bbox 1284 3359 1343 3426; x_wconf 87' lang='lat' dir='ltr'>ubi</span> <span class='ocrx_word' id='word_1_205' title='bbox 1365 3379 1443 3426; x_wconf 84' lang='lat' dir='ltr'>sunt</span> 
     </span>
     <span class='ocr_line' id='line_1_28' title="bbox 485 3467 1441 3550; baseline 0 -18"><span class='ocrx_word' id='word_1_206' title='bbox 485 3483 561 3550; x_wconf 81' lang='lat' dir='ltr'>epo,</span> <span class='ocrx_word' id='word_1_207' title='bbox 585 3483 643 3530; x_wconf 86' lang='lat' dir='ltr'>uos</span> <span class='ocrx_word' id='word_1_208' title='bbox 664 3485 731 3532; x_wconf 89' lang='lat' dir='ltr'>uon</span> <span class='ocrx_word' id='word_1_209' title='bbox 759 3467 893 3550; x_wconf 86' lang='lat' dir='ltr'>potestis</span> <span class='ocrx_word' id='word_1_210' title='bbox 926 3467 1062 3532; x_wconf 80' lang='lat' dir='ltr'>uenire?</span> <span class='ocrx_word' id='word_1_211' title='bbox 1086 3467 1155 3532; x_wconf 92' lang='lat' dir='ltr'>ldeo</span> <span class='ocrx_word' id='word_1_212' title='bbox 1179 3485 1240 3532; x_wconf 92' lang='lat' dir='ltr'>non</span> <span class='ocrx_word' id='word_1_213' title='bbox 1275 3471 1441 3532; x_wconf 88' lang='lat' dir='ltr'>merentur</span> 
     </span>
     <span class='ocr_line' id='line_1_29' title="bbox 485 3571 1440 3656; baseline 0 -20"><span class='ocrx_word' id='word_1_214' title='bbox 485 3571 675 3656; x_wconf 84' lang='lat' dir='ltr'>intelligere,</span> <span class='ocrx_word' id='word_1_215' title='bbox 701 3571 775 3656; x_wconf 88' lang='lat' dir='ltr'>quia</span> <span class='ocrx_word' id='word_1_216' title='bbox 798 3573 969 3638; x_wconf 77' lang='lat' dir='ltr'>vrolueruut</span> <span class='ocrx_word' id='word_1_217' title='bbox 1001 3571 1038 3638; x_wconf 90' lang='lat' dir='ltr'>ad</span> <span class='ocrx_word' id='word_1_218' title='bbox 1064 3573 1255 3640; x_wconf 88' lang='lat' dir='ltr'>credendum</span> <span class='ocrx_word' id='word_1_219' title='bbox 1277 3589 1311 3640; x_wconf 91' lang='lat' dir='ltr'>se</span> <span class='ocrx_word' id='word_1_220' title='bbox 1334 3571 1440 3638; x_wconf 87' lang='lat' dir='ltr'>huml-</span> 
     </span>
     <span class='ocr_line' id='line_1_30' title="bbox 484 3679 573 3744; baseline 0.022 -2"><span class='ocrx_word' id='word_1_221' title='bbox 484 3679 573 3744; x_wconf 89' lang='lat' dir='ltr'>liare.</span> 
     </span>
    </p>

    <p class='ocr_par' dir='ltr' id='par_1_8' title="bbox 483 3783 1440 3976">
     <span class='ocr_line' id='line_1_31' title="bbox 575 3783 1438 3878; baseline -0.001 -28"><span class='ocrx_word' id='word_1_222' title='bbox 575 3783 853 3878; x_wconf 59' lang='grc'><strong>5111111131),</strong></span> <span class='ocrx_word' id='word_1_223' title='bbox 880 3785 919 3850; x_wconf 89' lang='lat' dir='ltr'>ln</span> <span class='ocrx_word' id='word_1_224' title='bbox 953 3783 1132 3850; x_wconf 89' lang='lat' dir='ltr'>nouissimo</span> <span class='ocrx_word' id='word_1_225' title='bbox 1166 3791 1276 3850; x_wconf 88' lang='lat' dir='ltr'>autem</span> <span class='ocrx_word' id='word_1_226' title='bbox 1305 3783 1356 3850; x_wconf 85' lang='lat' dir='ltr'>die</span> <span class='ocrx_word' id='word_1_227' title='bbox 1380 3789 1438 3850; x_wconf 89' lang='lat' dir='ltr'>etc.</span> 
     </span>
     <span class='ocr_line' id='line_1_32' title="bbox 483 3889 1440 3976; baseline 0.002 -22"><span class='ocrx_word' id='word_1_228' title='bbox 483 3889 636 3974; x_wconf 79' lang='lat' dir='ltr'>Tangitur</span> <span class='ocrx_word' id='word_1_229' title='bbox 658 3895 828 3974; x_wconf 88' lang='lat' dir='ltr'>quartum,</span> <span class='ocrx_word' id='word_1_230' title='bbox 851 3889 966 3958; x_wconf 88' lang='lat' dir='ltr'>scilicet</span> <span class='ocrx_word' id='word_1_231' title='bbox 982 3889 1029 3956; x_wconf 85' lang='lat' dir='ltr'>ad</span> <span class='ocrx_word' id='word_1_232' title='bbox 1049 3889 1147 3976; x_wconf 75' lang='lat' dir='ltr'>fidem</span> <span class='ocrx_word' id='word_1_233' title='bbox 1162 3889 1330 3970; x_wconf 87' lang='lat' dir='ltr'>invitatio,</span> <span class='ocrx_word' id='word_1_234' title='bbox 1347 3889 1440 3956; x_wconf 92' lang='lat' dir='ltr'>cuius</span> 
     </span>
    </p>
   </div>
   <div class='ocr_carea' id='block_1_6' title="bbox 482 4197 1440 4626">
    <p class='ocr_par' dir='ltr' id='par_1_9' title="bbox 554 4197 794 4266">
     <span class='ocr_line' id='line_1_33' title="bbox 554 4197 794 4266; baseline 0 -16"><span class='ocrx_word' id='word_1_235' title='bbox 554 4197 564 4228; x_wconf 85' lang='lat'><strong>¹</strong></span> <span class='ocrx_word' id='word_1_236' title='bbox 587 4199 658 4252; x_wconf 82' lang='lat' dir='ltr'>Vets.</span> <span class='ocrx_word' id='word_1_237' title='bbox 678 4201 720 4252; x_wconf 77' lang='lat'>28.</span> <span class='ocrx_word' id='word_1_238' title='bbox 740 4213 794 4266; x_wconf 83' lang='lat' dir='ltr'>seq.</span> 
     </span>
    </p>

    <p class='ocr_par' dir='ltr' id='par_1_10' title="bbox 554 4285 807 4352">
     <span class='ocr_line' id='line_1_34' title="bbox 554 4285 807 4352; baseline 0 -12"><span class='ocrx_word' id='word_1_239' title='bbox 554 4285 676 4340; x_wconf 77' lang='lat' dir='ltr'>²Psalnr.</span> <span class='ocrx_word' id='word_1_240' title='bbox 698 4289 763 4352; x_wconf 86' lang='lat' dir='ltr'>tos,</span> <span class='ocrx_word' id='word_1_241' title='bbox 783 4289 807 4340; x_wconf 96' lang='grc'>1.</span> 
     </span>
    </p>

    <p class='ocr_par' dir='ltr' id='par_1_11' title="bbox 482 4373 1440 4626">
     <span class='ocr_line' id='line_1_35' title="bbox 554 4373 1439 4444; baseline 0.002 -16"><span class='ocrx_word' id='word_1_242' title='bbox 554 4373 567 4404; x_wconf 81' lang='lat'>³</span> <span class='ocrx_word' id='word_1_243' title='bbox 587 4377 660 4428; x_wconf 90' lang='lat' dir='ltr'>Vers.</span> <span class='ocrx_word' id='word_1_244' title='bbox 680 4379 705 4428; x_wconf 76' lang='grc'>2.</span> <span class='ocrx_word' id='word_1_245' title='bbox 725 4391 779 4444; x_wconf 82' lang='lat' dir='ltr'>seq.</span> <span class='ocrx_word' id='word_1_246' title='bbox 799 4377 849 4430; x_wconf 83' lang='lat' dir='ltr'>Clr.</span> <span class='ocrx_word' id='word_1_247' title='bbox 869 4377 993 4442; x_wconf 81' lang='lat' dir='ltr'>August,</span> <span class='ocrx_word' id='word_1_248' title='bbox 1007 4377 1032 4430; x_wconf 89' lang='lat' dir='ltr'>iu</span> <span class='ocrx_word' id='word_1_249' title='bbox 1052 4377 1120 4430; x_wconf 87' lang='lat' dir='ltr'>loau.</span> <span class='ocrx_word' id='word_1_250' title='bbox 1141 4379 1239 4442; x_wconf 85' lang='lat' dir='ltr'>Evaug.</span> <span class='ocrx_word' id='word_1_251' title='bbox 1259 4381 1288 4430; x_wconf 92' lang='lat' dir='ltr'>tr.</span> <span class='ocrx_word' id='word_1_252' title='bbox 1310 4379 1353 4430; x_wconf 86' lang='lat' dir='ltr'>3l.</span> <span class='ocrx_word' id='word_1_253' title='bbox 1370 4393 1393 4430; x_wconf 83' lang='grc'>1,</span> <span class='ocrx_word' id='word_1_254' title='bbox 1407 4377 1439 4430; x_wconf 83' lang='grc'>91</span> 
     </span>
     <span class='ocr_line' id='line_1_36' title="bbox 482 4465 1440 4532; baseline -0.004 -12"><span class='ocrx_word' id='word_1_255' title='bbox 482 4469 539 4520; x_wconf 87' lang='lat' dir='ltr'>Non</span> <span class='ocrx_word' id='word_1_256' title='bbox 551 4465 627 4522; x_wconf 82' lang='lat' dir='ltr'>dixit:</span> <span class='ocrx_word' id='word_1_257' title='bbox 640 4465 687 4520; x_wconf 86' lang='lat' dir='ltr'>ubi</span> <span class='ocrx_word' id='word_1_258' title='bbox 704 4467 764 4532; x_wconf 77' lang='grc'><strong>111,</strong></span> <span class='ocrx_word' id='word_1_259' title='bbox 777 4467 825 4518; x_wconf 90' lang='lat' dir='ltr'>sed</span> <span class='ocrx_word' id='word_1_260' title='bbox 836 4465 964 4520; x_wconf 87' lang='lat' dir='ltr'>abisam.</span> <span class='ocrx_word' id='word_1_261' title='bbox 983 4469 1093 4530; x_wconf 86' lang='lat' dir='ltr'>Semper</span> <span class='ocrx_word' id='word_1_262' title='bbox 1106 4467 1177 4518; x_wconf 88' lang='lat' dir='ltr'>euim</span> <span class='ocrx_word' id='word_1_263' title='bbox 1191 4465 1225 4516; x_wconf 92' lang='lat' dir='ltr'>ibi</span> <span class='ocrx_word' id='word_1_264' title='bbox 1243 4471 1296 4520; x_wconf 89' lang='lat' dir='ltr'>erat</span> <span class='ocrx_word' id='word_1_265' title='bbox 1309 4465 1440 4528; x_wconf 57' lang='lat' dir='ltr'>Christus</span> 
     </span>
     <span class='ocr_line' id='line_1_37' title="bbox 482 4555 1440 4626; baseline -0.003 -17"><span class='ocrx_word' id='word_1_266' title='bbox 482 4571 536 4624; x_wconf 91' lang='lat' dir='ltr'>quo</span> <span class='ocrx_word' id='word_1_267' title='bbox 556 4559 640 4608; x_wconf 89' lang='lat' dir='ltr'>luerat</span> <span class='ocrx_word' id='word_1_268' title='bbox 657 4555 789 4608; x_wconf 88' lang='lat' dir='ltr'>rediturus</span> <span class='ocrx_word' id='word_1_269' title='bbox 800 4573 815 4618; x_wconf 53' lang='lat' dir='ltr'>,s</span> <span class='ocrx_word' id='word_1_270' title='bbox 829 4555 865 4606; x_wconf 90' lang='lat' dir='ltr'>sic</span> <span class='ocrx_word' id='word_1_271' title='bbox 884 4555 954 4608; x_wconf 88' lang='lat' dir='ltr'>enirn</span> <span class='ocrx_word' id='word_1_272' title='bbox 972 4555 1056 4618; x_wconf 88' lang='lat' dir='ltr'>venit,</span> <span class='ocrx_word' id='word_1_273' title='bbox 1076 4561 1104 4606; x_wconf 93' lang='lat' dir='ltr'>ut</span> <span class='ocrx_word' id='word_1_274' title='bbox 1123 4569 1173 4608; x_wconf 90' lang='lat' dir='ltr'>non</span> <span class='ocrx_word' id='word_1_275' title='bbox 1200 4555 1360 4626; x_wconf 89' lang='lat' dir='ltr'>recederet...</span> <span class='ocrx_word' id='word_1_276' title='bbox 1387 4555 1440 4606; x_wconf 88' lang='lat' dir='ltr'>Nec</span> 
     </span>
    </p>
   </div>
   <div class='ocr_carea' id='block_1_7' title="bbox 481 4643 1451 4720">
    <p class='ocr_par' dir='ltr' id='par_1_12' title="bbox 481 4643 1451 4720">
     <span class='ocr_line' id='line_1_38' title="bbox 481 4643 1451 4720; baseline -0.002 -22"><span class='ocrx_word' id='word_1_277' title='bbox 481 4645 561 4698; x_wconf 84' lang='lat' dir='ltr'>dixit:</span> <span class='ocrx_word' id='word_1_278' title='bbox 581 4659 637 4698; x_wconf 90' lang='lat' dir='ltr'>uon</span> <span class='ocrx_word' id='word_1_279' title='bbox 645 4643 777 4712; x_wconf 83' lang='lat' dir='ltr'>poteritis,</span> <span class='ocrx_word' id='word_1_280' title='bbox 791 4645 838 4696; x_wconf 90' lang='lat' dir='ltr'>sed</span> <span class='ocrx_word' id='word_1_281' title='bbox 850 4657 906 4698; x_wconf 89' lang='lat' dir='ltr'>non</span> <span class='ocrx_word' id='word_1_282' title='bbox 914 4645 1040 4714; x_wconf 85' lang='lat' dir='ltr'>potestis,</span> <span class='ocrx_word' id='word_1_283' title='bbox 1054 4645 1118 4696; x_wconf 90' lang='lat' dir='ltr'>tales</span> <span class='ocrx_word' id='word_1_284' title='bbox 1136 4645 1206 4696; x_wconf 90' lang='lat' dir='ltr'>enim</span> <span class='ocrx_word' id='word_1_285' title='bbox 1219 4651 1281 4698; x_wconf 92' lang='lat' dir='ltr'>tunc</span> <span class='ocrx_word' id='word_1_286' title='bbox 1294 4647 1380 4712; x_wconf 89' lang='lat' dir='ltr'>erant,</span> <span class='ocrx_word' id='word_1_287' title='bbox 1392 4645 1451 4720; x_wconf 85' lang='lat' dir='ltr'>qui</span> 
     </span>
    </p>
   </div>
   <div class='ocr_carea' id='block_1_8' title="bbox 442 4739 726 4798">
    <p class='ocr_par' dir='ltr' id='par_1_13' title="bbox 442 4739 726 4798">
     <span class='ocr_line' id='line_1_39' title="bbox 442 4739 726 4798; baseline 0 -12"><span class='ocrx_word' id='word_1_288' title='bbox 442 4759 444 4766; x_wconf 84' lang='grc'><em>·</em></span> <span class='ocrx_word' id='word_1_289' title='bbox 481 4747 535 4786; x_wconf 90' lang='lat' dir='ltr'>non</span> <span class='ocrx_word' id='word_1_290' title='bbox 554 4739 660 4798; x_wconf 86' lang='lat' dir='ltr'>possent</span> <span class='ocrx_word' id='word_1_291' title='bbox 677 4739 726 4786; x_wconf 88' lang='lat' dir='ltr'>etc.</span> 
     </span>
    </p>
   </div>
   <div class='ocr_carea' id='block_1_9' title="bbox 2410 541 2473 610">
    <p class='ocr_par' dir='ltr' id='par_1_14' title="bbox 2410 541 2473 610">
     <span class='ocr_line' id='line_1_40' title="bbox 2410 541 2473 610; baseline -0.032 0"><span class='ocrx_word' id='word_1_292' title='bbox 2410 541 2473 610; x_wconf 81' lang='grc'>319</span> 
     </span>
    </p>
   </div>
   <div class='ocr_carea' id='block_1_10' title="bbox 1504 711 2629 3974">
    <p class='ocr_par' dir='ltr' id='par_1_15' title="bbox 1511 711 2551 1962">
     <span class='ocr_line' id='line_1_41' title="bbox 1512 711 2475 802; baseline 0.008 -26"><span class='ocrx_word' id='word_1_293' title='bbox 1512 711 1628 778; x_wconf 89' lang='lat' dir='ltr'>merito</span> <span class='ocrx_word' id='word_1_294' title='bbox 1648 711 1744 778; x_wconf 91' lang='lat' dir='ltr'>datur</span> <span class='ocrx_word' id='word_1_295' title='bbox 1765 713 1917 800; x_wconf 89' lang='lat' dir='ltr'>sapientia</span> <span class='ocrx_word' id='word_1_296' title='bbox 1939 721 1971 784; x_wconf 90' lang='lat' dir='ltr'>et</span> <span class='ocrx_word' id='word_1_297' title='bbox 1994 715 2204 802; x_wconf 86' lang='lat' dir='ltr'>intelligentia.</span> <span class='ocrx_word' id='word_1_298' title='bbox 2231 717 2398 802; x_wconf 89' lang='lat' dir='ltr'>Propterea</span> <span class='ocrx_word' id='word_1_299' title='bbox 2427 715 2475 784; x_wconf 91' lang='lat' dir='ltr'>di-</span> 
     </span>
     <span class='ocr_line' id='line_1_42' title="bbox 1513 815 2468 908; baseline 0.007 -29"><span class='ocrx_word' id='word_1_300' title='bbox 1513 815 1573 882; x_wconf 67' lang='grc'><strong>1111</strong></span> <span class='ocrx_word' id='word_1_301' title='bbox 1596 819 1638 884; x_wconf 87' lang='lat' dir='ltr'>ln</span> <span class='ocrx_word' id='word_1_302' title='bbox 1660 819 1839 886; x_wconf 85' lang='lat' dir='ltr'>nouissimo</span> <span class='ocrx_word' id='word_1_303' title='bbox 1864 829 1974 888; x_wconf 79' lang='lat' dir='ltr'>areton</span> <span class='ocrx_word' id='word_1_304' title='bbox 1997 821 2050 888; x_wconf 87' lang='lat' dir='ltr'>dic</span> <span class='ocrx_word' id='word_1_305' title='bbox 2064 821 2183 908; x_wconf 82' lang='lat' dir='ltr'>magni</span> <span class='ocrx_word' id='word_1_306' title='bbox 2195 817 2273 908; x_wconf 81' lang='lat' dir='ltr'>sesti</span> <span class='ocrx_word' id='word_1_307' title='bbox 2283 823 2316 900; x_wconf 76' lang='grc'>6;</span> <span class='ocrx_word' id='word_1_308' title='bbox 2333 821 2384 886; x_wconf 88' lang='grc'><strong>1111</strong></span> <span class='ocrx_word' id='word_1_309' title='bbox 2400 827 2468 888; x_wconf 90' lang='lat' dir='ltr'>erat</span> 
     </span>
     <span class='ocr_line' id='line_1_43' title="bbox 1512 925 2471 1012; baseline 0.008 -28"><span class='ocrx_word' id='word_1_310' title='bbox 1512 927 1642 990; x_wconf 89' lang='lat' dir='ltr'>octavus</span> <span class='ocrx_word' id='word_1_311' title='bbox 1666 929 1698 990; x_wconf 92' lang='lat' dir='ltr'>et</span> <span class='ocrx_word' id='word_1_312' title='bbox 1719 925 1869 1006; x_wconf 79' lang='lat' dir='ltr'>ultimuS,</span> <span class='ocrx_word' id='word_1_313' title='bbox 1892 927 1947 1012; x_wconf 88' lang='lat' dir='ltr'>qui</span> <span class='ocrx_word' id='word_1_314' title='bbox 1973 935 2042 994; x_wconf 91' lang='lat' dir='ltr'>erat</span> <span class='ocrx_word' id='word_1_315' title='bbox 2063 927 2228 1008; x_wconf 79' lang='lat' dir='ltr'>solennis:</span> <span class='ocrx_word' id='word_1_316' title='bbox 2250 925 2362 994; x_wconf 85' lang='lat' dir='ltr'>stabat</span> <span class='ocrx_word' id='word_1_317' title='bbox 2375 927 2471 992; x_wconf 82' lang='lat' dir='ltr'>Iesus</span> 
     </span>
     <span class='ocr_line' id='line_1_44' title="bbox 1512 1027 2470 1118; baseline 0.008 -26"><span class='ocrx_word' id='word_1_318' title='bbox 1512 1035 1543 1092; x_wconf 84' lang='lat' dir='ltr'>et</span> <span class='ocrx_word' id='word_1_319' title='bbox 1565 1027 1693 1094; x_wconf 76' lang='lat' dir='ltr'>clanaei</span> <span class='ocrx_word' id='word_1_320' title='bbox 1718 1037 1740 1094; x_wconf 88' lang='lat' dir='ltr'>t.</span> <span class='ocrx_word' id='word_1_321' title='bbox 1764 1029 1897 1110; x_wconf 88' lang='lat' dir='ltr'>Stabat,</span> <span class='ocrx_word' id='word_1_322' title='bbox 1923 1051 1980 1118; x_wconf 89' lang='lat' dir='ltr'>per</span> <span class='ocrx_word' id='word_1_323' title='bbox 2003 1033 2280 1112; x_wconf 83' lang='lat' dir='ltr'>immobilitatem,-</span> <span class='ocrx_word' id='word_1_324' title='bbox 2303 1033 2470 1102; x_wconf 82' lang='lat' dir='ltr'>Malachiae</span> 
     </span>
     <span class='ocr_line' id='line_1_45' title="bbox 1512 1133 2469 1232; baseline 0.009 -32"><span class='ocrx_word' id='word_1_325' title='bbox 1512 1133 1606 1232; x_wconf 86' lang='lat' dir='ltr'>tertio</span> <span class='ocrx_word' id='word_1_326' title='bbox 1620 1135 1649 1198; x_wconf 85' lang='lat'>⁷:</span> <span class='ocrx_word' id='word_1_327' title='bbox 1679 1161 1695 1194; x_wconf 69' lang='grc' dir='ltr'>ι(</span> <span class='ocrx_word' id='word_1_328' title='bbox 1709 1135 1773 1220; x_wconf 78' lang='lat' dir='ltr'>ligo</span> <span class='ocrx_word' id='word_1_329' title='bbox 1797 1137 1947 1204; x_wconf 87' lang='lat' dir='ltr'>Dominus</span> <span class='ocrx_word' id='word_1_330' title='bbox 1970 1145 2002 1206; x_wconf 93' lang='lat' dir='ltr'>et</span> <span class='ocrx_word' id='word_1_331' title='bbox 2021 1159 2082 1206; x_wconf 93' lang='lat' dir='ltr'>non</span> <span class='ocrx_word' id='word_1_332' title='bbox 2102 1147 2213 1210; x_wconf 79' lang='lat' dir='ltr'>&#39;mutor</span> <span class='ocrx_word' id='word_1_333' title='bbox 2233 1165 2263 1220; x_wconf 78' lang='grc' dir='ltr'>»ς</span> <span class='ocrx_word' id='word_1_334' title='bbox 2282 1139 2469 1218; x_wconf 84' lang='lat' dir='ltr'>clamabat,</span> 
     </span>
     <span class='ocr_line' id='line_1_46' title="bbox 1511 1241 2469 1326; baseline 0.006 -20"><span class='ocrx_word' id='word_1_335' title='bbox 1511 1241 1783 1324; x_wconf 75' lang='lat' dir='ltr'>perennitatem:</span> <span class='ocrx_word' id='word_1_336' title='bbox 1818 1243 1975 1310; x_wconf 87' lang='lat' dir='ltr'>Psahnus:</span> <span class='ocrx_word' id='word_1_337' title='bbox 2004 1271 2019 1302; x_wconf 77' lang='lat' dir='ltr'>r</span> <span class='ocrx_word' id='word_1_338' title='bbox 2036 1247 2187 1316; x_wconf 90' lang='lat' dir='ltr'>Laboravi</span> <span class='ocrx_word' id='word_1_339' title='bbox 2220 1249 2358 1316; x_wconf 87' lang='lat' dir='ltr'>clamans</span> <span class='ocrx_word' id='word_1_340' title='bbox 2372 1273 2403 1326; x_wconf 78' lang='grc'>1,</span> <span class='ocrx_word' id='word_1_341' title='bbox 2432 1251 2469 1312; x_wconf 93' lang='lat' dir='ltr'>ut</span> 
     </span>
     <span class='ocr_line' id='line_1_47' title="bbox 1511 1345 2466 1432; baseline 0.006 -22"><span class='ocrx_word' id='word_1_342' title='bbox 1511 1345 1667 1412; x_wconf 88' lang='lat' dir='ltr'>excitaret</span> <span class='ocrx_word' id='word_1_343' title='bbox 1688 1345 1727 1410; x_wconf 51' lang='lat' dir='ltr'>ad¹</span> <span class='ocrx_word' id='word_1_344' title='bbox 1749 1347 1955 1414; x_wconf 71' lang='lat' dir='ltr'>veniendum:</span> <span class='ocrx_word' id='word_1_345' title='bbox 1985 1349 2097 1416; x_wconf 86' lang='lat' dir='ltr'>Veniat</span> <span class='ocrx_word' id='word_1_346' title='bbox 2118 1359 2147 1418; x_wconf 92' lang='lat' dir='ltr'>et</span> <span class='ocrx_word' id='word_1_347' title='bbox 2171 1353 2268 1432; x_wconf 86' lang='lat' dir='ltr'>bibat,</span> <span class='ocrx_word' id='word_1_348' title='bbox 2294 1351 2466 1420; x_wconf 76' lang='lat' dir='ltr'>mcvtudum</span> 
     </span>
     <span class='ocr_line' id='line_1_48' title="bbox 1512 1451 2469 1540; baseline 0.009 -25"><span class='ocrx_word' id='word_1_349' title='bbox 1512 1467 1629 1516; x_wconf 86' lang='lat' dir='ltr'>meam</span> <span class='ocrx_word' id='word_1_350' title='bbox 1648 1451 1849 1536; x_wconf 44' lang='lat' dir='ltr'>largitatem.w</span> <span class='ocrx_word' id='word_1_351' title='bbox 1878 1453 2015 1540; x_wconf 82' lang='lat' dir='ltr'>Siquis</span> <span class='ocrx_word' id='word_1_352' title='bbox 2047 1455 2133 1534; x_wconf 84' lang='lat' dir='ltr'>silit,</span> <span class='ocrx_word' id='word_1_353' title='bbox 2158 1459 2266 1524; x_wconf 85' lang='lat' dir='ltr'>ueniat</span> <span class='ocrx_word' id='word_1_354' title='bbox 2300 1469 2329 1526; x_wconf 91' lang='lat' dir='ltr'>et</span> <span class='ocrx_word' id='word_1_355' title='bbox 2362 1459 2469 1536; x_wconf 82' lang='lat' dir='ltr'>bibat,-</span> 
     </span>
     <span class='ocr_line' id='line_1_49' title="bbox 1511 1555 2467 1642; baseline 0.013 -24"><span class='ocrx_word' id='word_1_356' title='bbox 1511 1555 1606 1622; x_wconf 89' lang='lat' dir='ltr'>lsaiae</span> <span class='ocrx_word' id='word_1_357' title='bbox 1630 1557 1889 1642; x_wconf 86' lang='lat' dir='ltr'>quinquagesimo</span> <span class='ocrx_word' id='word_1_358' title='bbox 1913 1559 2042 1642; x_wconf 89' lang='lat' dir='ltr'>quinto:</span> <span class='ocrx_word' id='word_1_359' title='bbox 2071 1561 2220 1628; x_wconf 77' lang='lat' dir='ltr'>«Omnes</span> <span class='ocrx_word' id='word_1_360' title='bbox 2251 1563 2390 1630; x_wconf 89' lang='lat' dir='ltr'>sitientes</span> <span class='ocrx_word' id='word_1_361' title='bbox 2415 1583 2467 1630; x_wconf 88' lang='lat' dir='ltr'>ve-</span> 
     </span>
     <span class='ocr_line' id='line_1_50' title="bbox 1511 1661 2466 1754; baseline 0.013 -28"><span class='ocrx_word' id='word_1_362' title='bbox 1511 1661 1575 1726; x_wconf 92' lang='lat' dir='ltr'>nite</span> <span class='ocrx_word' id='word_1_363' title='bbox 1597 1661 1636 1728; x_wconf 92' lang='lat' dir='ltr'>ad</span> <span class='ocrx_word' id='word_1_364' title='bbox 1658 1681 1771 1748; x_wconf 65' lang='lat' dir='ltr'>aquam</span> <span class='ocrx_word' id='word_1_365' title='bbox 1798 1665 1917 1744; x_wconf 88' lang='lat' dir='ltr'>venite,</span> <span class='ocrx_word' id='word_1_366' title='bbox 1940 1665 2033 1732; x_wconf 87' lang='lat' dir='ltr'>ernile</span> <span class='ocrx_word' id='word_1_367' title='bbox 2051 1665 2170 1752; x_wconf 84' lang='lat' dir='ltr'>absque</span> <span class='ocrx_word' id='word_1_368' title='bbox 2189 1677 2318 1754; x_wconf 92' lang='lat' dir='ltr'>argento</span> <span class='ocrx_word' id='word_1_369' title='bbox 2344 1675 2374 1736; x_wconf 92' lang='lat' dir='ltr'>et</span> <span class='ocrx_word' id='word_1_370' title='bbox 2396 1671 2466 1738; x_wconf 91' lang='lat' dir='ltr'>abs-</span> 
     </span>
     <span class='ocr_line' id='line_1_51' title="bbox 1511 1769 2551 1852; baseline 0.01 -18"><span class='ocrx_word' id='word_1_371' title='bbox 1511 1785 1573 1852; x_wconf 89' lang='lat' dir='ltr'>que</span> <span class='ocrx_word' id='word_1_372' title='bbox 1595 1769 1660 1834; x_wconf 91' lang='lat' dir='ltr'>ulla</span> <span class='ocrx_word' id='word_1_373' title='bbox 1685 1771 1928 1838; x_wconf 89' lang='lat' dir='ltr'>commutatione</span> <span class='ocrx_word' id='word_1_374' title='bbox 1943 1771 2051 1838; x_wconf 89' lang='lat' dir='ltr'>vinum</span> <span class='ocrx_word' id='word_1_375' title='bbox 2067 1779 2098 1838; x_wconf 91' lang='lat' dir='ltr'>et</span> <span class='ocrx_word' id='word_1_376' title='bbox 2114 1773 2162 1840; x_wconf 91' lang='lat' dir='ltr'>lac</span> <span class='ocrx_word' id='word_1_377' title='bbox 2178 1801 2206 1838; x_wconf 88' lang='lat'>».</span> <span class='ocrx_word' id='word_1_378' title='bbox 2225 1775 2260 1840; x_wconf 86' lang='lat' dir='ltr'>Et</span> <span class='ocrx_word' id='word_1_379' title='bbox 2276 1775 2388 1842; x_wconf 90' lang='lat' dir='ltr'>modus</span> <span class='ocrx_word' id='word_1_380' title='bbox 2411 1777 2466 1844; x_wconf 93' lang='lat' dir='ltr'>ad·</span> <span class='ocrx_word' id='word_1_381' title='bbox 2550 1769 2551 1772; x_wconf 65' lang='grc'>’</span> 
     </span>
     <span class='ocr_line' id='line_1_52' title="bbox 1511 1873 2463 1962; baseline 0.011 -24"><span class='ocrx_word' id='word_1_382' title='bbox 1511 1873 1651 1940; x_wconf 89' lang='lat' dir='ltr'>veniendi</span> <span class='ocrx_word' id='word_1_383' title='bbox 1678 1875 1884 1954; x_wconf 88' lang='lat' dir='ltr'>describitur,</span> <span class='ocrx_word' id='word_1_384' title='bbox 1900 1877 1976 1962; x_wconf 88' lang='lat' dir='ltr'>quia</span> <span class='ocrx_word' id='word_1_385' title='bbox 1991 1883 2038 1944; x_wconf 88' lang='lat' dir='ltr'>est</span> <span class='ocrx_word' id='word_1_386' title='bbox 2053 1895 2110 1962; x_wconf 95' lang='lat' dir='ltr'>per</span> <span class='ocrx_word' id='word_1_387' title='bbox 2132 1879 2250 1960; x_wconf 74' lang='lat' dir='ltr'>pidem:</span> <span class='ocrx_word' id='word_1_388' title='bbox 2273 1879 2358 1946; x_wconf 90' lang='lat' dir='ltr'>unde</span> <span class='ocrx_word' id='word_1_389' title='bbox 2373 1879 2463 1948; x_wconf 92' lang='lat' dir='ltr'>dicit:</span> 
     </span>
    </p>

    <p class='ocr_par' dir='ltr' id='par_1_16' title="bbox 1509 1979 2466 2258">
     <span class='ocr_line' id='line_1_53' title="bbox 1600 1979 2466 2064; baseline 0.007 -20"><span class='ocrx_word' id='word_1_390' title='bbox 1600 1979 1650 2044; x_wconf 83' lang='lat'>53.</span> <span class='ocrx_word' id='word_1_391' title='bbox 1678 1979 1776 2064; x_wconf 74' lang='lat' dir='ltr'>(Vers.</span> <span class='ocrx_word' id='word_1_392' title='bbox 1804 1981 1880 2062; x_wconf 86' lang='lat'>38.).</span> <span class='ocrx_word' id='word_1_393' title='bbox 1907 1981 1973 2064; x_wconf 82' lang='lat' dir='ltr'>Qui</span> <span class='ocrx_word' id='word_1_394' title='bbox 1995 1981 2096 2048; x_wconf 87' lang='lat' dir='ltr'>credit</span> <span class='ocrx_word' id='word_1_395' title='bbox 2125 1983 2160 2050; x_wconf 89' lang='lat' dir='ltr'>in</span> <span class='ocrx_word' id='word_1_396' title='bbox 2183 2003 2251 2062; x_wconf 91' lang='lat' dir='ltr'>me,</span> <span class='ocrx_word' id='word_1_397' title='bbox 2274 1985 2363 2050; x_wconf 89' lang='lat' dir='ltr'>sicut</span> <span class='ocrx_word' id='word_1_398' title='bbox 2384 1985 2466 2050; x_wconf 87' lang='lat' dir='ltr'>dicit</span> 
     </span>
     <span class='ocr_line' id='line_1_54' title="bbox 1511 2085 2465 2176; baseline 0.007 -24"><span class='ocrx_word' id='word_1_399' title='bbox 1511 2085 1707 2170; x_wconf 86' lang='lat' dir='ltr'>Scriptura,</span> <span class='ocrx_word' id='word_1_400' title='bbox 1731 2085 1875 2172; x_wconf 74' lang='lat' dir='ltr'>litamina</span> <span class='ocrx_word' id='word_1_401' title='bbox 1907 2089 1946 2154; x_wconf 87' lang='lat' dir='ltr'>de</span> <span class='ocrx_word' id='word_1_402' title='bbox 1981 2099 2089 2156; x_wconf 78' lang='lat' dir='ltr'>veretra</span> <span class='ocrx_word' id='word_1_403' title='bbox 2120 2089 2192 2158; x_wconf 81' lang='lat' dir='ltr'>cites</span> <span class='ocrx_word' id='word_1_404' title='bbox 2224 2089 2326 2176; x_wconf 77' lang='lat' dir='ltr'>paene</span> <span class='ocrx_word' id='word_1_405' title='bbox 2358 2109 2465 2176; x_wconf 83' lang='lat' dir='ltr'>upuue</span> 
     </span>
     <span class='ocr_line' id='line_1_55' title="bbox 1509 2191 1612 2258; baseline 0 0"><span class='ocrx_word' id='word_1_406' title='bbox 1509 2191 1612 2258; x_wconf 89' lang='lat' dir='ltr'>uiuae.</span> 
     </span>
    </p>

    <p class='ocr_par' dir='ltr' id='par_1_17' title="bbox 1504 2297 2629 3974">
     <span class='ocr_line' id='line_1_56' title="bbox 1598 2297 2629 2412; baseline 0.007 -50"><span class='ocrx_word' id='word_1_407' title='bbox 1598 2299 1649 2362; x_wconf 89' lang='grc'>51.</span> <span class='ocrx_word' id='word_1_408' title='bbox 1676 2297 1805 2382; x_wconf 86' lang='lat' dir='ltr'>Quaerit</span> <span class='ocrx_word' id='word_1_409' title='bbox 1826 2299 2104 2384; x_wconf 65' lang='lat' dir='ltr'>Chrysostonosss,</span> <span class='ocrx_word' id='word_1_410' title='bbox 2127 2299 2183 2368; x_wconf 93' lang='lat' dir='ltr'>ubi</span> <span class='ocrx_word' id='word_1_411' title='bbox 2217 2301 2276 2368; x_wconf 90' lang='lat' dir='ltr'>boc</span> <span class='ocrx_word' id='word_1_412' title='bbox 2310 2301 2409 2380; x_wconf 89' lang='lat' dir='ltr'>dicat;</span> <span class='ocrx_word' id='word_1_413' title='bbox 2434 2309 2464 2368; x_wconf 91' lang='lat' dir='ltr'>et</span> <span class='ocrx_word' id='word_1_414' title='bbox 2484 2315 2589 2412; x_wconf 67' lang='lat' dir='ltr'>illitis</span> <span class='ocrx_word' id='word_1_415' title='bbox 2590 2317 2629 2412; x_wconf 53' lang='lat'>1132</span> 
     </span>
     <span class='ocr_line' id='line_1_57' title="bbox 1508 2403 2524 2490; baseline 0.007 -20"><span class='ocrx_word' id='word_1_416' title='bbox 1508 2403 1591 2482; x_wconf 90' lang='lat' dir='ltr'>dicit,</span> <span class='ocrx_word' id='word_1_417' title='bbox 1610 2405 1693 2490; x_wconf 86' lang='lat' dir='ltr'>quod</span> <span class='ocrx_word' id='word_1_418' title='bbox 1713 2431 1730 2464; x_wconf 76' lang='lat' dir='ltr'>r</span> <span class='ocrx_word' id='word_1_419' title='bbox 1744 2423 1898 2490; x_wconf 89' lang='lat' dir='ltr'>nusquam</span> <span class='ocrx_word' id='word_1_420' title='bbox 1916 2407 1975 2472; x_wconf 92' lang='lat' dir='ltr'>hoc</span> <span class='ocrx_word' id='word_1_421' title='bbox 1992 2407 2066 2474; x_wconf 88' lang='lat' dir='ltr'>dicit</span> <span class='ocrx_word' id='word_1_422' title='bbox 2077 2435 2109 2488; x_wconf 88' lang='lat'>»,</span> <span class='ocrx_word' id='word_1_423' title='bbox 2125 2409 2164 2474; x_wconf 91' lang='lat' dir='ltr'>ad</span> <span class='ocrx_word' id='word_1_424' title='bbox 2181 2407 2333 2488; x_wconf 87' lang='lat' dir='ltr'>litteram,</span> <span class='ocrx_word' id='word_1_425' title='bbox 2352 2407 2405 2476; x_wconf 89' lang='lat' dir='ltr'>sod</span> <span class='ocrx_word' id='word_1_426' title='bbox 2426 2409 2463 2476; x_wconf 91' lang='lat' dir='ltr'>ad</span> <span class='ocrx_word' id='word_1_427' title='bbox 2484 2425 2524 2464; x_wconf 75' lang='lat' dir='ltr'>tur·</span> 
     </span>
     <span class='ocr_line' id='line_1_58' title="bbox 1508 2509 2462 2600; baseline 0.005 -25"><span class='ocrx_word' id='word_1_428' title='bbox 1508 2509 1715 2590; x_wconf 62' lang='lat' dir='ltr'>intellectuum</span> <span class='ocrx_word' id='word_1_429' title='bbox 1731 2511 1824 2578; x_wconf 90' lang='lat' dir='ltr'>Isaiae</span> <span class='ocrx_word' id='word_1_430' title='bbox 1839 2511 2100 2600; x_wconf 84' lang='lat' dir='ltr'>quinquagesimo</span> <span class='ocrx_word' id='word_1_431' title='bbox 2116 2521 2239 2582; x_wconf 89' lang='lat' dir='ltr'>octavo:</span> <span class='ocrx_word' id='word_1_432' title='bbox 2261 2515 2358 2582; x_wconf 87' lang='lat' dir='ltr'>«Eris</span> <span class='ocrx_word' id='word_1_433' title='bbox 2374 2515 2462 2600; x_wconf 88' lang='lat' dir='ltr'>quasi</span> 
     </span>
     <span class='ocr_line' id='line_1_59' title="bbox 1508 2615 2462 2704; baseline 0.006 -24"><span class='ocrx_word' id='word_1_434' title='bbox 1508 2617 1622 2682; x_wconf 92' lang='lat' dir='ltr'>hortus</span> <span class='ocrx_word' id='word_1_435' title='bbox 1643 2615 1783 2702; x_wconf 85' lang='lat' dir='ltr'>irriguus</span> <span class='ocrx_word' id='word_1_436' title='bbox 1818 2625 1848 2684; x_wconf 92' lang='lat' dir='ltr'>et</span> <span class='ocrx_word' id='word_1_437' title='bbox 1880 2619 1969 2702; x_wconf 89' lang='lat' dir='ltr'>quasi</span> <span class='ocrx_word' id='word_1_438' title='bbox 1993 2619 2061 2686; x_wconf 90' lang='lat' dir='ltr'>lons</span> <span class='ocrx_word' id='word_1_439' title='bbox 2082 2639 2256 2704; x_wconf 89' lang='lat' dir='ltr'>aquarum,</span> <span class='ocrx_word' id='word_1_440' title='bbox 2280 2621 2372 2688; x_wconf 92' lang='lat' dir='ltr'>cuius</span> <span class='ocrx_word' id='word_1_441' title='bbox 2399 2639 2462 2686; x_wconf 90' lang='lat' dir='ltr'>non</span> 
     </span>
     <span class='ocr_line' id='line_1_60' title="bbox 1508 2723 2460 2812; baseline 0.004 -22"><span class='ocrx_word' id='word_1_442' title='bbox 1508 2723 1651 2790; x_wconf 85' lang='lat' dir='ltr'>deficient</span> <span class='ocrx_word' id='word_1_443' title='bbox 1686 2741 1785 2808; x_wconf 89' lang='lat' dir='ltr'>aquae</span> <span class='ocrx_word' id='word_1_444' title='bbox 1802 2749 1831 2804; x_wconf 78' lang='lat'>»3</span> <span class='ocrx_word' id='word_1_445' title='bbox 1856 2725 2098 2792; x_wconf 89' lang='lat' dir='ltr'>Proverbiorum</span> <span class='ocrx_word' id='word_1_446' title='bbox 2129 2727 2262 2812; x_wconf 79' lang='lat' dir='ltr'>qutnt0⁹</span> <span class='ocrx_word' id='word_1_447' title='bbox 2288 2727 2460 2794; x_wconf 90' lang='lat' dir='ltr'>secundum</span> 
     </span>
     <span class='ocr_line' id='line_1_61' title="bbox 1507 2827 2460 2912; baseline 0.002 -16"><span class='ocrx_word' id='word_1_448' title='bbox 1507 2827 1597 2896; x_wconf 90' lang='lat' dir='ltr'>aliam</span> <span class='ocrx_word' id='word_1_449' title='bbox 1635 2829 1885 2896; x_wconf 89' lang='lat' dir='ltr'>translationem:</span> <span class='ocrx_word' id='word_1_450' title='bbox 1915 2857 1931 2890; x_wconf 74' lang='grc' dir='ltr'><em>α</em></span> <span class='ocrx_word' id='word_1_451' title='bbox 1946 2831 2135 2896; x_wconf 89' lang='lat' dir='ltr'>Deriventur</span> <span class='ocrx_word' id='word_1_452' title='bbox 2164 2833 2262 2900; x_wconf 87' lang='lat' dir='ltr'>fontes</span> <span class='ocrx_word' id='word_1_453' title='bbox 2292 2833 2460 2912; x_wconf 86' lang='lat' dir='ltr'>luituras,</span> 
     </span>
     <span class='ocr_line' id='line_1_62' title="bbox 1507 2935 2459 3022; baseline 0.003 -21"><span class='ocrx_word' id='word_1_454' title='bbox 1507 2941 1537 3002; x_wconf 93' lang='lat' dir='ltr'>et</span> <span class='ocrx_word' id='word_1_455' title='bbox 1561 2935 1590 3000; x_wconf 91' lang='lat' dir='ltr'>lo</span> <span class='ocrx_word' id='word_1_456' title='bbox 1616 2935 1725 3020; x_wconf 88' lang='lat' dir='ltr'>plateis</span> <span class='ocrx_word' id='word_1_457' title='bbox 1750 2953 1847 3020; x_wconf 87' lang='lat' dir='ltr'>aquas</span> <span class='ocrx_word' id='word_1_458' title='bbox 1871 2941 1941 3002; x_wconf 90' lang='lat' dir='ltr'>tuas</span> <span class='ocrx_word' id='word_1_459' title='bbox 1968 2935 2070 3004; x_wconf 87' lang='lat' dir='ltr'>divide</span> <span class='ocrx_word' id='word_1_460' title='bbox 2086 2963 2117 3002; x_wconf 84' lang='grc'>».</span> <span class='ocrx_word' id='word_1_461' title='bbox 2144 2937 2179 3004; x_wconf 83' lang='lat' dir='ltr'>st</span> <span class='ocrx_word' id='word_1_462' title='bbox 2201 2937 2275 3004; x_wconf 90' lang='lat' dir='ltr'>dicit</span> <span class='ocrx_word' id='word_1_463' title='bbox 2298 2937 2459 3022; x_wconf 73' lang='lat' dir='ltr'>tuncino,</span> 
     </span>
     <span class='ocr_line' id='line_1_63' title="bbox 1507 3039 2458 3128; baseline 0.002 -20"><span class='ocrx_word' id='word_1_464' title='bbox 1507 3039 1580 3126; x_wconf 82' lang='lat' dir='ltr'>quia</span> <span class='ocrx_word' id='word_1_465' title='bbox 1601 3039 1725 3124; x_wconf 73' lang='lat' dir='ltr'>damen</span> <span class='ocrx_word' id='word_1_466' title='bbox 1748 3041 1822 3106; x_wconf 91' lang='lat' dir='ltr'>dicit</span> <span class='ocrx_word' id='word_1_467' title='bbox 1844 3041 2066 3108; x_wconf 88' lang='lat' dir='ltr'>abundantiam</span> <span class='ocrx_word' id='word_1_468' title='bbox 2090 3049 2122 3108; x_wconf 91' lang='lat' dir='ltr'>et</span> <span class='ocrx_word' id='word_1_469' title='bbox 2144 3043 2310 3128; x_wconf 90' lang='lat' dir='ltr'>impeturn,</span> <span class='ocrx_word' id='word_1_470' title='bbox 2334 3049 2367 3110; x_wconf 89' lang='lat' dir='ltr'>et</span> <span class='ocrx_word' id='word_1_471' title='bbox 2388 3045 2458 3128; x_wconf 85' lang='lat' dir='ltr'>plu·</span> 
     </span>
     <span class='ocr_line' id='line_1_64' title="bbox 1506 3145 2461 3230; baseline 0.004 -18"><span class='ocrx_word' id='word_1_472' title='bbox 1506 3145 1614 3212; x_wconf 85' lang='grc'><strong>1111111</strong></span> <span class='ocrx_word' id='word_1_473' title='bbox 1631 3145 1712 3212; x_wconf 89' lang='lat' dir='ltr'>dicit.</span> <span class='ocrx_word' id='word_1_474' title='bbox 1731 3147 1817 3214; x_wconf 88' lang='lat' dir='ltr'>Unde</span> <span class='ocrx_word' id='word_1_475' title='bbox 1832 3145 2074 3230; x_wconf 83' lang='lat' dir='ltr'>Chrysostomus</span> <span class='ocrx_word' id='word_1_476' title='bbox 2087 3149 2131 3214; x_wconf 82' lang='lat' dir='ltr'>lo:</span> <span class='ocrx_word' id='word_1_477' title='bbox 2153 3147 2311 3216; x_wconf 77' lang='lat' dir='ltr'>«Videbis</span> <span class='ocrx_word' id='word_1_478' title='bbox 2333 3149 2461 3216; x_wconf 90' lang='lat' dir='ltr'>manile-</span> 
     </span>
     <span class='ocr_line' id='line_1_65' title="bbox 1506 3253 2460 3340; baseline 0.003 -21"><span class='ocrx_word' id='word_1_479' title='bbox 1506 3259 1552 3320; x_wconf 88' lang='lat' dir='ltr'>ste</span> <span class='ocrx_word' id='word_1_480' title='bbox 1575 3253 1741 3338; x_wconf 88' lang='lat' dir='ltr'>impletum</span> <span class='ocrx_word' id='word_1_481' title='bbox 1774 3253 1859 3338; x_wconf 88' lang='lat' dir='ltr'>qnod</span> <span class='ocrx_word' id='word_1_482' title='bbox 1892 3253 2024 3332; x_wconf 89' lang='lat' dir='ltr'>dicitur,</span> <span class='ocrx_word' id='word_1_483' title='bbox 2050 3253 2072 3320; x_wconf 92' lang='lat' dir='ltr'>si</span> <span class='ocrx_word' id='word_1_484' title='bbox 2098 3253 2136 3320; x_wconf 91' lang='lat' dir='ltr'>ad</span> <span class='ocrx_word' id='word_1_485' title='bbox 2169 3255 2314 3340; x_wconf 89' lang='lat' dir='ltr'>Stephani</span> <span class='ocrx_word' id='word_1_486' title='bbox 2339 3255 2460 3340; x_wconf 89' lang='lat' dir='ltr'>sapien-</span> 
     </span>
     <span class='ocr_line' id='line_1_66' title="bbox 1506 3359 2460 3444; baseline 0.004 -20"><span class='ocrx_word' id='word_1_487' title='bbox 1506 3359 1596 3438; x_wconf 89' lang='lat' dir='ltr'>tiam,</span> <span class='ocrx_word' id='word_1_488' title='bbox 1623 3359 1646 3426; x_wconf 90' lang='lat' dir='ltr'>si</span> <span class='ocrx_word' id='word_1_489' title='bbox 1670 3360 1709 3426; x_wconf 92' lang='lat' dir='ltr'>ad</span> <span class='ocrx_word' id='word_1_490' title='bbox 1733 3359 1814 3426; x_wconf 89' lang='lat' dir='ltr'>Petri</span> <span class='ocrx_word' id='word_1_491' title='bbox 1838 3361 1995 3444; x_wconf 87' lang='lat' dir='ltr'>linguam,</span> <span class='ocrx_word' id='word_1_492' title='bbox 2018 3361 2044 3426; x_wconf 90' lang='lat' dir='ltr'>si</span> <span class='ocrx_word' id='word_1_493' title='bbox 2068 3361 2106 3426; x_wconf 89' lang='lat' dir='ltr'>ad</span> <span class='ocrx_word' id='word_1_494' title='bbox 2134 3361 2218 3428; x_wconf 87' lang='lat' dir='ltr'>Pauli</span> <span class='ocrx_word' id='word_1_495' title='bbox 2253 3379 2383 3428; x_wconf 92' lang='lat' dir='ltr'>cursum</span> <span class='ocrx_word' id='word_1_496' title='bbox 2414 3361 2460 3428; x_wconf 91' lang='lat' dir='ltr'>in-</span> 
     </span>
     <span class='ocr_line' id='line_1_67' title="bbox 1505 3465 2459 3552; baseline 0 -20"><span class='ocrx_word' id='word_1_497' title='bbox 1505 3465 1664 3550; x_wconf 67' lang='lat' dir='ltr'>spexerim</span> <span class='ocrx_word' id='word_1_498' title='bbox 1690 3465 1766 3532; x_wconf 92' lang='lat' dir='ltr'>nibil</span> <span class='ocrx_word' id='word_1_499' title='bbox 1790 3465 1872 3532; x_wconf 88' lang='lat' dir='ltr'>euim</span> <span class='ocrx_word' id='word_1_500' title='bbox 1896 3467 1941 3532; x_wconf 91' lang='lat' dir='ltr'>eis</span> <span class='ocrx_word' id='word_1_501' title='bbox 1964 3465 2142 3544; x_wconf 84' lang='lat' dir='ltr'>resistebat,</span> <span class='ocrx_word' id='word_1_502' title='bbox 2168 3485 2224 3534; x_wconf 92' lang='lat' dir='ltr'>nec</span> <span class='ocrx_word' id='word_1_503' title='bbox 2248 3467 2348 3552; x_wconf 91' lang='lat' dir='ltr'>plebis</span> <span class='ocrx_word' id='word_1_504' title='bbox 2371 3467 2459 3534; x_wconf 92' lang='lat' dir='ltr'>luror</span> 
     </span>
     <span class='ocr_line' id='line_1_68' title="bbox 1505 3571 2460 3656; baseline 0.004 -20"><span class='ocrx_word' id='word_1_505' title='bbox 1505 3589 1562 3638; x_wconf 92' lang='lat' dir='ltr'>nec</span> <span class='ocrx_word' id='word_1_506' title='bbox 1585 3577 1791 3656; x_wconf 89' lang='lat' dir='ltr'>tyrannorum</span> <span class='ocrx_word' id='word_1_507' title='bbox 1818 3571 2084 3640; x_wconf 85' lang='lat' dir='ltr'>insurrectiones</span> <span class='ocrx_word' id='word_1_508' title='bbox 2117 3573 2305 3640; x_wconf 90' lang='lat' dir='ltr'>daemonum</span> <span class='ocrx_word' id='word_1_509' title='bbox 2331 3573 2460 3640; x_wconf 89' lang='lat' dir='ltr'>insidiae</span> 
     </span>
     <span class='ocr_line' id='line_1_69' title="bbox 1505 3677 2460 3760; baseline 0 -18"><span class='ocrx_word' id='word_1_510' title='bbox 1505 3695 1562 3742; x_wconf 91' lang='lat' dir='ltr'>nec</span> <span class='ocrx_word' id='word_1_511' title='bbox 1592 3683 1708 3742; x_wconf 88' lang='lat' dir='ltr'>rnortes</span> <span class='ocrx_word' id='word_1_512' title='bbox 1744 3677 1957 3760; x_wconf 68' lang='lat' dir='ltr'>quotidianam</span> <span class='ocrx_word' id='word_1_513' title='bbox 1992 3679 2045 3742; x_wconf 90' lang='lat' dir='ltr'>sed</span> <span class='ocrx_word' id='word_1_514' title='bbox 2079 3677 2162 3742; x_wconf 91' lang='lat' dir='ltr'>sicut</span> <span class='ocrx_word' id='word_1_515' title='bbox 2195 3677 2325 3744; x_wconf 90' lang='lat' dir='ltr'>llumina</span> <span class='ocrx_word' id='word_1_516' title='bbox 2357 3679 2460 3744; x_wconf 89' lang='lat' dir='ltr'>omnia</span> 
     </span>
     <span class='ocr_line' id='line_1_70' title="bbox 1505 3773 2456 3868; baseline 0 -20"><span class='ocrx_word' id='word_1_517' title='bbox 1505 3799 1611 3848; x_wconf 89' lang='lat' dir='ltr'>secum</span> <span class='ocrx_word' id='word_1_518' title='bbox 1635 3781 1795 3848; x_wconf 89' lang='lat' dir='ltr'>trabentes</span> <span class='ocrx_word' id='word_1_519' title='bbox 1818 3773 1945 3848; x_wconf 90' lang='lat' dir='ltr'>abibant</span> <span class='ocrx_word' id='word_1_520' title='bbox 1960 3807 1992 3846; x_wconf 75' lang='grc'>1.</span> <span class='ocrx_word' id='word_1_521' title='bbox 2009 3781 2045 3848; x_wconf 81' lang='grc'>111</span> <span class='ocrx_word' id='word_1_522' title='bbox 2061 3783 2217 3866; x_wconf 87' lang='lat' dir='ltr'>quiahoc</span> <span class='ocrx_word' id='word_1_523' title='bbox 2242 3781 2456 3868; x_wconf 84' lang='lat' dir='ltr'>spiritualiter,</span> 
     </span>
     <span class='ocr_line' id='line_1_71' title="bbox 1504 3887 2456 3974; baseline 0 -22"><span class='ocrx_word' id='word_1_524' title='bbox 1504 3905 1566 3952; x_wconf 92' lang='lat' dir='ltr'>oon</span> <span class='ocrx_word' id='word_1_525' title='bbox 1589 3887 1756 3952; x_wconf 88' lang='lat' dir='ltr'>carnaliter</span> <span class='ocrx_word' id='word_1_526' title='bbox 1778 3893 1846 3954; x_wconf 91' lang='lat' dir='ltr'>erat</span> <span class='ocrx_word' id='word_1_527' title='bbox 1862 3887 1999 3968; x_wconf 84' lang='lat' dir='ltr'>dietum,</span> <span class='ocrx_word' id='word_1_528' title='bbox 2015 3887 2085 3954; x_wconf 91' lang='lat' dir='ltr'>ideo</span> <span class='ocrx_word' id='word_1_529' title='bbox 2101 3887 2232 3972; x_wconf 78' lang='lat' dir='ltr'>exponit</span> <span class='ocrx_word' id='word_1_530' title='bbox 2249 3889 2456 3974; x_wconf 86' lang='lat' dir='ltr'>Evangelista:</span> 
     </span>
    </p>
   </div>
   <div class='ocr_carea' id='block_1_11' title="bbox 1503 4197 2458 4786">
    <p class='ocr_par' dir='ltr' id='par_1_18' title="bbox 1503 4197 2458 4786">
     <span class='ocr_line' id='line_1_72' title="bbox 1504 4197 2458 4270; baseline -0.003 -15"><span class='ocrx_word' id='word_1_531' title='bbox 1504 4199 1668 4270; x_wconf 84' lang='lat' dir='ltr'>Scriptura?</span> <span class='ocrx_word' id='word_1_532' title='bbox 1681 4201 1727 4252; x_wconf 89' lang='lat' dir='ltr'>llic</span> <span class='ocrx_word' id='word_1_533' title='bbox 1748 4201 1986 4264; x_wconf 80' lang='lat' dir='ltr'>interpungendum</span> <span class='ocrx_word' id='word_1_534' title='bbox 2004 4203 2056 4264; x_wconf 90' lang='lat' dir='ltr'>est,</span> <span class='ocrx_word' id='word_1_535' title='bbox 2074 4201 2190 4252; x_wconf 91' lang='lat' dir='ltr'>utillud:</span> <span class='ocrx_word' id='word_1_536' title='bbox 2204 4197 2331 4252; x_wconf 87' lang='lat' dir='ltr'>Flumina</span> <span class='ocrx_word' id='word_1_537' title='bbox 2351 4197 2382 4252; x_wconf 87' lang='lat' dir='ltr'>de</span> <span class='ocrx_word' id='word_1_538' title='bbox 2399 4213 2458 4252; x_wconf 84' lang='lat' dir='ltr'>uerr-</span> 
     </span>
     <span class='ocr_line' id='line_1_73' title="bbox 1504 4273 2457 4356; baseline -0.004 -13"><span class='ocrx_word' id='word_1_539' title='bbox 1504 4289 1544 4344; x_wconf 74' lang='grc'>111</span> <span class='ocrx_word' id='word_1_540' title='bbox 1556 4287 1613 4342; x_wconf 88' lang='lat' dir='ltr'>eius</span> <span class='ocrx_word' id='word_1_541' title='bbox 1626 4287 1722 4356; x_wconf 75' lang='lat' dir='ltr'>fluent,</span> <span class='ocrx_word' id='word_1_542' title='bbox 1743 4289 1774 4342; x_wconf 90' lang='lat' dir='ltr'>sit</span> <span class='ocrx_word' id='word_1_543' title='bbox 1793 4287 1886 4342; x_wconf 89' lang='lat' dir='ltr'>Christi</span> <span class='ocrx_word' id='word_1_544' title='bbox 1901 4273 2034 4340; x_wconf 76' lang='lat' dir='ltr'>sententia.</span> <span class='ocrx_word' id='word_1_545' title='bbox 2048 4289 2218 4354; x_wconf 88' lang='lat' dir='ltr'>-Sequitur</span> <span class='ocrx_word' id='word_1_546' title='bbox 2238 4287 2355 4354; x_wconf 78' lang='grc'><strong>111158,</strong></span> <span class='ocrx_word' id='word_1_547' title='bbox 2370 4289 2412 4340; x_wconf 92' lang='grc'>11.</span> <span class='ocrx_word' id='word_1_548' title='bbox 2424 4315 2457 4326; x_wconf 89' lang='lat'><em>-</em></span> 
     </span>
     <span class='ocr_line' id='line_1_74' title="bbox 1504 4373 2458 4444; baseline -0.003 -14"><span class='ocrx_word' id='word_1_549' title='bbox 1504 4377 1550 4430; x_wconf 83' lang='lat' dir='ltr'>Ed.</span> <span class='ocrx_word' id='word_1_550' title='bbox 1569 4377 1645 4444; x_wconf 84' lang='lat' dir='ltr'>legit:</span> <span class='ocrx_word' id='word_1_551' title='bbox 1664 4377 1701 4432; x_wconf 85' lang='lat' dir='ltr'>Et</span> <span class='ocrx_word' id='word_1_552' title='bbox 1716 4375 1792 4442; x_wconf 89' lang='lat' dir='ltr'>dicit,</span> <span class='ocrx_word' id='word_1_553' title='bbox 1816 4375 1887 4444; x_wconf 79' lang='lat' dir='ltr'>prend</span> <span class='ocrx_word' id='word_1_554' title='bbox 1910 4389 2064 4444; x_wconf 74' lang='grc'><strong>11111111,-</strong></span> <span class='ocrx_word' id='word_1_555' title='bbox 2082 4379 2107 4430; x_wconf 94' lang='lat' dir='ltr'>et</span> <span class='ocrx_word' id='word_1_556' title='bbox 2127 4375 2187 4430; x_wconf 84' lang='lat' dir='ltr'>ideo</span> <span class='ocrx_word' id='word_1_557' title='bbox 2210 4375 2250 4430; x_wconf 88' lang='lat' dir='ltr'>sic</span> <span class='ocrx_word' id='word_1_558' title='bbox 2273 4373 2348 4430; x_wconf 83' lang='lat' dir='ltr'>debet</span> <span class='ocrx_word' id='word_1_559' title='bbox 2369 4373 2458 4428; x_wconf 82' lang='grc'><strong>11111111-</strong></span> 
     </span>
     <span class='ocr_line' id='line_1_75' title="bbox 1503 4457 2457 4534; baseline -0.004 -14"><span class='ocrx_word' id='word_1_560' title='bbox 1503 4465 1609 4534; x_wconf 75' lang='lat' dir='ltr'>stingui</span> <span class='ocrx_word' id='word_1_561' title='bbox 1623 4465 1770 4520; x_wconf 89' lang='lat' dir='ltr'>secundum</span> <span class='ocrx_word' id='word_1_562' title='bbox 1789 4465 1893 4534; x_wconf 78' lang='lat' dir='ltr'>ipsam:</span> <span class='ocrx_word' id='word_1_563' title='bbox 1913 4465 1962 4532; x_wconf 86' lang='lat' dir='ltr'>Qui</span> <span class='ocrx_word' id='word_1_564' title='bbox 1982 4465 2065 4518; x_wconf 87' lang='lat' dir='ltr'>credit</span> <span class='ocrx_word' id='word_1_565' title='bbox 2088 4457 2116 4516; x_wconf 89' lang='lat' dir='ltr'>in</span> <span class='ocrx_word' id='word_1_566' title='bbox 2139 4479 2197 4528; x_wconf 88' lang='lat' dir='ltr'>me,</span> <span class='ocrx_word' id='word_1_567' title='bbox 2215 4465 2282 4516; x_wconf 88' lang='lat' dir='ltr'>sicut</span> <span class='ocrx_word' id='word_1_568' title='bbox 2307 4465 2370 4518; x_wconf 91' lang='lat' dir='ltr'>dicit</span> <span class='ocrx_word' id='word_1_569' title='bbox 2392 4463 2457 4516; x_wconf 90' lang='lat' dir='ltr'>Scri·</span> 
     </span>
     <span class='ocr_line' id='line_1_76' title="bbox 1503 4553 2457 4622; baseline -0.001 -16"><span class='ocrx_word' id='word_1_570' title='bbox 1503 4559 1593 4622; x_wconf 89' lang='lat' dir='ltr'>ptura,</span> <span class='ocrx_word' id='word_1_571' title='bbox 1613 4567 1699 4622; x_wconf 86' lang='lat' dir='ltr'>supra</span> <span class='ocrx_word' id='word_1_572' title='bbox 1718 4553 1759 4622; x_wconf 89' lang='grc'>[5,</span> <span class='ocrx_word' id='word_1_573' title='bbox 1779 4553 1851 4622; x_wconf 84' lang='lat'>39.]:</span> <span class='ocrx_word' id='word_1_574' title='bbox 1872 4555 2027 4607; x_wconf 88' lang='lat' dir='ltr'>Scrutamini</span> <span class='ocrx_word' id='word_1_575' title='bbox 2055 4555 2214 4618; x_wconf 87' lang='lat' dir='ltr'>Scripturas,</span> <span class='ocrx_word' id='word_1_576' title='bbox 2234 4555 2290 4606; x_wconf 87' lang='lat' dir='ltr'>illae</span> <span class='ocrx_word' id='word_1_577' title='bbox 2309 4561 2370 4606; x_wconf 90' lang='lat' dir='ltr'>sunt</span> <span class='ocrx_word' id='word_1_578' title='bbox 2387 4567 2457 4620; x_wconf 83' lang='lat' dir='ltr'>quae</span> 
     </span>
     <span class='ocr_line' id='line_1_77' title="bbox 1503 4639 2457 4710; baseline -0.004 -14"><span class='ocrx_word' id='word_1_579' title='bbox 1503 4645 1680 4696; x_wconf 88' lang='lat' dir='ltr'>testimonium</span> <span class='ocrx_word' id='word_1_580' title='bbox 1699 4639 1838 4708; x_wconf 88' lang='lat' dir='ltr'>perhibent</span> <span class='ocrx_word' id='word_1_581' title='bbox 1856 4643 1890 4696; x_wconf 90' lang='lat' dir='ltr'>de</span> <span class='ocrx_word' id='word_1_582' title='bbox 1907 4655 1951 4694; x_wconf 89' lang='lat' dir='ltr'>me</span> <span class='ocrx_word' id='word_1_583' title='bbox 1959 4661 1967 4706; x_wconf 90' lang='lat'>;</span> <span class='ocrx_word' id='word_1_584' title='bbox 1981 4645 2005 4696; x_wconf 92' lang='lat' dir='ltr'>el</span> <span class='ocrx_word' id='word_1_585' title='bbox 2018 4645 2114 4710; x_wconf 84' lang='lat' dir='ltr'>postea</span> <span class='ocrx_word' id='word_1_586' title='bbox 2130 4639 2326 4710; x_wconf 79' lang='lat' dir='ltr'>subsequatur:</span> <span class='ocrx_word' id='word_1_587' title='bbox 2339 4641 2457 4696; x_wconf 86' lang='lat' dir='ltr'>Flumina</span> 
     </span>
     <span class='ocr_line' id='line_1_78' title="bbox 1503 4729 2458 4786; baseline -0.004 0"><span class='ocrx_word' id='word_1_588' title='bbox 1503 4733 1536 4786; x_wconf 89' lang='lat' dir='ltr'>de</span> <span class='ocrx_word' id='word_1_589' title='bbox 1555 4737 1645 4786; x_wconf 88' lang='lat' dir='ltr'>ventre</span> <span class='ocrx_word' id='word_1_590' title='bbox 1664 4737 1711 4784; x_wconf 88' lang='lat' dir='ltr'>etc.</span> <span class='ocrx_word' id='word_1_591' title='bbox 1737 4729 1782 4786; x_wconf 91' lang='lat' dir='ltr'>Vel</span> <span class='ocrx_word' id='word_1_592' title='bbox 1805 4729 1953 4786; x_wconf 87' lang='lat' dir='ltr'>secundum</span> <span class='ocrx_word' id='word_1_593' title='bbox 1978 4729 2063 4784; x_wconf 89' lang='lat' dir='ltr'>aliam</span> <span class='ocrx_word' id='word_1_594' title='bbox 2086 4729 2291 4784; x_wconf 81' lang='lat' dir='ltr'>translationem</span> <span class='ocrx_word' id='word_1_595' title='bbox 2315 4729 2366 4784; x_wconf 89' lang='lat' dir='ltr'>boc</span> <span class='ocrx_word' id='word_1_596' title='bbox 2386 4729 2458 4784; x_wconf 88' lang='lat' dir='ltr'>Scri·</span> 
     </span>
    </p>
   </div>
   <div class='ocr_carea' id='block_1_12' title="bbox 552 4807 2457 4890">
    <p class='ocr_par' dir='ltr' id='par_1_19' title="bbox 552 4807 2457 4890">
     <span class='ocr_line' id='line_1_79' title="bbox 552 4807 2457 4890; baseline -0.002 -16"><span class='ocrx_word' id='word_1_597' title='bbox 552 4819 565 4850; x_wconf 60' lang='grc'>4</span> <span class='ocrx_word' id='word_1_598' title='bbox 585 4823 611 4874; x_wconf 87' lang='grc'>11</span> <span class='ocrx_word' id='word_1_599' title='bbox 632 4825 702 4876; x_wconf 90' lang='lat' dir='ltr'>loan.</span> <span class='ocrx_word' id='word_1_600' title='bbox 720 4823 819 4886; x_wconf 70' lang='lat' dir='ltr'>Etraug.</span> <span class='ocrx_word' id='word_1_601' title='bbox 840 4827 869 4872; x_wconf 92' lang='lat' dir='ltr'>tr.</span> <span class='ocrx_word' id='word_1_602' title='bbox 890 4823 976 4882; x_wconf 68' lang='grc'><strong>311.</strong></span> <span class='ocrx_word' id='word_1_603' title='bbox 999 4821 1045 4874; x_wconf 80' lang='lat' dir='ltr'>lo:</span> <span class='ocrx_word' id='word_1_604' title='bbox 1065 4823 1121 4874; x_wconf 90' lang='lat' dir='ltr'>Non</span> <span class='ocrx_word' id='word_1_605' title='bbox 1138 4821 1208 4874; x_wconf 88' lang='lat' dir='ltr'>enirn</span> <span class='ocrx_word' id='word_1_606' title='bbox 1226 4819 1341 4874; x_wconf 88' lang='lat' dir='ltr'>sciebant</span> <span class='ocrx_word' id='word_1_607' title='bbox 1366 4807 1440 4888; x_wconf 84' lang='lat' dir='ltr'>quod</span> <span class='ocrx_word' id='word_1_608' title='bbox 1498 4825 1584 4890; x_wconf 88' lang='lat' dir='ltr'>ptura</span> <span class='ocrx_word' id='word_1_609' title='bbox 1596 4833 1734 4888; x_wconf 82' lang='lat' dir='ltr'>rtuspcmm</span> <span class='ocrx_word' id='word_1_610' title='bbox 1749 4819 1812 4874; x_wconf 87' lang='lat' dir='ltr'>dicit</span> <span class='ocrx_word' id='word_1_611' title='bbox 1823 4819 1860 4872; x_wconf 88' lang='lat' dir='ltr'>ad</span> <span class='ocrx_word' id='word_1_612' title='bbox 1872 4819 2003 4886; x_wconf 81' lang='lat' dir='ltr'>litteram,</span> <span class='ocrx_word' id='word_1_613' title='bbox 2015 4819 2062 4872; x_wconf 88' lang='lat' dir='ltr'>sed</span> <span class='ocrx_word' id='word_1_614' title='bbox 2075 4819 2112 4872; x_wconf 86' lang='lat' dir='ltr'>ad</span> <span class='ocrx_word' id='word_1_615' title='bbox 2129 4817 2331 4888; x_wconf 81' lang='lat' dir='ltr'>intelligentiam</span> <span class='ocrx_word' id='word_1_616' title='bbox 2352 4819 2397 4888; x_wconf 89' lang='grc'><strong>[111</strong></span> <span class='ocrx_word' id='word_1_617' title='bbox 2420 4819 2457 4870; x_wconf 88' lang='lat' dir='ltr'>ln-</span> 
     </span>
    </p>
   </div>
   <div class='ocr_carea' id='block_1_13' title="bbox 474 4909 1439 6924">
    <p class='ocr_par' dir='ltr' id='par_1_20' title="bbox 479 4909 1439 5600">
     <span class='ocr_line' id='line_1_80' title="bbox 479 4909 1439 4978; baseline -0.002 -14"><span class='ocrx_word' id='word_1_618' title='bbox 479 4911 614 4974; x_wconf 87' lang='lat' dir='ltr'>dixeruut,</span> <span class='ocrx_word' id='word_1_619' title='bbox 635 4911 681 4962; x_wconf 86' lang='lat' dir='ltr'>sed</span> <span class='ocrx_word' id='word_1_620' title='bbox 701 4911 763 4978; x_wconf 87' lang='lat' dir='ltr'>quia</span> <span class='ocrx_word' id='word_1_621' title='bbox 781 4909 822 4964; x_wconf 90' lang='lat' dir='ltr'>ille</span> <span class='ocrx_word' id='word_1_622' title='bbox 834 4910 928 4974; x_wconf 89' lang='lat' dir='ltr'>voluit,</span> <span class='ocrx_word' id='word_1_623' title='bbox 942 4915 1173 4976; x_wconf 87' lang='lat' dir='ltr'>prophetaverunt.</span> <span class='ocrx_word' id='word_1_624' title='bbox 1192 4913 1275 4962; x_wconf 91' lang='lat' dir='ltr'>lturus</span> <span class='ocrx_word' id='word_1_625' title='bbox 1292 4909 1364 4962; x_wconf 88' lang='lat' dir='ltr'>enim</span> <span class='ocrx_word' id='word_1_626' title='bbox 1384 4915 1439 4962; x_wconf 88' lang='lat' dir='ltr'>erat</span> 
     </span>
     <span class='ocr_line' id='line_1_81' title="bbox 479 4995 1437 5066; baseline -0.002 -14"><span class='ocrx_word' id='word_1_627' title='bbox 479 4995 606 5052; x_wconf 90' lang='lat' dir='ltr'>Dominus</span> <span class='ocrx_word' id='word_1_628' title='bbox 633 4999 666 5050; x_wconf 88' lang='lat' dir='ltr'>ad</span> <span class='ocrx_word' id='word_1_629' title='bbox 692 5005 795 5064; x_wconf 88' lang='lat' dir='ltr'>gentes,</span> <span class='ocrx_word' id='word_1_630' title='bbox 817 5015 867 5050; x_wconf 92' lang='lat' dir='ltr'>nou</span> <span class='ocrx_word' id='word_1_631' title='bbox 893 4999 1038 5066; x_wconf 86' lang='lat' dir='ltr'>praesentia</span> <span class='ocrx_word' id='word_1_632' title='bbox 1066 4999 1182 5064; x_wconf 91' lang='lat' dir='ltr'>corporis</span> <span class='ocrx_word' id='word_1_633' title='bbox 1208 4999 1261 5062; x_wconf 90' lang='lat' dir='ltr'>sui,</span> <span class='ocrx_word' id='word_1_634' title='bbox 1280 4999 1327 5052; x_wconf 91' lang='lat' dir='ltr'>sed</span> <span class='ocrx_word' id='word_1_635' title='bbox 1348 5003 1437 5050; x_wconf 87' lang='lat' dir='ltr'>tamen</span> 
     </span>
     <span class='ocr_line' id='line_1_82' title="bbox 480 5077 1438 5154; baseline -0.001 -16"><span class='ocrx_word' id='word_1_636' title='bbox 480 5087 595 5152; x_wconf 88' lang='lat' dir='ltr'>pedibus</span> <span class='ocrx_word' id='word_1_637' title='bbox 620 5087 682 5140; x_wconf 83' lang='lat' dir='ltr'>suls.</span> <span class='ocrx_word' id='word_1_638' title='bbox 707 5089 757 5154; x_wconf 85' lang='lat' dir='ltr'>Qui</span> <span class='ocrx_word' id='word_1_639' title='bbox 779 5093 852 5140; x_wconf 91' lang='lat' dir='ltr'>erant</span> <span class='ocrx_word' id='word_1_640' title='bbox 876 5089 958 5152; x_wconf 89' lang='lat' dir='ltr'>pedes</span> <span class='ocrx_word' id='word_1_641' title='bbox 980 5089 1056 5140; x_wconf 83' lang='lat' dir='ltr'>elusi</span> <span class='ocrx_word' id='word_1_642' title='bbox 1082 5089 1152 5152; x_wconf 81' lang='lat' dir='ltr'>Quos</span> <span class='ocrx_word' id='word_1_643' title='bbox 1177 5089 1260 5152; x_wconf 88' lang='lat' dir='ltr'>pedes</span> <span class='ocrx_word' id='word_1_644' title='bbox 1283 5077 1438 5140; x_wconf 89' lang='lat' dir='ltr'>conculcare</span> 
     </span>
     <span class='ocr_line' id='line_1_83' title="bbox 480 5173 1438 5242; baseline -0.001 -16"><span class='ocrx_word' id='word_1_645' title='bbox 480 5173 587 5228; x_wconf 89' lang='lat' dir='ltr'>volebat</span> <span class='ocrx_word' id='word_1_646' title='bbox 604 5175 787 5242; x_wconf 86' lang='lat' dir='ltr'>persequendo</span> <span class='ocrx_word' id='word_1_647' title='bbox 808 5175 927 5228; x_wconf 84' lang='lat' dir='ltr'>Saulus..</span> <span class='ocrx_word' id='word_1_648' title='bbox 947 5177 1001 5228; x_wconf 91' lang='lat' dir='ltr'>Hoc</span> <span class='ocrx_word' id='word_1_649' title='bbox 1019 5189 1084 5238; x_wconf 85' lang='lat' dir='ltr'>ergo</span> <span class='ocrx_word' id='word_1_650' title='bbox 1107 5175 1144 5228; x_wconf 93' lang='lat' dir='ltr'>illl</span> <span class='ocrx_word' id='word_1_651' title='bbox 1168 5177 1239 5228; x_wconf 89' lang='lat' dir='ltr'>nullo</span> <span class='ocrx_word' id='word_1_652' title='bbox 1265 5177 1343 5228; x_wconf 90' lang='lat' dir='ltr'>modo</span> <span class='ocrx_word' id='word_1_653' title='bbox 1368 5174 1438 5226; x_wconf 92' lang='lat' dir='ltr'>intel·</span> 
     </span>
     <span class='ocr_line' id='line_1_84' title="bbox 481 5263 1437 5330; baseline -0.002 -14"><span class='ocrx_word' id='word_1_654' title='bbox 481 5265 612 5326; x_wconf 77' lang='lat' dir='ltr'>leserunt,</span> <span class='ocrx_word' id='word_1_655' title='bbox 632 5269 657 5316; x_wconf 89' lang='lat' dir='ltr'>et</span> <span class='ocrx_word' id='word_1_656' title='bbox 674 5269 763 5316; x_wconf 89' lang='lat' dir='ltr'>tamen</span> <span class='ocrx_word' id='word_1_657' title='bbox 781 5277 813 5314; x_wconf 85' lang='lat' dir='ltr'>ex</span> <span class='ocrx_word' id='word_1_658' title='bbox 832 5267 881 5316; x_wconf 92' lang='lat' dir='ltr'>hac</span> <span class='ocrx_word' id='word_1_659' title='bbox 899 5263 1035 5314; x_wconf 88' lang='lat' dir='ltr'>occasione</span> <span class='ocrx_word' id='word_1_660' title='bbox 1061 5265 1168 5316; x_wconf 89' lang='lat' dir='ltr'>salutem</span> <span class='ocrx_word' id='word_1_661' title='bbox 1196 5269 1310 5316; x_wconf 89' lang='lat' dir='ltr'>nostram</span> <span class='ocrx_word' id='word_1_662' title='bbox 1335 5263 1437 5330; x_wconf 90' lang='lat' dir='ltr'>praedi·</span> 
     </span>
     <span class='ocr_line' id='line_1_85' title="bbox 479 5351 1437 5420; baseline -0.004 -14"><span class='ocrx_word' id='word_1_663' title='bbox 479 5359 586 5418; x_wconf 79' lang='lat' dir='ltr'>uerunt,</span> <span class='ocrx_word' id='word_1_664' title='bbox 604 5353 676 5420; x_wconf 91' lang='lat' dir='ltr'>quod</span> <span class='ocrx_word' id='word_1_665' title='bbox 697 5353 822 5404; x_wconf 83' lang='lat' dir='ltr'>bantinus</span> <span class='ocrx_word' id='word_1_666' title='bbox 845 5353 928 5404; x_wconf 89' lang='lat' dir='ltr'>iturus</span> <span class='ocrx_word' id='word_1_667' title='bbox 953 5357 1020 5404; x_wconf 87' lang='lat' dir='ltr'>osset</span> <span class='ocrx_word' id='word_1_668' title='bbox 1044 5353 1079 5404; x_wconf 86' lang='lat' dir='ltr'>ed</span> <span class='ocrx_word' id='word_1_669' title='bbox 1102 5351 1293 5416; x_wconf 88' lang='lat' dir='ltr'>dispersionem</span> <span class='ocrx_word' id='word_1_670' title='bbox 1318 5351 1437 5416; x_wconf 86' lang='lat' dir='ltr'>gentium</span> 
     </span>
     <span class='ocr_line' id='line_1_86' title="bbox 480 5437 1436 5508; baseline -0.001 -15"><span class='ocrx_word' id='word_1_671' title='bbox 480 5447 507 5494; x_wconf 93' lang='lat' dir='ltr'>et</span> <span class='ocrx_word' id='word_1_672' title='bbox 526 5443 681 5508; x_wconf 88' lang='lat' dir='ltr'>impleturus</span> <span class='ocrx_word' id='word_1_673' title='bbox 700 5443 773 5508; x_wconf 81' lang='lat' dir='ltr'>quod</span> <span class='ocrx_word' id='word_1_674' title='bbox 790 5439 912 5506; x_wconf 88' lang='lat' dir='ltr'>legebant</span> <span class='ocrx_word' id='word_1_675' title='bbox 930 5445 956 5492; x_wconf 87' lang='lat' dir='ltr'>et</span> <span class='ocrx_word' id='word_1_676' title='bbox 972 5453 1025 5492; x_wconf 90' lang='lat' dir='ltr'>nou</span> <span class='ocrx_word' id='word_1_677' title='bbox 1038 5437 1215 5506; x_wconf 87' lang='lat' dir='ltr'>intelligebant</span> <span class='ocrx_word' id='word_1_678' title='bbox 1235 5437 1348 5506; x_wconf 62' lang='grc'><strong>[11111</strong></span> <span class='ocrx_word' id='word_1_679' title='bbox 1363 5437 1436 5504; x_wconf 77' lang='lat' dir='ltr'>lat:</span> 
     </span>
     <span class='ocr_line' id='line_1_87' title="bbox 479 5527 987 5600; baseline -0.008 -16"><span class='ocrx_word' id='word_1_680' title='bbox 479 5529 615 5598; x_wconf 87' lang='lat' dir='ltr'>Populus,</span> <span class='ocrx_word' id='word_1_681' title='bbox 638 5545 716 5600; x_wconf 80' lang='lat' dir='ltr'>prtem</span> <span class='ocrx_word' id='word_1_682' title='bbox 734 5545 789 5584; x_wconf 89' lang='lat' dir='ltr'>non</span> <span class='ocrx_word' id='word_1_683' title='bbox 808 5527 921 5598; x_wconf 84' lang='lat' dir='ltr'>capuani</span> <span class='ocrx_word' id='word_1_684' title='bbox 939 5535 987 5582; x_wconf 89' lang='lat' dir='ltr'>ete.</span> 
     </span>
    </p>

    <p class='ocr_par' dir='ltr' id='par_1_21' title="bbox 550 5617 764 5686">
     <span class='ocr_line' id='line_1_88' title="bbox 550 5617 764 5686; baseline 0.009 -14"><span class='ocrx_word' id='word_1_685' title='bbox 550 5617 562 5648; x_wconf 82' lang='lat'>⁵</span> <span class='ocrx_word' id='word_1_686' title='bbox 582 5621 694 5686; x_wconf 80' lang='lat' dir='ltr'>Vulgata</span> <span class='ocrx_word' id='word_1_687' title='bbox 713 5617 764 5674; x_wconf 85' lang='lat' dir='ltr'>itia.</span> 
     </span>
    </p>

    <p class='ocr_par' dir='ltr' id='par_1_22' title="bbox 476 5699 1436 6556">
     <span class='ocr_line' id='line_1_89' title="bbox 548 5699 1435 5776; baseline 0 -16"><span class='ocrx_word' id='word_1_688' title='bbox 548 5703 561 5736; x_wconf 57' lang='grc' dir='ltr'><strong>ὅ</strong></span> <span class='ocrx_word' id='word_1_689' title='bbox 582 5707 694 5772; x_wconf 87' lang='lat' dir='ltr'>Vulgata</span> <span class='ocrx_word' id='word_1_690' title='bbox 721 5707 764 5762; x_wconf 86' lang='lat' dir='ltr'>die</span> <span class='ocrx_word' id='word_1_691' title='bbox 789 5699 891 5776; x_wconf 80' lang='lat' dir='ltr'>magno</span> <span class='ocrx_word' id='word_1_692' title='bbox 917 5707 1077 5776; x_wconf 79' lang='lat' dir='ltr'>festivitatis.</span> <span class='ocrx_word' id='word_1_693' title='bbox 1094 5735 1131 5748; x_wconf 91' lang='lat'><em>-</em></span> <span class='ocrx_word' id='word_1_694' title='bbox 1148 5707 1289 5772; x_wconf 76' lang='lat' dir='ltr'>Chrysost,</span> <span class='ocrx_word' id='word_1_695' title='bbox 1316 5707 1341 5758; x_wconf 92' lang='lat' dir='ltr'>in</span> <span class='ocrx_word' id='word_1_696' title='bbox 1365 5708 1435 5760; x_wconf 91' lang='lat' dir='ltr'>loan.</span> 
     </span>
     <span class='ocr_line' id='line_1_90' title="bbox 479 5795 1435 5862; baseline 0 -14"><span class='ocrx_word' id='word_1_697' title='bbox 479 5795 634 5848; x_wconf 82' lang='grc'><strong>11111151.</strong></span> <span class='ocrx_word' id='word_1_698' title='bbox 657 5795 729 5860; x_wconf 88' lang='lat' dir='ltr'>(alias</span> <span class='ocrx_word' id='word_1_699' title='bbox 755 5795 807 5862; x_wconf 87' lang='grc'><strong>50.)</strong></span> <span class='ocrx_word' id='word_1_700' title='bbox 834 5811 857 5848; x_wconf 91' lang='grc'>1.</span> <span class='ocrx_word' id='word_1_701' title='bbox 880 5797 908 5848; x_wconf 92' lang='lat' dir='ltr'>l:</span> <span class='ocrx_word' id='word_1_702' title='bbox 926 5797 959 5848; x_wconf 87' lang='lat' dir='ltr'>At</span> <span class='ocrx_word' id='word_1_703' title='bbox 983 5809 1030 5850; x_wconf 86' lang='lat' dir='ltr'>cuc</span> <span class='ocrx_word' id='word_1_704' title='bbox 1055 5797 1218 5862; x_wconf 89' lang='lat' dir='ltr'>Evangelisla</span> <span class='ocrx_word' id='word_1_705' title='bbox 1237 5797 1273 5848; x_wconf 91' lang='lat' dir='ltr'>sic</span> <span class='ocrx_word' id='word_1_706' title='bbox 1292 5795 1435 5860; x_wconf 85' lang='lat' dir='ltr'>expressit:</span> 
     </span>
     <span class='ocr_line' id='line_1_91' title="bbox 477 5881 1436 5952; baseline -0.005 -12"><span class='ocrx_word' id='word_1_707' title='bbox 477 5887 513 5940; x_wconf 90' lang='lat' dir='ltr'>ln</span> <span class='ocrx_word' id='word_1_708' title='bbox 533 5881 678 5938; x_wconf 89' lang='lat' dir='ltr'>nouissimo</span> <span class='ocrx_word' id='word_1_709' title='bbox 705 5883 745 5938; x_wconf 89' lang='lat' dir='ltr'>die</span> <span class='ocrx_word' id='word_1_710' title='bbox 770 5887 888 5952; x_wconf 81' lang='lat' dir='ltr'>mupno?</span> <span class='ocrx_word' id='word_1_711' title='bbox 906 5885 1008 5936; x_wconf 88' lang='lat' dir='ltr'>Etenim</span> <span class='ocrx_word' id='word_1_712' title='bbox 1032 5885 1136 5950; x_wconf 89' lang='lat' dir='ltr'>primus</span> <span class='ocrx_word' id='word_1_713' title='bbox 1153 5889 1178 5936; x_wconf 92' lang='lat' dir='ltr'>et</span> <span class='ocrx_word' id='word_1_714' title='bbox 1197 5883 1303 5936; x_wconf 90' lang='lat' dir='ltr'>ultimus</span> <span class='ocrx_word' id='word_1_715' title='bbox 1322 5897 1436 5948; x_wconf 88' lang='lat' dir='ltr'>magnas</span> 
     </span>
     <span class='ocr_line' id='line_1_92' title="bbox 476 5969 1434 6044; baseline -0.004 -18"><span class='ocrx_word' id='word_1_716' title='bbox 476 5973 650 6044; x_wconf 59' lang='grc'><strong>1111111511</strong></span> <span class='ocrx_word' id='word_1_717' title='bbox 668 5977 756 6026; x_wconf 87' lang='lat' dir='ltr'>autern</span> <span class='ocrx_word' id='word_1_718' title='bbox 776 5973 863 6038; x_wconf 89' lang='lat' dir='ltr'>potius</span> <span class='ocrx_word' id='word_1_719' title='bbox 881 5973 906 6024; x_wconf 92' lang='grc'>11</span> <span class='ocrx_word' id='word_1_720' title='bbox 926 5971 1025 6026; x_wconf 88' lang='lat' dir='ltr'>deliciis</span> <span class='ocrx_word' id='word_1_721' title='bbox 1048 5971 1277 6026; x_wconf 85' lang='lat' dir='ltr'>consumebantur.</span> <span class='ocrx_word' id='word_1_722' title='bbox 1295 5969 1347 6024; x_wconf 87' lang='lat' dir='ltr'>Cur</span> <span class='ocrx_word' id='word_1_723' title='bbox 1370 5985 1434 6034; x_wconf 87' lang='lat' dir='ltr'>ergo</span> 
     </span>
     <span class='ocr_line' id='line_1_93' title="bbox 478 6059 1434 6128; baseline -0.004 -12"><span class='ocrx_word' id='word_1_724' title='bbox 478 6065 511 6118; x_wconf 89' lang='lat' dir='ltr'>ln</span> <span class='ocrx_word' id='word_1_725' title='bbox 524 6061 667 6116; x_wconf 78' lang='lat' dir='ltr'>noohsimo</span> <span class='ocrx_word' id='word_1_726' title='bbox 680 6061 762 6116; x_wconf 80' lang='lat' dir='ltr'>dicit?</span> <span class='ocrx_word' id='word_1_727' title='bbox 775 6061 840 6128; x_wconf 81' lang='lat' dir='ltr'>eria</span> <span class='ocrx_word' id='word_1_728' title='bbox 858 6061 899 6114; x_wconf 92' lang='lat' dir='ltr'>illo</span> <span class='ocrx_word' id='word_1_729' title='bbox 917 6061 961 6114; x_wconf 90' lang='lat' dir='ltr'>die</span> <span class='ocrx_word' id='word_1_730' title='bbox 978 6073 1072 6114; x_wconf 86' lang='lat' dir='ltr'>omnes</span> <span class='ocrx_word' id='word_1_731' title='bbox 1089 6059 1287 6114; x_wconf 87' lang='lat' dir='ltr'>conveniebant.</span> <span class='ocrx_word' id='word_1_732' title='bbox 1306 6061 1332 6112; x_wconf 91' lang='lat' dir='ltr'>ln</span> <span class='ocrx_word' id='word_1_733' title='bbox 1346 6061 1434 6124; x_wconf 89' lang='lat' dir='ltr'>primo</span> 
     </span>
     <span class='ocr_line' id='line_1_94' title="bbox 476 6145 1434 6218; baseline -0.004 -16"><span class='ocrx_word' id='word_1_734' title='bbox 476 6165 532 6204; x_wconf 89' lang='lat' dir='ltr'>non</span> <span class='ocrx_word' id='word_1_735' title='bbox 543 6151 615 6202; x_wconf 92' lang='lat' dir='ltr'>venit</span> <span class='ocrx_word' id='word_1_736' title='bbox 629 6151 668 6203; x_wconf 90' lang='lat' dir='ltr'>ille</span> <span class='ocrx_word' id='word_1_737' title='bbox 681 6157 708 6202; x_wconf 89' lang='lat' dir='ltr'>et</span> <span class='ocrx_word' id='word_1_738' title='bbox 719 6163 827 6202; x_wconf 87' lang='lat' dir='ltr'>causam</span> <span class='ocrx_word' id='word_1_739' title='bbox 839 6151 902 6202; x_wconf 83' lang='lat' dir='ltr'>rlixrt</span> <span class='ocrx_word' id='word_1_740' title='bbox 914 6149 1035 6204; x_wconf 86' lang='lat' dir='ltr'>iratribus</span> <span class='ocrx_word' id='word_1_741' title='bbox 1049 6147 1140 6218; x_wconf 88' lang='lat' dir='ltr'>[supra</span> <span class='ocrx_word' id='word_1_742' title='bbox 1152 6163 1179 6200; x_wconf 88' lang='lat' dir='ltr'>v.</span> <span class='ocrx_word' id='word_1_743' title='bbox 1199 6151 1223 6200; x_wconf 88' lang='lat'>8.</span> <span class='ocrx_word' id='word_1_744' title='bbox 1237 6163 1262 6200; x_wconf 89' lang='lat' dir='ltr'>u.</span> <span class='ocrx_word' id='word_1_745' title='bbox 1276 6147 1299 6198; x_wconf 90' lang='lat'>8.</span> <span class='ocrx_word' id='word_1_746' title='bbox 1319 6151 1343 6198; x_wconf 86' lang='lat' dir='ltr'>et</span> <span class='ocrx_word' id='word_1_747' title='bbox 1363 6145 1434 6216; x_wconf 37' lang='lat' dir='ltr'>t6.]*;</span> 
     </span>
     <span class='ocr_line' id='line_1_95' title="bbox 478 6235 1434 6304; baseline -0.006 -12"><span class='ocrx_word' id='word_1_748' title='bbox 478 6239 527 6292; x_wconf 87' lang='lat' dir='ltr'>sed</span> <span class='ocrx_word' id='word_1_749' title='bbox 544 6251 594 6292; x_wconf 86' lang='lat' dir='ltr'>nse</span> <span class='ocrx_word' id='word_1_750' title='bbox 611 6239 639 6290; x_wconf 91' lang='lat' dir='ltr'>iu</span> <span class='ocrx_word' id='word_1_751' title='bbox 658 6239 775 6292; x_wconf 90' lang='lat' dir='ltr'>secundo</span> <span class='ocrx_word' id='word_1_752' title='bbox 793 6251 842 6290; x_wconf 90' lang='lat' dir='ltr'>nec</span> <span class='ocrx_word' id='word_1_753' title='bbox 861 6237 979 6290; x_wconf 86' lang='lat' dir='ltr'>intortio</span> <span class='ocrx_word' id='word_1_754' title='bbox 998 6237 1136 6304; x_wconf 88' lang='lat' dir='ltr'>quidpiam</span> <span class='ocrx_word' id='word_1_755' title='bbox 1154 6237 1204 6288; x_wconf 84' lang='lat' dir='ltr'>tale</span> <span class='ocrx_word' id='word_1_756' title='bbox 1222 6235 1297 6300; x_wconf 90' lang='lat' dir='ltr'>dicit,</span> <span class='ocrx_word' id='word_1_757' title='bbox 1312 6247 1344 6286; x_wconf 90' lang='lat' dir='ltr'>ne</span> <span class='ocrx_word' id='word_1_758' title='bbox 1363 6235 1434 6286; x_wconf 88' lang='lat' dir='ltr'>irrita</span> 
     </span>
     <span class='ocr_line' id='line_1_96' title="bbox 478 6307 1435 6390; baseline -0.002 -14"><span class='ocrx_word' id='word_1_759' title='bbox 478 6325 563 6376; x_wconf 89' lang='lat' dir='ltr'>lorent</span> <span class='ocrx_word' id='word_1_760' title='bbox 581 6323 678 6390; x_wconf 87' lang='lat' dir='ltr'>verba,</span> <span class='ocrx_word' id='word_1_761' title='bbox 699 6325 765 6376; x_wconf 90' lang='lat' dir='ltr'>dum</span> <span class='ocrx_word' id='word_1_762' title='bbox 783 6325 899 6377; x_wconf 87' lang='lat' dir='ltr'>laturam</span> <span class='ocrx_word' id='word_1_763' title='bbox 917 6307 986 6388; x_wconf 86' lang='lat' dir='ltr'>erat,</span> <span class='ocrx_word' id='word_1_764' title='bbox 1007 6331 1035 6376; x_wconf 91' lang='lat' dir='ltr'>nt</span> <span class='ocrx_word' id='word_1_765' title='bbox 1052 6325 1087 6376; x_wconf 88' lang='lat' dir='ltr'>illi</span> <span class='ocrx_word' id='word_1_766' title='bbox 1106 6325 1134 6376; x_wconf 92' lang='lat' dir='ltr'>in</span> <span class='ocrx_word' id='word_1_767' title='bbox 1151 6311 1252 6376; x_wconf 86' lang='lat' dir='ltr'>deliciis</span> <span class='ocrx_word' id='word_1_768' title='bbox 1270 6325 1363 6374; x_wconf 88' lang='lat' dir='ltr'>essent.</span> <span class='ocrx_word' id='word_1_769' title='bbox 1382 6321 1435 6376; x_wconf 87' lang='lat' dir='ltr'>No-</span> 
     </span>
     <span class='ocr_line' id='line_1_97' title="bbox 477 6409 1435 6478; baseline -0.006 -12"><span class='ocrx_word' id='word_1_770' title='bbox 477 6409 587 6466; x_wconf 86' lang='lat' dir='ltr'>uissima</span> <span class='ocrx_word' id='word_1_771' title='bbox 605 6417 695 6466; x_wconf 88' lang='lat' dir='ltr'>autern</span> <span class='ocrx_word' id='word_1_772' title='bbox 713 6411 763 6478; x_wconf 88' lang='lat' dir='ltr'>die,</span> <span class='ocrx_word' id='word_1_773' title='bbox 785 6411 892 6478; x_wconf 87' lang='lat' dir='ltr'>quando</span> <span class='ocrx_word' id='word_1_774' title='bbox 910 6411 1070 6464; x_wconf 85' lang='lat' dir='ltr'>recedebant</span> <span class='ocrx_word' id='word_1_775' title='bbox 1087 6411 1212 6476; x_wconf 86' lang='lat' dir='ltr'>doraum,</span> <span class='ocrx_word' id='word_1_776' title='bbox 1230 6409 1325 6460; x_wconf 89' lang='lat' dir='ltr'>viatica</span> <span class='ocrx_word' id='word_1_777' title='bbox 1343 6409 1379 6462; x_wconf 87' lang='lat' dir='ltr'>ad</span> <span class='ocrx_word' id='word_1_778' title='bbox 1397 6423 1435 6460; x_wconf 89' lang='lat' dir='ltr'>sa·</span> 
     </span>
     <span class='ocr_line' id='line_1_98' title="bbox 477 6501 909 6556; baseline 0 -2"><span class='ocrx_word' id='word_1_779' title='bbox 477 6503 557 6556; x_wconf 83' lang='lat' dir='ltr'>lutam</span> <span class='ocrx_word' id='word_1_780' title='bbox 578 6503 622 6556; x_wconf 88' lang='lat' dir='ltr'>dat</span> <span class='ocrx_word' id='word_1_781' title='bbox 641 6501 689 6554; x_wconf 90' lang='lat' dir='ltr'>illis</span> <span class='ocrx_word' id='word_1_782' title='bbox 708 6507 732 6554; x_wconf 91' lang='lat' dir='ltr'>et</span> <span class='ocrx_word' id='word_1_783' title='bbox 750 6505 845 6554; x_wconf 89' lang='lat' dir='ltr'>clamat</span> <span class='ocrx_word' id='word_1_784' title='bbox 861 6507 909 6556; x_wconf 89' lang='lat' dir='ltr'>etc.</span> 
     </span>
    </p>

    <p class='ocr_par' dir='ltr' id='par_1_23' title="bbox 548 6585 1434 6658">
     <span class='ocr_line' id='line_1_99' title="bbox 548 6585 1434 6658; baseline -0.002 -16"><span class='ocrx_word' id='word_1_785' title='bbox 548 6585 559 6618; x_wconf 79' lang='lat'>⁷</span> <span class='ocrx_word' id='word_1_786' title='bbox 581 6591 655 6642; x_wconf 90' lang='lat' dir='ltr'>Vers.</span> <span class='ocrx_word' id='word_1_787' title='bbox 674 6591 702 6644; x_wconf 89' lang='lat'>6.</span> <span class='ocrx_word' id='word_1_788' title='bbox 716 6591 823 6644; x_wconf 92' lang='lat' dir='ltr'>—Duo</span> <span class='ocrx_word' id='word_1_789' title='bbox 842 6605 915 6658; x_wconf 84' lang='lat' dir='ltr'>seqq.</span> <span class='ocrx_word' id='word_1_790' title='bbox 933 6589 983 6644; x_wconf 87' lang='lat' dir='ltr'>loci</span> <span class='ocrx_word' id='word_1_791' title='bbox 1001 6595 1062 6642; x_wconf 91' lang='lat' dir='ltr'>sunt</span> <span class='ocrx_word' id='word_1_792' title='bbox 1079 6591 1121 6642; x_wconf 85' lang='lat' dir='ltr'>Ps.</span> <span class='ocrx_word' id='word_1_793' title='bbox 1134 6591 1182 6652; x_wconf 84' lang='lat'>68,</span> <span class='ocrx_word' id='word_1_794' title='bbox 1196 6587 1220 6640; x_wconf 86' lang='grc'>1.</span> <span class='ocrx_word' id='word_1_795' title='bbox 1233 6591 1260 6640; x_wconf 86' lang='grc'>11</span> <span class='ocrx_word' id='word_1_796' title='bbox 1277 6587 1335 6638; x_wconf 89' lang='lat' dir='ltr'>lsai.</span> <span class='ocrx_word' id='word_1_797' title='bbox 1346 6585 1395 6656; x_wconf 86' lang='grc'>55,</span> <span class='ocrx_word' id='word_1_798' title='bbox 1412 6589 1434 6640; x_wconf 91' lang='grc'>1.</span> 
     </span>
    </p>

    <p class='ocr_par' dir='ltr' id='par_1_24' title="bbox 474 6673 1436 6924">
     <span class='ocr_line' id='line_1_100' title="bbox 548 6673 1435 6748; baseline 0 -18"><span class='ocrx_word' id='word_1_799' title='bbox 548 6673 606 6732; x_wconf 75' lang='lat' dir='ltr'>8lu</span> <span class='ocrx_word' id='word_1_800' title='bbox 632 6679 703 6732; x_wconf 90' lang='lat' dir='ltr'>loan.</span> <span class='ocrx_word' id='word_1_801' title='bbox 727 6679 816 6730; x_wconf 92' lang='lat' dir='ltr'>homil.</span> <span class='ocrx_word' id='word_1_802' title='bbox 840 6679 884 6732; x_wconf 90' lang='grc'>51.</span> <span class='ocrx_word' id='word_1_803' title='bbox 903 6679 975 6746; x_wconf 86' lang='lat' dir='ltr'>(alias</span> <span class='ocrx_word' id='word_1_804' title='bbox 1000 6679 1053 6748; x_wconf 85' lang='grc'><strong>511.)</strong></span> <span class='ocrx_word' id='word_1_805' title='bbox 1080 6693 1104 6730; x_wconf 89' lang='lat' dir='ltr'>n.</span> <span class='ocrx_word' id='word_1_806' title='bbox 1129 6681 1156 6730; x_wconf 81' lang='lat' dir='ltr'>l:</span> <span class='ocrx_word' id='word_1_807' title='bbox 1181 6679 1211 6730; x_wconf 91' lang='lat' dir='ltr'>Et</span> <span class='ocrx_word' id='word_1_808' title='bbox 1237 6673 1343 6726; x_wconf 90' lang='lat' dir='ltr'>ubinam</span> <span class='ocrx_word' id='word_1_809' title='bbox 1372 6677 1435 6730; x_wconf 90' lang='lat' dir='ltr'>dicit</span> 
     </span>
     <span class='ocr_line' id='line_1_101' title="bbox 478 6763 1434 6836; baseline -0.002 -16"><span class='ocrx_word' id='word_1_810' title='bbox 478 6769 628 6832; x_wconf 85' lang='lat' dir='ltr'>Scriptura:</span> <span class='ocrx_word' id='word_1_811' title='bbox 655 6767 783 6820; x_wconf 88' lang='lat' dir='ltr'>Flumina</span> <span class='ocrx_word' id='word_1_812' title='bbox 809 6767 842 6822; x_wconf 88' lang='lat' dir='ltr'>de</span> <span class='ocrx_word' id='word_1_813' title='bbox 867 6769 959 6822; x_wconf 83' lang='lat' dir='ltr'>ventre</span> <span class='ocrx_word' id='word_1_814' title='bbox 976 6765 1033 6822; x_wconf 86' lang='lat' dir='ltr'>eius</span> <span class='ocrx_word' id='word_1_815' title='bbox 1050 6765 1139 6836; x_wconf 72' lang='lat' dir='ltr'>tinent</span> <span class='ocrx_word' id='word_1_816' title='bbox 1153 6777 1240 6834; x_wconf 84' lang='lat' dir='ltr'>aquae</span> <span class='ocrx_word' id='word_1_817' title='bbox 1259 6763 1351 6818; x_wconf 81' lang='lat' dir='ltr'>uiuae?</span> <span class='ocrx_word' id='word_1_818' title='bbox 1370 6769 1434 6818; x_wconf 90' lang='lat' dir='ltr'>Nus·</span> 
     </span>
     <span class='ocr_line' id='line_1_102' title="bbox 474 6853 1436 6924; baseline 0 -14"><span class='ocrx_word' id='word_1_819' title='bbox 474 6871 567 6924; x_wconf 80' lang='lat' dir='ltr'>quarn.</span> <span class='ocrx_word' id='word_1_820' title='bbox 587 6859 656 6924; x_wconf 85' lang='lat' dir='ltr'>Quid</span> <span class='ocrx_word' id='word_1_821' title='bbox 674 6857 724 6910; x_wconf 91' lang='lat' dir='ltr'>sibi</span> <span class='ocrx_word' id='word_1_822' title='bbox 742 6859 798 6912; x_wconf 93' lang='lat' dir='ltr'>vult</span> <span class='ocrx_word' id='word_1_823' title='bbox 816 6871 880 6922; x_wconf 88' lang='lat' dir='ltr'>ergo</span> <span class='ocrx_word' id='word_1_824' title='bbox 899 6859 975 6910; x_wconf 89' lang='lat' dir='ltr'>illud:</span> <span class='ocrx_word' id='word_1_825' title='bbox 996 6853 1050 6922; x_wconf 83' lang='lat' dir='ltr'>Qni</span> <span class='ocrx_word' id='word_1_826' title='bbox 1068 6855 1151 6910; x_wconf 90' lang='lat' dir='ltr'>credit</span> <span class='ocrx_word' id='word_1_827' title='bbox 1167 6853 1197 6910; x_wconf 89' lang='lat' dir='ltr'>in</span> <span class='ocrx_word' id='word_1_828' title='bbox 1214 6867 1272 6920; x_wconf 85' lang='lat' dir='ltr'>me,</span> <span class='ocrx_word' id='word_1_829' title='bbox 1283 6853 1353 6910; x_wconf 88' lang='lat' dir='ltr'>sicut</span> <span class='ocrx_word' id='word_1_830' title='bbox 1372 6853 1436 6910; x_wconf 87' lang='lat' dir='ltr'>dicit</span> 
     </span>
    </p>
   </div>
   <div class='ocr_carea' id='block_1_14' title="bbox 1497 4905 2457 6924">
    <p class='ocr_par' dir='ltr' id='par_1_25' title="bbox 1502 4905 2457 5156">
     <span class='ocr_line' id='line_1_103' title="bbox 1502 4905 2456 4978; baseline -0.003 -15"><span class='ocrx_word' id='word_1_831' title='bbox 1502 4915 1656 4976; x_wconf 86' lang='lat' dir='ltr'>terpretatur</span> <span class='ocrx_word' id='word_1_832' title='bbox 1674 4905 1963 4978; x_wconf 77' lang='grc' dir='ltr'><strong>Β1111.].11111158;</strong></span> <span class='ocrx_word' id='word_1_833' title='bbox 1984 4905 2046 4962; x_wconf 85' lang='lat' dir='ltr'>Eris</span> <span class='ocrx_word' id='word_1_834' title='bbox 2066 4907 2145 4976; x_wconf 79' lang='lat' dir='ltr'>quasi</span> <span class='ocrx_word' id='word_1_835' title='bbox 2162 4915 2210 4960; x_wconf 92' lang='lat' dir='ltr'>etc.</span> <span class='ocrx_word' id='word_1_836' title='bbox 2231 4907 2456 4976; x_wconf 76' lang='grc'><strong>(1111011111111.</strong></span> 
     </span>
     <span class='ocr_line' id='line_1_104' title="bbox 1502 4997 2457 5064; baseline -0.004 -12"><span class='ocrx_word' id='word_1_837' title='bbox 1502 4999 1527 5052; x_wconf 92' lang='lat' dir='ltr'>in</span> <span class='ocrx_word' id='word_1_838' title='bbox 1547 5001 1616 5052; x_wconf 89' lang='lat' dir='ltr'>loau.</span> <span class='ocrx_word' id='word_1_839' title='bbox 1636 5011 1650 5050; x_wconf 91' lang='lat' dir='ltr'>a</span> <span class='ocrx_word' id='word_1_840' title='bbox 1669 4999 1794 5052; x_wconf 88' lang='lat' dir='ltr'>Vaticana</span> <span class='ocrx_word' id='word_1_841' title='bbox 1814 4997 1854 5050; x_wconf 89' lang='lat' dir='ltr'>ed.</span> <span class='ocrx_word' id='word_1_842' title='bbox 1877 4997 1927 5050; x_wconf 90' lang='lat' dir='ltr'>sub</span> <span class='ocrx_word' id='word_1_843' title='bbox 1955 4997 2061 5050; x_wconf 89' lang='lat' dir='ltr'>nomine</span> <span class='ocrx_word' id='word_1_844' title='bbox 2078 4999 2178 5050; x_wconf 90' lang='lat' dir='ltr'>Bouav.</span> <span class='ocrx_word' id='word_1_845' title='bbox 2195 4997 2406 5064; x_wconf 89' lang='lat' dir='ltr'>promulgatum,</span> <span class='ocrx_word' id='word_1_846' title='bbox 2426 5011 2457 5050; x_wconf 82' lang='lat' dir='ltr'>er</span> 
     </span>
     <span class='ocr_line' id='line_1_105' title="bbox 1502 5085 2205 5156; baseline -0.003 -16"><span class='ocrx_word' id='word_1_847' title='bbox 1502 5101 1554 5156; x_wconf 89' lang='lat' dir='ltr'>quo</span> <span class='ocrx_word' id='word_1_848' title='bbox 1573 5091 1624 5140; x_wconf 90' lang='lat' dir='ltr'>boc</span> <span class='ocrx_word' id='word_1_849' title='bbox 1641 5087 1849 5140; x_wconf 86' lang='lat' dir='ltr'>additamentum</span> <span class='ocrx_word' id='word_1_850' title='bbox 1869 5087 1973 5140; x_wconf 88' lang='lat' dir='ltr'>videtur</span> <span class='ocrx_word' id='word_1_851' title='bbox 1993 5101 2049 5138; x_wconf 88' lang='lat' dir='ltr'>csse</span> <span class='ocrx_word' id='word_1_852' title='bbox 2067 5085 2205 5152; x_wconf 86' lang='lat' dir='ltr'>sumtum).</span> 
     </span>
    </p>

    <p class='ocr_par' dir='ltr' id='par_1_26' title="bbox 1499 5171 2456 6394">
     <span class='ocr_line' id='line_1_106' title="bbox 1572 5171 2456 5236; baseline -0.002 -8"><span class='ocrx_word' id='word_1_853' title='bbox 1572 5171 1582 5204; x_wconf 75' lang='lat'>⁹</span> <span class='ocrx_word' id='word_1_854' title='bbox 1602 5177 1677 5228; x_wconf 91' lang='lat' dir='ltr'>Vers.</span> <span class='ocrx_word' id='word_1_855' title='bbox 1699 5177 1740 5228; x_wconf 87' lang='grc'>16.</span> <span class='ocrx_word' id='word_1_856' title='bbox 1757 5173 1820 5230; x_wconf 82' lang='lat' dir='ltr'>Alia</span> <span class='ocrx_word' id='word_1_857' title='bbox 1837 5177 1902 5226; x_wconf 88' lang='lat' dir='ltr'>haec</span> <span class='ocrx_word' id='word_1_858' title='bbox 1927 5173 2058 5224; x_wconf 89' lang='lat' dir='ltr'>translatio</span> <span class='ocrx_word' id='word_1_859' title='bbox 2082 5173 2194 5226; x_wconf 88' lang='lat' dir='ltr'>habetur</span> <span class='ocrx_word' id='word_1_860' title='bbox 2217 5173 2246 5224; x_wconf 91' lang='lat' dir='ltr'>in</span> <span class='ocrx_word' id='word_1_861' title='bbox 2264 5173 2384 5236; x_wconf 77' lang='lat' dir='ltr'>Vulgata.</span> <span class='ocrx_word' id='word_1_862' title='bbox 2404 5173 2456 5226; x_wconf 88' lang='lat' dir='ltr'>Sed</span> 
     </span>
     <span class='ocr_line' id='line_1_107' title="bbox 1501 5261 2454 5332; baseline 0 -18"><span class='ocrx_word' id='word_1_863' title='bbox 1501 5263 1636 5330; x_wconf 86' lang='lat' dir='ltr'>quomodo</span> <span class='ocrx_word' id='word_1_864' title='bbox 1654 5267 1728 5314; x_wconf 73' lang='lat' dir='ltr'>sorsat</span> <span class='ocrx_word' id='word_1_865' title='bbox 1750 5261 1842 5332; x_wconf 85' lang='lat' dir='ltr'>prima</span> <span class='ocrx_word' id='word_1_866' title='bbox 1868 5261 2016 5314; x_wconf 77' lang='lat' dir='ltr'>translatio?</span> <span class='ocrx_word' id='word_1_867' title='bbox 2036 5263 2065 5314; x_wconf 88' lang='lat' dir='ltr'>B.</span> <span class='ocrx_word' id='word_1_868' title='bbox 2082 5261 2189 5328; x_wconf 75' lang='lat' dir='ltr'>tilbert,</span> <span class='ocrx_word' id='word_1_869' title='bbox 2207 5261 2310 5324; x_wconf 88' lang='lat' dir='ltr'>Postilla</span> <span class='ocrx_word' id='word_1_870' title='bbox 2335 5261 2362 5314; x_wconf 89' lang='lat' dir='ltr'>iu</span> <span class='ocrx_word' id='word_1_871' title='bbox 2387 5263 2454 5314; x_wconf 90' lang='lat' dir='ltr'>loau.</span> 
     </span>
     <span class='ocr_line' id='line_1_108' title="bbox 1502 5347 2455 5420; baseline 0 -16"><span class='ocrx_word' id='word_1_872' title='bbox 1502 5351 1525 5414; x_wconf 85' lang='grc'>1,</span> <span class='ocrx_word' id='word_1_873' title='bbox 1545 5353 1587 5404; x_wconf 85' lang='grc'>38.</span> <span class='ocrx_word' id='word_1_874' title='bbox 1607 5351 1657 5402; x_wconf 87' lang='lat' dir='ltr'>alt:</span> <span class='ocrx_word' id='word_1_875' title='bbox 1681 5351 1782 5402; x_wconf 70' lang='lat' dir='ltr'>«Prov.</span> <span class='ocrx_word' id='word_1_876' title='bbox 1802 5349 1831 5402; x_wconf 85' lang='lat'>5:</span> <span class='ocrx_word' id='word_1_877' title='bbox 1844 5347 2006 5404; x_wconf 87' lang='lat' dir='ltr'>Derinentur</span> <span class='ocrx_word' id='word_1_878' title='bbox 2020 5347 2106 5418; x_wconf 74' lang='lat' dir='ltr'>sanctes</span> <span class='ocrx_word' id='word_1_879' title='bbox 2126 5347 2258 5420; x_wconf 72' lang='lat' dir='ltr'>tutioris,</span> <span class='ocrx_word' id='word_1_880' title='bbox 2271 5353 2297 5404; x_wconf 90' lang='lat' dir='ltr'>et</span> <span class='ocrx_word' id='word_1_881' title='bbox 2314 5347 2342 5402; x_wconf 92' lang='lat' dir='ltr'>in</span> <span class='ocrx_word' id='word_1_882' title='bbox 2357 5347 2455 5420; x_wconf 89' lang='lat' dir='ltr'>plateis</span> 
     </span>
     <span class='ocr_line' id='line_1_109' title="bbox 1500 5437 2454 5508; baseline -0.002 -14"><span class='ocrx_word' id='word_1_883' title='bbox 1500 5453 1587 5508; x_wconf 83' lang='lat' dir='ltr'>apuas</span> <span class='ocrx_word' id='word_1_884' title='bbox 1605 5443 1667 5494; x_wconf 87' lang='lat' dir='ltr'>tuus</span> <span class='ocrx_word' id='word_1_885' title='bbox 1688 5437 1779 5494; x_wconf 83' lang='lat' dir='ltr'>divide.</span> <span class='ocrx_word' id='word_1_886' title='bbox 1800 5437 1843 5504; x_wconf 88' lang='lat' dir='ltr'>lbi,</span> <span class='ocrx_word' id='word_1_887' title='bbox 1863 5441 1893 5492; x_wconf 90' lang='lat' dir='ltr'>ut</span> <span class='ocrx_word' id='word_1_888' title='bbox 1910 5437 2023 5504; x_wconf 86' lang='lat' dir='ltr'>dicitur,</span> <span class='ocrx_word' id='word_1_889' title='bbox 2044 5439 2176 5492; x_wconf 89' lang='lat' dir='ltr'>translatio</span> <span class='ocrx_word' id='word_1_890' title='bbox 2193 5439 2364 5504; x_wconf 61' lang='lat' dir='ltr'>,Septuaginta</span> <span class='ocrx_word' id='word_1_891' title='bbox 2377 5437 2454 5492; x_wconf 87' lang='lat' dir='ltr'>habet</span> 
     </span>
     <span class='ocr_line' id='line_1_110' title="bbox 1501 5527 2456 5602; baseline -0.004 -18"><span class='ocrx_word' id='word_1_892' title='bbox 1501 5527 1629 5584; x_wconf 83' lang='lat' dir='ltr'>Flumina</span> <span class='ocrx_word' id='word_1_893' title='bbox 1646 5527 1679 5582; x_wconf 78' lang='lat' dir='ltr'>ete</span> <span class='ocrx_word' id='word_1_894' title='bbox 1697 5531 1788 5584; x_wconf 74' lang='lat' dir='ltr'>nenne</span> <span class='ocrx_word' id='word_1_895' title='bbox 1808 5531 1851 5582; x_wconf 91' lang='lat' dir='ltr'>tuo</span> <span class='ocrx_word' id='word_1_896' title='bbox 1870 5527 1959 5596; x_wconf 74' lang='lat' dir='ltr'>fluant</span> <span class='ocrx_word' id='word_1_897' title='bbox 1976 5539 2064 5602; x_wconf 78' lang='lat' dir='ltr'>aquae</span> <span class='ocrx_word' id='word_1_898' title='bbox 2080 5527 2188 5582; x_wconf 74' lang='lat' dir='ltr'>uiuae».</span> <span class='ocrx_word' id='word_1_899' title='bbox 2201 5527 2364 5592; x_wconf 87' lang='lat' dir='ltr'>lnspeximus</span> <span class='ocrx_word' id='word_1_900' title='bbox 2377 5533 2456 5580; x_wconf 87' lang='lat' dir='ltr'>traus-</span> 
     </span>
     <span class='ocr_line' id='line_1_111' title="bbox 1501 5615 2454 5684; baseline -0.003 -14"><span class='ocrx_word' id='word_1_901' title='bbox 1501 5617 1623 5670; x_wconf 88' lang='lat' dir='ltr'>lationem</span> <span class='ocrx_word' id='word_1_902' title='bbox 1641 5617 1824 5684; x_wconf 83' lang='lat' dir='ltr'>Septuaginta,</span> <span class='ocrx_word' id='word_1_903' title='bbox 1837 5631 1917 5684; x_wconf 84' lang='lat' dir='ltr'>quarn</span> <span class='ocrx_word' id='word_1_904' title='bbox 1937 5629 2000 5684; x_wconf 88' lang='lat' dir='ltr'>prae</span> <span class='ocrx_word' id='word_1_905' title='bbox 2018 5615 2139 5668; x_wconf 90' lang='lat' dir='ltr'>manibus</span> <span class='ocrx_word' id='word_1_906' title='bbox 2158 5615 2301 5680; x_wconf 80' lang='lat' dir='ltr'>habemuS,</span> <span class='ocrx_word' id='word_1_907' title='bbox 2314 5617 2362 5668; x_wconf 87' lang='lat' dir='ltr'>sed</span> <span class='ocrx_word' id='word_1_908' title='bbox 2375 5615 2454 5668; x_wconf 85' lang='lat' dir='ltr'>verba</span> 
     </span>
     <span class='ocr_line' id='line_1_112' title="bbox 1500 5703 2454 5772; baseline 0 -14"><span class='ocrx_word' id='word_1_909' title='bbox 1500 5721 1530 5758; x_wconf 91' lang='lat' dir='ltr'>eo</span> <span class='ocrx_word' id='word_1_910' title='bbox 1550 5707 1644 5772; x_wconf 89' lang='lat' dir='ltr'>modo,</span> <span class='ocrx_word' id='word_1_911' title='bbox 1663 5719 1716 5772; x_wconf 90' lang='lat' dir='ltr'>quo</span> <span class='ocrx_word' id='word_1_912' title='bbox 1736 5719 1752 5758; x_wconf 89' lang='lat' dir='ltr'>a</span> <span class='ocrx_word' id='word_1_913' title='bbox 1769 5707 1798 5758; x_wconf 90' lang='lat' dir='ltr'>B.</span> <span class='ocrx_word' id='word_1_914' title='bbox 1817 5703 1920 5758; x_wconf 75' lang='lat' dir='ltr'>ilberto</span> <span class='ocrx_word' id='word_1_915' title='bbox 1946 5707 2095 5772; x_wconf 84' lang='lat' dir='ltr'>afferuntur,</span> <span class='ocrx_word' id='word_1_916' title='bbox 2120 5717 2173 5758; x_wconf 91' lang='lat' dir='ltr'>nou</span> <span class='ocrx_word' id='word_1_917' title='bbox 2199 5705 2358 5758; x_wconf 87' lang='lat' dir='ltr'>invenimus.</span> <span class='ocrx_word' id='word_1_918' title='bbox 2378 5705 2454 5758; x_wconf 88' lang='lat' dir='ltr'>Nota-</span> 
     </span>
     <span class='ocr_line' id='line_1_113' title="bbox 1499 5793 2454 5860; baseline -0.002 -12"><span class='ocrx_word' id='word_1_919' title='bbox 1499 5809 1560 5848; x_wconf 89' lang='lat' dir='ltr'>mus</span> <span class='ocrx_word' id='word_1_920' title='bbox 1582 5797 1699 5860; x_wconf 89' lang='lat' dir='ltr'>insuper,</span> <span class='ocrx_word' id='word_1_921' title='bbox 1716 5795 1790 5860; x_wconf 86' lang='lat' dir='ltr'>quod</span> <span class='ocrx_word' id='word_1_922' title='bbox 1817 5793 1922 5846; x_wconf 88' lang='lat' dir='ltr'>Hieron.</span> <span class='ocrx_word' id='word_1_923' title='bbox 1952 5793 1977 5846; x_wconf 91' lang='lat' dir='ltr'>in</span> <span class='ocrx_word' id='word_1_924' title='bbox 2006 5793 2116 5860; x_wconf 79' lang='lat' dir='ltr'>Prologo</span> <span class='ocrx_word' id='word_1_925' title='bbox 2135 5793 2160 5846; x_wconf 92' lang='grc'>11</span> <span class='ocrx_word' id='word_1_926' title='bbox 2180 5795 2242 5846; x_wconf 89' lang='lat' dir='ltr'>Gen.</span> <span class='ocrx_word' id='word_1_927' title='bbox 2266 5793 2331 5848; x_wconf 91' lang='lat' dir='ltr'>inter</span> <span class='ocrx_word' id='word_1_928' title='bbox 2358 5797 2454 5856; x_wconf 79' lang='lat' dir='ltr'>textus,</span> 
     </span>
     <span class='ocr_line' id='line_1_114' title="bbox 1499 5881 2453 5954; baseline -0.002 -18"><span class='ocrx_word' id='word_1_929' title='bbox 1499 5885 1543 5952; x_wconf 84' lang='lat' dir='ltr'>qui</span> <span class='ocrx_word' id='word_1_930' title='bbox 1565 5885 1590 5936; x_wconf 93' lang='lat' dir='ltr'>in</span> <span class='ocrx_word' id='word_1_931' title='bbox 1608 5883 1742 5948; x_wconf 85' lang='lat' dir='ltr'>Scriptura</span> <span class='ocrx_word' id='word_1_932' title='bbox 1763 5883 1906 5954; x_wconf 85' lang='lat' dir='ltr'>allegantur</span> <span class='ocrx_word' id='word_1_933' title='bbox 1932 5887 1957 5934; x_wconf 88' lang='lat' dir='ltr'>et</span> <span class='ocrx_word' id='word_1_934' title='bbox 1975 5881 2093 5947; x_wconf 80' lang='lat' dir='ltr'>explicite</span> <span class='ocrx_word' id='word_1_935' title='bbox 2111 5895 2163 5934; x_wconf 92' lang='lat' dir='ltr'>non</span> <span class='ocrx_word' id='word_1_936' title='bbox 2183 5881 2358 5944; x_wconf 87' lang='lat' dir='ltr'>inveniuntur,</span> <span class='ocrx_word' id='word_1_937' title='bbox 2377 5881 2453 5934; x_wconf 89' lang='lat' dir='ltr'>etiam</span> 
     </span>
     <span class='ocr_line' id='line_1_115' title="bbox 1499 5965 2455 6040; baseline -0.005 -16"><span class='ocrx_word' id='word_1_938' title='bbox 1499 5977 1617 6026; x_wconf 86' lang='lat' dir='ltr'>recenset</span> <span class='ocrx_word' id='word_1_939' title='bbox 1635 5973 1725 6040; x_wconf 87' lang='lat' dir='ltr'>istum,</span> <span class='ocrx_word' id='word_1_940' title='bbox 1746 5977 1770 6024; x_wconf 89' lang='grc'>11</span> <span class='ocrx_word' id='word_1_941' title='bbox 1788 5971 1863 6040; x_wconf 85' lang='lat' dir='ltr'>dicit,</span> <span class='ocrx_word' id='word_1_942' title='bbox 1877 5971 1949 6040; x_wconf 88' lang='lat' dir='ltr'>quod</span> <span class='ocrx_word' id='word_1_943' title='bbox 1962 5971 2088 6024; x_wconf 89' lang='lat' dir='ltr'>habeatur</span> <span class='ocrx_word' id='word_1_944' title='bbox 2108 5969 2136 6022; x_wconf 85' lang='lat' dir='ltr'>in</span> <span class='ocrx_word' id='word_1_945' title='bbox 2154 5965 2324 6034; x_wconf 84' lang='lat' dir='ltr'>Prooer·biis‚·</span> <span class='ocrx_word' id='word_1_946' title='bbox 2342 5969 2371 6020; x_wconf 90' lang='lat' dir='ltr'>in</span> <span class='ocrx_word' id='word_1_947' title='bbox 2388 5983 2455 6020; x_wconf 89' lang='lat' dir='ltr'>mar·</span> 
     </span>
     <span class='ocr_line' id='line_1_116' title="bbox 1500 6055 2454 6128; baseline -0.001 -16"><span class='ocrx_word' id='word_1_948' title='bbox 1500 6061 1560 6128; x_wconf 82' lang='lat' dir='ltr'>gine</span> <span class='ocrx_word' id='word_1_949' title='bbox 1583 6061 1626 6114; x_wconf 91' lang='lat' dir='ltr'>ed.</span> <span class='ocrx_word' id='word_1_950' title='bbox 1646 6063 1726 6114; x_wconf 87' lang='lat' dir='ltr'>Maur.</span> <span class='ocrx_word' id='word_1_951' title='bbox 1745 6061 1872 6126; x_wconf 85' lang='lat' dir='ltr'>allegatur</span> <span class='ocrx_word' id='word_1_952' title='bbox 1893 6061 1971 6112; x_wconf 83' lang='lat' dir='ltr'>Prov.</span> <span class='ocrx_word' id='word_1_953' title='bbox 1992 6061 2038 6124; x_wconf 88' lang='lat' dir='ltr'>l8,</span> <span class='ocrx_word' id='word_1_954' title='bbox 2059 6059 2091 6112; x_wconf 85' lang='lat' dir='ltr'>l:</span> <span class='ocrx_word' id='word_1_955' title='bbox 2111 6061 2190 6126; x_wconf 81' lang='lat' dir='ltr'>Aqua</span> <span class='ocrx_word' id='word_1_956' title='bbox 2208 6055 2350 6126; x_wconf 70' lang='lat' dir='ltr'>profunda</span> <span class='ocrx_word' id='word_1_957' title='bbox 2374 6055 2454 6112; x_wconf 85' lang='lat' dir='ltr'>uerba</span> 
     </span>
     <span class='ocr_line' id='line_1_117' title="bbox 1499 6141 2454 6216; baseline -0.01 -11"><span class='ocrx_word' id='word_1_958' title='bbox 1499 6165 1533 6206; x_wconf 86' lang='lat' dir='ltr'>en</span> <span class='ocrx_word' id='word_1_959' title='bbox 1552 6163 1598 6204; x_wconf 88' lang='lat' dir='ltr'>ore</span> <span class='ocrx_word' id='word_1_960' title='bbox 1616 6147 1683 6214; x_wconf 86' lang='lat' dir='ltr'>oiri,</span> <span class='ocrx_word' id='word_1_961' title='bbox 1701 6151 1725 6202; x_wconf 91' lang='lat' dir='ltr'>et</span> <span class='ocrx_word' id='word_1_962' title='bbox 1754 6151 1860 6202; x_wconf 88' lang='lat' dir='ltr'>torrens</span> <span class='ocrx_word' id='word_1_963' title='bbox 1886 6145 2042 6202; x_wconf 89' lang='lat' dir='ltr'>redundans</span> <span class='ocrx_word' id='word_1_964' title='bbox 2069 6141 2130 6216; x_wconf 79' lang='lat' dir='ltr'>soris</span> <span class='ocrx_word' id='word_1_965' title='bbox 2157 6145 2312 6214; x_wconf 88' lang='lat' dir='ltr'>sapientiae.</span> <span class='ocrx_word' id='word_1_966' title='bbox 2337 6145 2454 6214; x_wconf 83' lang='lat' dir='ltr'>(Septua-</span> 
     </span>
     <span class='ocr_line' id='line_1_118' title="bbox 1499 6235 2455 6304; baseline -0.004 -16"><span class='ocrx_word' id='word_1_967' title='bbox 1499 6237 1587 6304; x_wconf 87' lang='lat' dir='ltr'>ginta:</span> <span class='ocrx_word' id='word_1_968' title='bbox 1606 6239 1681 6304; x_wconf 82' lang='lat' dir='ltr'>Aqtra</span> <span class='ocrx_word' id='word_1_969' title='bbox 1700 6237 1831 6302; x_wconf 88' lang='lat' dir='ltr'>protunda</span> <span class='ocrx_word' id='word_1_970' title='bbox 1849 6249 1938 6288; x_wconf 89' lang='lat' dir='ltr'>sermo</span> <span class='ocrx_word' id='word_1_971' title='bbox 1956 6235 1983 6288; x_wconf 92' lang='lat' dir='ltr'>in</span> <span class='ocrx_word' id='word_1_972' title='bbox 2003 6235 2082 6288; x_wconf 90' lang='lat' dir='ltr'>corde</span> <span class='ocrx_word' id='word_1_973' title='bbox 2099 6235 2163 6298; x_wconf 88' lang='lat' dir='ltr'>viri,</span> <span class='ocrx_word' id='word_1_974' title='bbox 2178 6235 2277 6286; x_wconf 87' lang='lat' dir='ltr'>flumen</span> <span class='ocrx_word' id='word_1_975' title='bbox 2296 6237 2382 6284; x_wconf 87' lang='lat' dir='ltr'>autern</span> <span class='ocrx_word' id='word_1_976' title='bbox 2401 6245 2455 6284; x_wconf 89' lang='lat' dir='ltr'>sca·</span> 
     </span>
     <span class='ocr_line' id='line_1_119' title="bbox 1499 6317 2453 6394; baseline -0.008 -14"><span class='ocrx_word' id='word_1_977' title='bbox 1499 6325 1562 6380; x_wconf 86' lang='grc'><strong>11111</strong></span> <span class='ocrx_word' id='word_1_978' title='bbox 1571 6331 1596 6378; x_wconf 86' lang='lat' dir='ltr'>et</span> <span class='ocrx_word' id='word_1_979' title='bbox 1605 6329 1661 6380; x_wconf 90' lang='lat' dir='ltr'>sons</span> <span class='ocrx_word' id='word_1_980' title='bbox 1670 6325 1759 6394; x_wconf 87' lang='lat' dir='ltr'>vitae).</span> <span class='ocrx_word' id='word_1_981' title='bbox 1769 6351 1805 6364; x_wconf 91' lang='lat'>—</span> <span class='ocrx_word' id='word_1_982' title='bbox 1815 6323 1861 6376; x_wconf 88' lang='lat' dir='ltr'>Ed.</span> <span class='ocrx_word' id='word_1_983' title='bbox 1875 6325 1968 6376; x_wconf 88' lang='lat' dir='ltr'>omittit</span> <span class='ocrx_word' id='word_1_984' title='bbox 1979 6323 2127 6378; x_wconf 88' lang='lat' dir='ltr'>secundum</span> <span class='ocrx_word' id='word_1_985' title='bbox 2141 6321 2226 6376; x_wconf 91' lang='lat' dir='ltr'>aliam</span> <span class='ocrx_word' id='word_1_986' title='bbox 2240 6317 2453 6374; x_wconf 89' lang='lat' dir='ltr'>translationem.</span> 
     </span>
    </p>

    <p class='ocr_par' dir='ltr' id='par_1_27' title="bbox 1497 6405 2453 6924">
     <span class='ocr_line' id='line_1_120' title="bbox 1570 6405 2453 6480; baseline -0.009 -14"><span class='ocrx_word' id='word_1_987' title='bbox 1570 6409 1592 6442; x_wconf 83' lang='lat'>¹⁰</span> <span class='ocrx_word' id='word_1_988' title='bbox 1611 6415 1638 6466; x_wconf 92' lang='lat' dir='ltr'>lu</span> <span class='ocrx_word' id='word_1_989' title='bbox 1655 6413 1724 6466; x_wconf 89' lang='lat' dir='ltr'>loao.</span> <span class='ocrx_word' id='word_1_990' title='bbox 1745 6411 1896 6464; x_wconf 81' lang='grc'><strong>11111151.</strong></span> <span class='ocrx_word' id='word_1_991' title='bbox 1917 6411 1990 6480; x_wconf 87' lang='lat' dir='ltr'>(allas</span> <span class='ocrx_word' id='word_1_992' title='bbox 2008 6409 2062 6478; x_wconf 89' lang='grc'><strong>50.)</strong></span> <span class='ocrx_word' id='word_1_993' title='bbox 2080 6425 2108 6462; x_wconf 89' lang='lat' dir='ltr'>n.</span> <span class='ocrx_word' id='word_1_994' title='bbox 2128 6409 2151 6472; x_wconf 95' lang='grc'>1,</span> <span class='ocrx_word' id='word_1_995' title='bbox 2172 6407 2216 6460; x_wconf 91' lang='lat' dir='ltr'>ubi</span> <span class='ocrx_word' id='word_1_996' title='bbox 2237 6411 2296 6471; x_wconf 88' lang='lat' dir='ltr'>post</span> <span class='ocrx_word' id='word_1_997' title='bbox 2318 6405 2400 6458; x_wconf 87' lang='lat' dir='ltr'>verba</span> <span class='ocrx_word' id='word_1_998' title='bbox 2421 6407 2453 6458; x_wconf 90' lang='grc'>11-</span> 
     </span>
     <span class='ocr_line' id='line_1_121' title="bbox 1499 6497 2452 6568; baseline -0.01 -12"><span class='ocrx_word' id='word_1_999' title='bbox 1499 6505 1582 6568; x_wconf 83' lang='lat' dir='ltr'>legata</span> <span class='ocrx_word' id='word_1_1000' title='bbox 1601 6501 1737 6568; x_wconf 87' lang='lat' dir='ltr'>sequitur:</span> <span class='ocrx_word' id='word_1_1001' title='bbox 1757 6499 1788 6552; x_wconf 90' lang='lat' dir='ltr'>Ut</span> <span class='ocrx_word' id='word_1_1002' title='bbox 1808 6513 1872 6564; x_wconf 85' lang='lat' dir='ltr'>ergo</span> <span class='ocrx_word' id='word_1_1003' title='bbox 1896 6499 2005 6568; x_wconf 84' lang='lat' dir='ltr'>[aquarn</span> <span class='ocrx_word' id='word_1_1004' title='bbox 2031 6497 2133 6566; x_wconf 90' lang='lat' dir='ltr'>vivam]</span> <span class='ocrx_word' id='word_1_1005' title='bbox 2159 6497 2237 6548; x_wconf 88' lang='lat' dir='ltr'>simul</span> <span class='ocrx_word' id='word_1_1006' title='bbox 2249 6539 2250 6544; x_wconf 70' lang='grc'>,</span> <span class='ocrx_word' id='word_1_1007' title='bbox 2264 6499 2290 6548; x_wconf 91' lang='lat' dir='ltr'>et</span> <span class='ocrx_word' id='word_1_1008' title='bbox 2318 6509 2452 6560; x_wconf 89' lang='lat' dir='ltr'>uunqaam</span> 
     </span>
     <span class='ocr_line' id='line_1_122' title="bbox 1498 6571 2452 6652; baseline -0.01 -8"><span class='ocrx_word' id='word_1_1009' title='bbox 1498 6589 1611 6644; x_wconf 87' lang='lat' dir='ltr'>delicere</span> <span class='ocrx_word' id='word_1_1010' title='bbox 1636 6593 1660 6640; x_wconf 88' lang='lat' dir='ltr'>et</span> <span class='ocrx_word' id='word_1_1011' title='bbox 1684 6587 1845 6642; x_wconf 80' lang='lat' dir='ltr'>irratiobiliter</span> <span class='ocrx_word' id='word_1_1012' title='bbox 1870 6587 1973 6652; x_wconf 89' lang='lat' dir='ltr'>operari</span> <span class='ocrx_word' id='word_1_1013' title='bbox 1998 6587 2116 6652; x_wconf 85' lang='lat' dir='ltr'>denotet,</span> <span class='ocrx_word' id='word_1_1014' title='bbox 2135 6571 2232 6636; x_wconf 80' lang='lat' dir='ltr'>fontem</span> <span class='ocrx_word' id='word_1_1015' title='bbox 2252 6587 2277 6634; x_wconf 92' lang='lat' dir='ltr'>et</span> <span class='ocrx_word' id='word_1_1016' title='bbox 2296 6583 2391 6636; x_wconf 89' lang='lat' dir='ltr'>lluvios</span> <span class='ocrx_word' id='word_1_1017' title='bbox 2409 6597 2452 6650; x_wconf 89' lang='lat' dir='ltr'>ap·</span> 
     </span>
     <span class='ocr_line' id='line_1_123' title="bbox 1498 6671 2453 6746; baseline -0.004 -14"><span class='ocrx_word' id='word_1_1018' title='bbox 1498 6681 1591 6746; x_wconf 80' lang='lat' dir='ltr'>pellat3</span> <span class='ocrx_word' id='word_1_1019' title='bbox 1611 6693 1662 6732; x_wconf 91' lang='lat' dir='ltr'>non</span> <span class='ocrx_word' id='word_1_1020' title='bbox 1687 6693 1768 6732; x_wconf 92' lang='lat' dir='ltr'>unum</span> <span class='ocrx_word' id='word_1_1021' title='bbox 1795 6679 1920 6742; x_wconf 84' lang='lat' dir='ltr'>fluvium,</span> <span class='ocrx_word' id='word_1_1022' title='bbox 1941 6675 1987 6728; x_wconf 84' lang='lat' dir='ltr'>scd</span> <span class='ocrx_word' id='word_1_1023' title='bbox 2007 6671 2217 6726; x_wconf 89' lang='lat' dir='ltr'>innumerabiles.</span> <span class='ocrx_word' id='word_1_1024' title='bbox 2235 6675 2265 6724; x_wconf 89' lang='lat' dir='ltr'>Et</span> <span class='ocrx_word' id='word_1_1025' title='bbox 2288 6673 2340 6726; x_wconf 89' lang='lat' dir='ltr'>illic</span> <span class='ocrx_word' id='word_1_1026' title='bbox 2365 6673 2453 6728; x_wconf 90' lang='lat' dir='ltr'>salien-</span> 
     </span>
     <span class='ocr_line' id='line_1_124' title="bbox 1498 6761 2452 6836; baseline -0.004 -16"><span class='ocrx_word' id='word_1_1027' title='bbox 1498 6775 1549 6820; x_wconf 88' lang='lat' dir='ltr'>tem</span> <span class='ocrx_word' id='word_1_1028' title='bbox 1571 6767 1656 6836; x_wconf 87' lang='lat' dir='ltr'>[loan.</span> <span class='ocrx_word' id='word_1_1029' title='bbox 1676 6767 1707 6832; x_wconf 83' lang='grc'>1,</span> <span class='ocrx_word' id='word_1_1030' title='bbox 1727 6765 1782 6834; x_wconf 78' lang='lat' dir='ltr'>lt]</span> <span class='ocrx_word' id='word_1_1031' title='bbox 1802 6779 1850 6832; x_wconf 90' lang='lat' dir='ltr'>pro</span> <span class='ocrx_word' id='word_1_1032' title='bbox 1871 6763 2013 6816; x_wconf 70' lang='lat' dir='ltr'>intendente</span> <span class='ocrx_word' id='word_1_1033' title='bbox 2030 6761 2102 6814; x_wconf 87' lang='lat' dir='ltr'>dixit.</span> <span class='ocrx_word' id='word_1_1034' title='bbox 2120 6787 2156 6800; x_wconf 89' lang='lat'>--</span> <span class='ocrx_word' id='word_1_1035' title='bbox 2175 6761 2301 6826; x_wconf 87' lang='lat' dir='ltr'>Superius</span> <span class='ocrx_word' id='word_1_1036' title='bbox 2324 6767 2385 6828; x_wconf 92' lang='lat' dir='ltr'>post</span> <span class='ocrx_word' id='word_1_1037' title='bbox 2405 6761 2452 6816; x_wconf 85' lang='lat' dir='ltr'>im·</span> 
     </span>
     <span class='ocr_line' id='line_1_125' title="bbox 1497 6847 2127 6924; baseline -0.013 -14"><span class='ocrx_word' id='word_1_1038' title='bbox 1497 6859 1588 6924; x_wconf 87' lang='lat' dir='ltr'>petum</span> <span class='ocrx_word' id='word_1_1039' title='bbox 1606 6855 1650 6910; x_wconf 86' lang='lat' dir='ltr'>ed.</span> <span class='ocrx_word' id='word_1_1040' title='bbox 1669 6853 1743 6908; x_wconf 86' lang='lat' dir='ltr'>addit</span> <span class='ocrx_word' id='word_1_1041' title='bbox 1759 6847 1946 6922; x_wconf 79' lang='lat' dir='ltr'>spiritualium</span> <span class='ocrx_word' id='word_1_1042' title='bbox 1962 6847 2127 6920; x_wconf 75' lang='lat' dir='ltr'>gratiarum.</span> 
     </span>
    </p>
   </div>
   <div class='ocr_carea' id='block_1_15' title="bbox 0 0 2954 8266">
    <p class='ocr_par' dir='ltr' id='par_1_28' title="bbox 0 0 2954 8266">
     <span class='ocr_line' id='line_1_126' title="bbox 0 0 2954 8266; baseline 0 0"><span class='ocrx_word' id='word_1_1043' title='bbox 0 0 2954 8266; x_wconf 95' lang='lat' dir='ltr'> </span> 
     </span>
    </p>
   </div>
  </div>
 </body>
</html>
