5916 8276
342 2503 433 2558 Quaest.
443 2499 498 2546 incl·

190 2581 204 2620 J
364 2555 418 2598 dens
433 2553 497 2598 scivi·

366 2611 408 2652 tur.

1207 493 1423 584 jocuumvn
1436 517 1476 584 u
1497 517 1665 584 ictuum
1686 517 1719 586 c.
1742 493 1791 586 xl.

472 693 474 696 ·
510 713 512 726 0
602 697 653 762 ει,
680 695 779 782 (ιεηε.
808 693 888 778 ιι).
908 693 994 762 Sed¹
1014 693 1145 780 gaudeo
1169 699 1306 780 propter
1330 711 1413 772 uec,
1436 693 1489 774 id,

512 803 560 866 εει
581 799 748 868 utilitatem
770 803 926 878 vestram,
941 805 979 864 ut
1000 789 1164 876 credatis,
1187 797 1269 884 prtia
1283 815 1351 864 nou
1372 817 1469 866 eruut

512 903 581 986 ιιι·
613 909 672 974 hcc
701 925 764 974 non
789 903 931 970 refertur
953 901 994 968 ad
1023 901 1134 980 fidem,
1160 895 1216 968 sed
1237 903 1276 968 ad
1298 903 1467 988 gaudium,

509 1013 639 1096 quadro
664 1009 795 1088 scilicet,
817 1007 900 1094 quia
923 1025 989 1072 uon
1010 1025 1106 1074 muru
1120 1005 1185 1086 ihi,
1210 1011 1246 1072 ut
1268 1007 1468 1092 postmodum

510 1133 555 1182 ex
575 1123 684 1186 nostro
705 1115 843 1182 adventu
866 1111 942 1178 tides
965 1117 1069 1180 vestra
1093 1111 1252 1180 solidetur.
1278 1111 1348 1204 Ideo
1369 1113 1466 1180 dicit:

511 1221 574 1288 Sed
596 1239 716 1288 eamus·
736 1217 782 1286 ad
803 1235 895 1294 euru,
920 1223 1049 1304 propter
1071 1217 1272 1286 securitatem
1303 1223 1334 1284 et
1360 1217 1472 1284 Lazari·

509 1327 727 1394 necessitatem
749 1329 781 1390 et
803 1315 938 1390 vestram
970 1321 1145 1390 utilitatem.
1170 1323 1271 1400 ilatio,
1294 1339 1394 1410 quare
1414 1341 1468 1390 ve·
1490 1351 1491 1354 ¹

509 1431 742 1510 messuerat,
773 1427 849 1514 qula
877 1427 1017 1508 amicus;
1046 1427 1127 1494 inira
1158 1427 1279 1496 decimo
1307 1427 1465 1514 quarto²z

515 1559 532 1592 r
549 1535 579 1600 Si
603 1527 675 1622 quis
696 1533 797 1618 diligit
819 1551 886 1614 me,
906 1541 1087 1602 'sermonem
1118 1551 1226 1602 meum
1248 1533 1404 1616 servabit,
1434 1541 1467 1602 et
1491 1553 1492 1556 ’

510 1641 602 1708 Pater
624 1657 714 1708 meus
748 1639 856 1726 diliget
887 1657 979 1722 enm,
1013 1647 1045 1708 ει
1074 1641 1114 1708 ad
1136 1649 1211 1708 eum
1244 1641 1410 1710 veniemus
1434 1649 1467 1710 et

510 1745 702 1814 mansionem
727 1745 809 1832 apud
833 1763 906 1814 eum
928 1745 1077 1816 iaciemus
1093 1773 1124 1812 u.

548 1897 550 1902 .
600 1853 651 1920 ut.
677 1853 776 1938 (Vens.
805 1853 878 1938 ld).
911 1853 1004 1920 utun
1026 1871 1108 1940 erpo
1133 1849 1284 1918 Thomas.
1313 1853 1465 1940 Tangitur

509 1955 562 2024 hic
584 1965 753 2044 quartum,
770 1957 888 2026 scilicet
919 1955 1059 2024 Thorace
1074 1957 1290 2036 animositas,
1313 1957 1466 2024 etiamad

510 2065 799 2144 commoriendum3
821 2063 890 2132 idco
907 2063 999 2132 dicit:
1025 2063 1118 2130 llicit
1132 2081 1209 2148 erpo
1234 2057 1392 2144 Thomas,¹
1407 2063 1467 2152 qui

509 2171 633 2238 dicitur
668 2171 850 2258 Dr'rtpurus,
874 2169 963 2252 quasi
997 2167 1053 2236 diu
1082 2165 1248 2234 dubitans:
1279 2171 1407 2236 Eamus
1436 2177 1465 2236 et

509 2295 569 2342 aas
593 2283 622 2344 et
643 2277 834 2342 moriuntur
858 2293 933 2342 curu
949 2273 1010 2342 witto
1027 2275 1050 2342 ³:
1074 2281 1075 2284 ’
1124 2299 1125 2304 ’

599 2381 728 2468 Quaerit
749 2381 1039 2464 chrysostomusi:
1062 2371 1224 2466 Quomodo
1247 2381 1380 2448 Thomas
1404 2383 1465 2450 hoc

509 2487 590 2556 dixit
606 2495 619 2554 ι
641 2489 679 2554 Ει
693 2487 786 2568 dicit,
802 2485 886 2572 quod
910 2485 990 2554 dixit
1011 2505 1054 2554 ex
1069 2487 1304 2568 formidatione3
1329 2487 1382 2556 sed
1399 2505 1464 2556 me*

507 2593 570 2661 lius
593 2595 775 2674 dicendum,
807 2591 888 2678 qucd
922 2591 1039 2662 dixerit
1059 2611 1102 2662 ex
1131 2593 1332 2676 fortitudine,
1356 2593 1464 2662 idest

507 2701 728 2768 exhortatione
749 2699 872 2768 Domini
894 2699 1066 2780 animatus,
1092 2705 1122 2768 et
1145 2699 1301 2786 sapienter
1329 2699 1412 2768 dixit
1432 2707 1465 2768 et

507 2795 644 2886 fortiter;
662 2807 745 2876 unde
760 2805 915 2876 secundae
937 2807 1189 2902 adwTirnotheun
1207 2797 1344 2874 secundo
1355 2807 1381 2874 ⁶:
1405 2803 1463 2874 «Si

508 2915 694 2982 commortui
719 2931 829 2982 sumus
839 2925 852 2994 ,’
864 2917 894 2980 ει
918 2913 1134 2992 convivemus;
1157 2911 1182 2980 si
1206 2913 1416 2994 sustinemus,
1432 2921 1464 2982 et
1496 2965 1498 2992 ,

507 3019 768 3104 conregnabimus
785 3045 814 3084 s.
1351 3051 1353 3054 -

598 3127 649 3192 97.
677 3125 776 3206 [Vens.
797 3123 870 3206 l7.).
895 3123 985 3190 Venit
1002 3123 1105 3210 erpoi
1124 3125 1227 3190 Iesus.
1244 3125 1396 3210 Tangitur
1412 3123 1464 3192 hic

508 3229 675 3316 quintum,
697 3229 814 3296 scilicet
839 3229 992 3314 temporis
1007 3229 1170 3308 tarditas:
1190 3229 1296 3298 divina
1316 3229 1402 3298 enim
1417 3229 1463 3296 di-

507 3335 702 3422 spensatione
727 3335 786 3402 hcc
809 3341 931 3420 gestum
954 3341 1018 3416 est:
1043 3335 1125 3404 unde
1148 3353 1211 3402 non
1235 3341 1356 3404 tantum
1376 3335 1465 3404 inve·-'

508 3443 556 3510 nit
576 3447 757 3522 mortuum,
782 3439 836 3508 sed
859 3439 1023 3520 loetidnm,
1046 3447 1083 3508 ut
1113 3441 1231 3510 certius
1260 3449 1293 3508 et
1326 3443 1462 3508 admira-

507 3547 604 3616 bilius
626 3555 657 3614 et
680 3525 942 3632 gloriosiusesset
964 3547 1173 3628 miraculum;
1197 3555 1229 3614 et
1244 3545 1311 3614 ideo
1337 3547 1460 3616 subdit:

508 3655 551 3720 Et
571 3653 694 3720 incutit
725 3671 801 3720 cunt
822 3653 892 3718 ictu
924 3661 1068 3740 quotuor
1092 3653 1161 3720 dies
1186 3653 1224 3718 in
1253 3661 1462 3720 monumento

509 3753 693 3836 habentem,
710 3763 743 3824 et
764 3755 807 3822 ita
821 3755 987 3838 foetidum;
1010 3757 1093 3824 inira
1108 3755 1215 3824 ecdem
1229 3755 1254 3820 ⁷:
1284 3757 1461 3836 «Domine,

507 3863 569 3928 iam
593 3863 700 3942 foetet,
726 3861 955 3948 quatriduanus
979 3863 1059 3930 enim
1085 3867 1130 3928 est
1147 3887 1176 3926 u.

599 3971 650 4038 98.
677 3971 776 4056 (Vers.
804 3969 876 4052 ts).
905 3969 988 4034 Erat
1018 3975 1128 4034 autent
1157 3965 1327 4034 Bethania.
1352 3965 1463 4052 Tangi-

509 4081 563 4142 tur
585 4077 636 4142 hic
672 4075 837 4154 ultimum,
863 4073 979 4142 scilicet
1013 4073 1076 4140 loci
1109 4073 1349 4158 opportunitas.
1384 4073 1464 4158 Quia

509 4183 592 4250 enim
615 4199 713 4268 prope
743 4181 912 4250 Ierusalem
933 4185 1018 4262 erat,
1046 4179 1137 4246 multi
1168 4179 1271 4246 ludaei
1294 4185 1465 4260 venerant,

509 4289 564 4376 qui
587 4295 690 4358 essent
714 4295 808 4356 testes
830 4287 983 4354 miraculi.
999 4285 1095 4352 llatic¹
1109 4291 1232 4366 autem,
1255 4303 1467 4370 quarevene-¹
1502 4287 1503 4314 ³

509 4403 594 4478 rant,
612 4403 679 4464 erat
701 4393 759 4462 loci
776 4391 993 4478 opportunitas
1007 4391 1072 4460 sive
1088 4391 1313 4478 propinquitas.
1335 4393 1464 4478 Propter

580 4779 590 4810 ¹
610 4781 723 4846 Vulgata
736 4777 783 4844 Et,
797 4791 826 4830 uc
839 4777 918 4844 paulo
930 4775 1037 4830 interius
1051 4775 1178 4846 quonian
1190 4789 1245 4832 non
1258 4791 1307 4842 pro
1320 4775 1385 4848 quia
1397 4791 1464 4832 uon.

579 4867 591 4898 ²
611 4871 685 4922 Vers.
698 4871 741 4922 23.
753 4895 790 4908 -
803 4865 929 4934 Superius
941 4871 999 4932 post
1011 4865 1132 4922 uniebat
1148 4869 1167 4918 Ε
1179 4865 1252 4918 addit
1264 4865 1302 4920 od
1312 4869 1462 4922 Lazarum.

579 4953 591 4986 ³
611 4957 723 5022 Vulgata
741 4955 823 5008 verbu
842 4955 945 5008 Euctus
964 4951 1353 5022 praeligitudccudircipulcs,
1367 4959 1465 5020 etpost

509 5049 535 5100 et
551 5057 601 5098 aas
619 5043 788 5110 prosequitur
805 5045 837 5096 ut
854 5039 1008 5096 moriamur
1024 5057 1087 5098 oum
1105 5055 1143 5096 cc.
1164 5069 1197 5080 -
1217 5041 1336 5108 Hieron,
1355 5039 1411 5096 Lib.
1429 5043 1465 5094 de

510 5131 666 5188 Nominibus
683 5131 803 5184 Hebraic.
821 5145 885 5184 nor.
905 5135 1005 5184 testam
1019 5133 1122 5184 blathu:
1138 5129 1269 5194 Thomas,
1283 5129 1409 5196 abyssus,
1421 5131 1464 5182 vel

509 5221 645 5292 penisus,
663 5221 735 5274 unde
746 5225 771 5272 et
784 5221 880 5272 Graece
891 5217 1023 5290 Didymus
1043 5219 1194 5284 appellatur.
1208 5219 1293 5282 Beda,
1305 5219 1323 5270 i.
1343 5219 1368 5270 in
1386 5219 1464 5270 Marc.

474 5297 476 5300 ¹
512 5313 544 5378 3,
558 5311 590 5364 ιιι
602 5327 609 5364 :
624 5309 749 5374 Tbccaes,
763 5307 882 5372 abyssus
896 5305 936 5360 vel
951 5305 1080 5380 geminus,
1094 5305 1167 5372 quod
1178 5309 1219 5356 est
1231 5305 1329 5358 Graece
1343 5299 1464 5374 Δίδυμος,

510 5415 580 5468 quae
600 5405 709 5466 utraque
728 5395 904 5462 interpretatio
923 5393 978 5448 eius
995 5393 1073 5446 statui
1087 5391 1214 5456 congruit.
1227 5391 1356 5456 Didymus
1367 5393 1464 5445 etenim

510 5495 580 5542 recte
599 5485 687 5542 vocari
705 5485 792 5552 potuit
808 5487 917 5548 propter
934 5479 1047 5534 dubium
1065 5495 1111 5534 cor
1123 5479 1150 5532 ln
1162 5477 1293 5532 credendo
1312 5481 1405 5532 effectu
1418 5477 1466 5532 do·

509 5579 621 5630 minicae
639 5571 846 5630 resurrectionis.
864 5569 981 5636 abyssus
998 5569 1070 5624 idem
1089 5567 1173 5636 potuit
1192 5567 1248 5618 iure
1267 5567 1333 5632 dici,
1350 5581 1412 5622 cum
1430 5568 1467 5619 al-

510 5665 650 5720 titudinem
677 5663 825 5716 dominicae
845 5659 946 5714 vlrtutls
966 5659 992 5712 in
1010 5655 1201 5712 resurrectione
1220 5651 1376 5708 celebratam
1396 5661 1465 5708 certa

510 5753 563 5806 lide
581 5753 728 5818 penetravit
744 5749 888 5820 [duplicem
909 5753 976 5802 hauc
993 5747 1182 5812 expositionem
1201 5741 1286 5806 Beda,
1298 5747 1326 5798 tl.
1340 5747 1365 5798 in
1376 5747 1464 5798 Matth.

512 5843 560 5910 lb,
579 5843 605 5894 3.
624 5847 650 5894 ει
668 5843 695 5894 ιι.
714 5843 741 5894 ιη
758 5841 821 5894 Luc.
842 5841 871 5906 6,
893 5837 933 5892 ιι.
953 5853 1007 5906 seq.
1028 5837 1141 5890 breviter
1160 5833 1339 5898 complectitur
1352 5835 1392 5888 his
1406 5851 1465 5888 ver-

512 5929 567 5984 bis:
586 5929 648 5998 quiu
668 5945 720 5998 quo
739 5929 831 5980 ceteris
859 5927 955 5982 diutius
975 5925 1116 5992 dubitavit,
1136 5937 1168 5978 eo
1187 5921 1335 5976 dominicae
1352 5939 1466 5978 resurre-

512 6017 605 6072 ctionis
622 6017 757 6072 veritatem
778 6017 855 6070 altilis
872 6015 985 6086 didicit].
1003 6009 1055 6068 Cir.
1074 6013 1164 6066 Glossu
1187 6005 1329 6062 ardicuria
1350 6009 1377 6060 in
1397 6011 1465 6062 toan:

513 6107 562 6172 20,
582 6107 624 6160 et.
646 6107 748 6158 -Pro
767 6101 894 6182 dubitans
913 6103 932 6154 li
950 6101 1056 6158 derbiae.

582 6191 639 6248 ‘ln
659 6197 727 6248 toan.
745 6191 833 6246 homil.
853 6193 895 6244 62.
916 6189 987 6258 (alios
1016 6189 1067 6258 ct.)
1082 6221 1083 6224 =
1097 6203 1124 6242 n.
1151 6191 1184 6242 ιι
1204 6185 1300 6240 Omnes
1319 6185 1408 6254 itaque
1425 6189 1467 6240 lu-

511 6285 639 6338 daeorum
669 6285 797 6350 impetum
823 6279 1013 6344 formidabant,
1042 6277 1161 6332 omnium
1192 6275 1304 6328 maxime
1334 6275 1464 6342 Thomas;

512 6371 571 6426 ideo
592 6371 672 6426 dixit:
689 6371 806 6434 Eunus,
828 6371 861 6424 ut
877 6371 902 6422 el
918 6383 967 6424 aus
979 6349 1133 6422 moriamur
1147 6377 1210 6422 curn
1223 6377 1260 6418 ec.
1275 6363 1386 6428 Quidam
1400 6377 1464 6418 vero

511 6457 615 6526 dicunt,
634 6459 723 6524 ipsum
740 6457 807 6510 mori
832 6461 954 6522 optasse3
974 6457 1020 6512 sed
1039 6469 1092 6510 non
1109 6455 1143 6508 ite
1162 6467 1204 6506 res
1223 6455 1273 6518 est,
1285 6463 1358 6502 ,nam
1377 6453 1465 6518 potius

510 6561 544 6602 ex
561 6547 656 6602 timore
674 6545 838 6614 loquebatur.

551 6677 552 6680 ,
584 6635 601 6666 ⁵¹
614 6637 688 6690 Vens.
708 6639 750 6690 ll.
763 6651 819 6704 seq.
832 6635 916 6690 Codd.
929 6633 1059 6690 breviter:
1073 6633 1105 6690 Si
1115 6629 1281 6688 commortui
1290 6629 1356 6698 [non
1369 6631 1464 6696 pauci:

512 6725 627 6794 curtat]
645 6725 794 6794 sueinus,
821 6727 849 6780 et
872 6723 1104 6794 conregnabimus.
1122 6749 1159 6762 —
1176 6721 1266 6774 Glossa
1286 6717 1465 6776 interlinearis

512 6815 540 6868 in
558 6815 624 6868 loun.
647 6815 688 6878 ιι,
710 6815 759 6866 tt:
779 6815 812 6868 Ει
830 6811 1058 6866 metamaucum
1076 6825 1124 6866 cc:
1138 6813 1218 6872 Ecce,
1230 6819 1309 6860 verus
1322 6811 1466 6862 amantium

1498 3341 1499 3358 ²
1527 3353 1591 3420 quo
1613 3333 1764 3418 languore
1792 3335 1994 3402 Ecclesiastlci
2019 3335 2139 3404 decimo
2156 3335 2200 3402 1³:
2223 3337 2383 3422 Lanpuor
2404 3357 2481 3422 pro-

1497 3441 1498 3444 ’
1528 3439 1628 3506 linior
1655 3449 1782 3526 procat
1807 3439 1990 3518 merlinum,-
2023 3443 2097 3526 quia
2122 3443 2178 3510 vix
2207 3443 2373 3526 contingit,
2405 3443 2481 3528 quin

2425 521 2488 590 399

1532 695 1799 786 opportunitatem
1829 695 1917 764 dicit:
1949 697 2033 774 Erat
2056 701 2168 764 autern
2200 693 2362 762 Bethania
2394 695 2490 762 iuncte

1532 799 1771 890 ierosolymam
1793 803 1894 892 quest
1913 803 2034 870 stadiis
2054 801 2250 890 quindecim.
2276 801 2414 868 Stadium
2443 809 2487 868 est

1532 909 1641 970 octava
1658 923 1737 990 pars
1760 907 1898 974 milliarii
1913 909 1935 988 ⁸,
1952 911 1991 978 'et
2015 909 2056 976 ita
2081 905 2279 996 propinquus
2292 911 2360 974 erat
2384 907 2486 984 loeus:

1532 1011 1770 1096 propterquod
1793 1013 1884 1078 etiam
1909 1011 2000 1082 dicit:

1619 1117 1673 1180 99.
1697 1117 1798 1200 (Vers.
1827 1119 1901 1200 lc).
1925 1119 2022 1186 Multi
2037 1121 2154 1188 ‘autem
2174 1139 2215 1186 eac
2236 1115 2373 1184 ludaeis
2396 1133 2486 1184 neue-

1532 1227 1611 1286 rnut
1633 1211 1697 1286 ud*
1714 1219 1881 1288 Maribam
1905 1229 1934 1290 et
1968 1223 2135 1306 Mariam,
2166 1233 2205 1292 ut
2236 1223 2487 1292 consolarentur

1531 1341 1588 1390 eus
1610 1325 1650 1388 de
1670 1321 1782 1410 fratre
1802 1345 1884 1404 suc,-
1907 1327 1982 1412 quia
2003 1333 2081 1398 tunc
2102 1331 2285 1422 maluerat
2309 1327 2433 1396 tristitia
2450 1327 2486 1394 de

1531 1427 1682 1508 mortuis
1707 1429 1761 1498 sed
1784 1437 2011 1516 postmortem
2034 1433 2151 1502 Christi
2171 1437 2213 1502 de
2233 1435 2325 1502 bonis
2352 1433 2486 1502 mortuis

1525 1533 1622 1622 ¹debet
1645 1551 1713 1604 esse
1728 1535 1914 1618 consolatlo;
1937 1535 2014 1622 quia
2034 1537 2144 1606 «beati
2159 1541 2290 1622 mortui,
2307 1541 2361 1628 qul
2378 1541 2411 1608 in
2425 1541 2486 1610 Dc-

1530 1637 1614 1706 minc
1637 1643 1819 1710 moriuntur
1833 1641 1846 1682 ⁹
1860 1649 1898 1724 »ς
1920 1641 1989 1710 ideo
2020 1643 2140 1728 primae
2162 1645 2202 1712 ad
2231 1647 2486 1712 Thessalonicen·-

1531 1763 1580 1814 ses
1603 1753 1734 1832 quarto:
1764 1749 1966 1828 «Nolumus,
1988 1765 2045 1814 vos
2068 1749 2214 1836 ignorare
2234 1751 2275 1818 de
2303 1751 2484 1820 dormienti·-

1529 1851 1607 1932 ηηε,
1630 1857 1668 1918 ut
1688 1869 1754 1920 non·
1769 1853 2017 1934 contristemini,
2036 1853 2117 1922 siout
2141 1859 2171 1922 et
2186 1853 2301 1942 ceteri,
2327 1855 2380 1940 qui
2399 1873 2483 1940 spem

1529 1945 1592 2022 uon
1614 1955 1775 2024 hahent».

1553 2091 1554 2094 ¹
1598 2063 1671 2130 ¹30.
1710 2063 1936 2150 Spirituuliter
1972 2065 2106 2132 notanda
2142 2075 2216 2132 sunt
2249 2065 2331 2132 tria:
2362 2065 2481 2150 primo,
2513 2081 2621 2144 spossus

2504 2135 2620 2188 spiritualis

1529 2167 1651 2254 quid1⁰
1679 2177 1743 2250 est,
1776 2171 1858 2256 quod
1882 2171 2058 2236 Lazarusa
2087 2171 2217 2240 homino
2239 2171 2402 2238 ornatur?
2432 2171 2484 2240 Se
2504 2187 2530 2232 u
2543 2187 2619 2232 ornus.

1427 2301 1428 2304 ¹
1451 2297 1452 2300 ¹
1528 2273 1647 2354 cundo,
1670 2275 1745 2368 quid
1770 2279 1834 2356 est,
1856 2273 1941 2360 quod
1963 2275 2112 2364 languet,
2138 2275 2283 2344 pruritur
2301 2283 2335 2344 et
2355 2279 2483 2366 quatri·

1529 2381 1665 2448 daucus
1687 2381 1879 2448 inuenitur?
1904 2381 2024 2462 Tertio,
2044 2381 2122 2468 quid
2147 2389 2211 2462 est,
2233 2383 2316 2468 quod
2335 2383 2484 2452 Dominus

1529 2505 1604 2554 suos
1624 2487 1803 2574 discipulos
1827 2483 2034 2570 eehcrtutur,
2057 2489 2141 2574 quod
2164 2489 2202 2556 in
2217 2489 2270 2556 die
2290 2489 2482 2558 uacuum?

1616 2593 1754 2660 Lazarus
1779 2593 1917 2660 adiutus
1932 2613 1957 2660 a
1973 2593 2110 2660 Domino
2127 2593 2353 2680 interpretatur
2371 2597 2406 2660 11.
2423 2595 2482 2664 Iste
2501 2609 2647 2718 thsstpvgpgg

1528 2697 1680 2784 significat
1700 2687 1824 2780 virum,
1847 2699 1901 2784 qui
1924 2699 2021 2766 habet
2042 2699 2172 2786 gratiam
2198 2699 2410 2780 adiuvantem,
2435 2719 2482 2770 se·
2501 2715 2609 2760 aarum.

1514 2803 1666 2876 ,cundum
1688 2803 1768 2870 illud
1789 2805 1883 2870 isaiae
1906 2803 2145 2890 quadragesimo
2170 2825 2253 2872 nono
2267 2807 2310 2872 12:
2342 2807 2384 2872 ln
2406 2813 2481 2876 teur-

1524 2927 1607 2996 pore
1628 2917 1758 2996 accepto
1775 2909 1934 2978 exaudiui
1957 2917 2002 2990 te,
2024 2921 2050 2978 et
2066 2913 2103 2978 in
2126 2911 2176 2978 die
2192 2909 2311 2978 suturis
2335 2911 2482 2980 ausilia-

1496 3031 1497 3082 1
1528 3023 1581 3080 tus
1604 3035 1679 3080 curu
1703 3017 1761 3084 tut.
1787 3017 1847 3084 lste
1867 3016 2036 3084 Dominum
2051 3017 2169 3104 diligit,
2192 3017 2262 3086 ideo
2285 3023 2316 3086 et
2339 3025 2479 3100 amatur;

1529 3121 1771 3188 proverbiorum
1793 3127 1919 3190 octavo:
1944 3125 2013 3210 Epo
2036 3125 2209 3216 diligentes
2225 3143 2277 3192 ute
2297 3125 2408 3212 diligo.

1616 3227 1675 3296 lste
1694 3229 1830 3296 Lazarus
1856 3229 1989 3316 lonpuet
2012 3221 2176 3314 inpacati
2201 3231 2418 3310 delectatione,
2443 3233 2480 3300 de
2500 3243 2617 3350 iinfflii

1526 3563 1652 3614 morosa
1673 3545 1836 3614 delectatio
1857 3543 2019 3632 demergat
2039 3545 2073 3612 in
2095 3547 2226 3614 mortale
2249 3553 2420 3632 peccatum.
2438 3559 2481 3598 -'

1498 3645 1499 3648 ’
1528 3649 1586 3716 Sed
1607 3649 1752 3716 ruoritur
1776 3653 1807 3716 in
1839 3669 2010 3730 consensu,
2034 3653 2108 3736 quia
2141 3659 2215 3720 tunc
2245 3659 2481 3736 consummatur
2500 3665 2532 3710 Dr
2545 3665 2613 3720 insius

1499 3769 1500 3772 ’
1526 3761 1688 3842 peccatum
1714 3755 1863 3836 interius;
1880 3755 1980 3824 lacobl
2000 3755 2103 3842 primo
2120 3761 2164 3824 14:
2192 3759 2480 3844 Concupiscentia,

1499 3903 1500 3906 =
1528 3881 1603 3928 eum
1626 3863 1825 3948 conceperit,
1853 3863 1949 3948 parit
1972 3871 2164 3952 peecatum:
2192 3871 2364 3950 peecatum
2389 3883 2478 3946 uero,

2513 3723 2588 3764 morte.

1528 3985 1603 4034 crant
1625 3975 1894 4034 connaturalem
1916 3965 2039 4054 fuerit,
2060 3977 2199 4058 generat
2218 3977 2364 4038 ruortcru.
2383 4007 2426 4022 ·-
2447 3973 2481 4038 st
2495 3983 2644 4082 tppdggvngga·

1526 4073 1779 4162 quatriduanus
1799 4073 1940 4164 efficitur
1960 4079 1989 4142 et
2012 4073 2170 4162 foetidus,
2195 4077 2304 4142 duma
2328 4093 2480 4146 consensu

1527 4179 1711 4266 pervenitur
1733 4181 1767 4248 in
1789 4199 1890 4266 opus,
1914 4179 1955 4248 ab
1977 4199 2073 4266 opere
2098 4181 2131 4248 in
2154 4181 2439 4262 cousuetudinem,
2463 4203 2480 4250 a

1528 4283 1753 4354 consuetudine
1769 4285 1797 4352 in
1819 4285 1948 4372 peceati
1962 4281 2220 4372 impudentium,
2243 4287 2485 4376 quandosrous'

1527 4387 1711 4456 eneretricis
1731 4389 1770 4476 pit
1791 4387 1935 4472 bomini,
1952 4397 1989 4458 ut
2003 4391 2074 4460 tou
2089 4393 2169 4460 nolit
2192 4393 2481 4484 erubescere1⁵;et

1527 4779 1651 4830 affectus:
1669 4779 1714 4830 vel
1731 4791 1792 4830 cum
1811 4791 1844 4830 eo
1861 4775 1967 4842 vivere,
1985 4777 2029 4828 vel
2045 4789 2107 4830 ctam
2127 4791 2158 4830 eo
2176 4775 2253 4828 mori.
2271 4773 2323 4828 Ch.
2340 4777 2364 4828 S.
2379 4777 2480 4842 Thom,

1529 4865 1624 4920 Calena
1644 4877 1723 4918 aurea
1750 4865 1779 4918 in
1804 4865 1872 4918 loun.
1892 4879 1914 4918 c.
1934 4865 1976 4916 ll.
1994 4877 2022 4916 n.
2039 4865 2069 4930 3,
2090 4865 2137 4918 ubi
2154 4877 2184 4918 ex
2204 4865 2274 4916 Beda
2291 4865 2397 4916 affatur
2413 4865 2481 4920 testi·

1527 4955 1659 5018 monium,
1686 4953 1761 5022 quod
1784 4953 1810 5006 in
1838 4953 1877 5006 his
1904 4955 2024 5030 Thomae
2045 4953 2136 5006 verbis
2156 4973 2169 5000 a
2182 4967 2280 5018 magna
2303 4943 2485 5008 eiusvidetur

1528 5051 1590 5104 esse
1603 5041 1746 5092 constantia
1761 5059 1788 5092 s.
1892 5069 1895 5076 ,

1540 5123 1541 5126 ’
1598 5123 1740 5192 ⁶Vulgata
1757 5127 1854 5196 itaque.
1941 5147 1942 5150 ¹

1542 5237 1544 5240 ·
1598 5211 1608 5242 ⁷
1628 5215 1704 5268 Vers.
1723 5215 1766 5268 39.
1784 5213 1835 5270 Cir.
1853 5229 1934 5282 supra
1954 5231 2016 5282 pag.
2034 5217 2100 5282 397,
2120 5223 2179 5272 nota
2199 5217 2224 5272 7.

1543 5297 1544 5300 ’
1598 5297 1714 5372 ⁸Bede,
1735 5303 1788 5356 Vll.
1805 5303 1834 5356 in
1849 5307 1912 5358 Luc.
1930 5303 1979 5368 ιι,
1999 5305 2046 5360 ld:
2067 5301 2201 5372 Stadium,
2227 5321 2281 5374 quo
2309 5309 2414 5372 Graeci,
2434 5321 2480 5362 au-

1503 5439 1505 5442 .
1529 5395 1611 5458 ctore,
1625 5397 1655 5444 at
1666 5391 1769 5460 dicunt,
1781 5393 1905 5458 Hercule,
1922 5393 2028 5446 viarum
2045 5395 2129 5460 spatia
2149 5401 2313 5460 mensurant,
2333 5403 2424 5450 octava
2445 5405 2482 5452 cst

1529 5493 1591 5546 pars
1608 5479 1719 5534 milliarii
1736 5479 1770 5550 [i.
1787 5495 1809 5534 e.
1832 5483 1881 5534 tes
1901 5495 2008 5548 passum
2027 5485 2088 5550 quia
2107 5485 2256 5538 milliarium
2276 5485 2391 5538 continet
2412 5479 2487 5540 lucc

1529 5583 1639 5636 passus;
1659 5569 1774 5640 ideoque
1792 5573 1825 5624 ts
1844 5573 1926 5624 stadia
1952 5561 2028 5624 erunt
2046 5571 2114 5626 l875
2134 5587 2240 5640 possus,
2260 5573 2336 5642 quasi
2352 5573 2406 5626 duo
2426 5575 2480 5626 mil·

1528 5657 1622 5728 liaria].
1643 5657 1788 5728 chrysost,
1807 5661 1836 5714 in
1853 5663 1924 5714 locu¹
1942 5661 2033 5714 homil.
2050 5661 2093 5714 tin.
2113 5661 2186 5732 (allas
2214 5661 2268 5730 ct.)
2285 5675 2315 5714 n.
2333 5663 2362 5714 ιε
2390 5663 2482 5716 Studiis

1528 5747 1679 5814 quindecim
1700 5749 1812 5804 distabat
1830 5747 2054 5816 Bethaniu‘quee
2074 5755 2134 5804 sunt
2152 5749 2271 5804 milliaria
2286 5749 2350 5804 dua

1541 5871 1542 5876 κ
1599 5831 1711 5902 θΑηοε.
1730 5837 1779 5904 ιι,
1798 5839 1841 5890 ι3.
1858 5865 1896 5878 -
1913 5839 2035 5906 Sequitur
2053 5839 2071 5892 l.
2090 5839 2181 5892 Thess
2204 5837 2232 5904 i,
2254 5839 2295 5892 ι3.
2308 5839 2482 5904 -Superius

1528 5939 1577 5990 pro
1604 5923 1692 5978 oculta
1714 5929 1782 5986 ,mat
1807 5925 1917 5980 tristitia
1930 5927 1956 5978 ¹B
1974 5925 2093 5980 multura
2111 5925 2159 5996 [ita
2177 5933 2205 5980 et
2221 5927 2310 5992 plures
2329 5927 2371 5978 alii
2391 5923 2482 5996 codd]

1505 6079 1506 6082 Ἴ
1529 6017 1588 6068 erut
1605 6011 1728 6068 uuluae
1747 6013 1796 6084 [illi
1815 6013 1859 6068 alii
1877 6013 2008 6080 ιιιειιιιηι.

1601 6097 1626 6180 ¹⁰.
1643 6101 1688 6154 Ed.
1709 6103 1751 6156 hic
1770 6108 1795 6157 et
1812 6103 1892 6170 paulo
1909 6103 2018 6156 interius
2034 6117 2085 6168 pro
2102 6101 2167 6172 quid
2185 6087 2451 6170 substituit'qutduu.

1600 6185 1620 6218 ¹¹
1642 6189 1692 6242 Cir.
1714 6205 1793 6256 supra
1811 6205 1874 6256 pag.
1894 6191 1959 6258 act,
1978 6197 2038 6244 nota
2057 6191 2083 6244 3.
2129 6211 2130 6214 ¹

1542 6301 1563 6310 -
1601 6273 1623 6308 ²²
1645 6279 1718 6332 Vens.
1736 6281 1763 6332 Β.
1783 6307 1818 6318 -
1838 6279 1955 6332 Subinde
1970 6280 2094 6344 allegatur
2113 6281 2191 6332 Prov.
2213 6279 2244 6342 8,
2264 6275 2307 6329 ιι.
2325 6305 2359 6316 -
2378 6277 2483 6332 interius

1529 6371 1591 6432 post
1607 6367 1659 6420 iste
1676 6365 1721 6418 ed.
1738 6365 1812 6420 addit
1830 6365 1869 6422 sic
1887 6365 2007 6422 adiutus.

1600 6449 1623 6484 ¹³
1643 6453 1718 6508 Vers.
1739 6455 1781 6506 ll.
1795 6445 1830 6494 -’-
1843 6455 1970 6520 Superius
1986 6457 2046 6518 post
2064 6451 2233 6524 debetulicpe
2252 6451 2292 6504 ed.
2314 6453 2482 6518 prosequitur

1530 6541 1579 6612 qui
1595 6545 1684 6596 morea
1704 6539 1842 6608 dilipitur,
1859 6537 1893 6594 de
1911 6539 1989 6594 citius
2009 6537 2142 6608 lanpucra
2159 6543 2209 6592 eto.

1601 6629 1623 6662 ²⁴
1643 6631 1718 6684 Vens.
1737 6631 1780 6684 tc.

1601 6715 1623 6750 ¹⁶
1643 6719 1675 6774 Ut
1694 6717 1788 6772 dicitur
1808 6719 1852 6770 ler.
1872 6719 1903 6784 3,
1922 6717 1947 6768 3.
1967 6743 2001 6754 -
2021 6717 2143 6784 Sequitur
2155 6715 2235 6770 Amos
2256 6715 2285 6780 ι,
2309 6717 2489 6772 ιιι.-Νοιη-’

1529 6823 1602 6876 mus,
1621 6805 1695 6874 quod
1714 6805 1847 6872 praedicta
1865 6803 2031 6860 inveniantur
2048 6807 2128 6860 etiam
2147 6805 2219 6872 apud
2237 6805 2361 6872 Arigost,
2376 6809 2400 6860 in
2413 6809 2484 6864 loun.
