5916 8276
626 589 690 658 418

623 761 845 834 consummare
865 787 903 842 »3
933 763 1030 830 Isaiae
1058 763 1274 848 sexagesimo:
1301 761 1473 844 «Quando
1508 779 1582 828 cou-

623 889 717 944 versa
738 869 834 938 fuerit
863 871 908 936 ad.
925 875 956 938 te
987 867 1157 936 multitudo
1186 865 1299 946 marie,
1333 865 1483 934 fortitudo
1506 883 1582 952 gen-

623 975 703 1042 tium
731 973 851 1042 venerit
871 973 927 1040 tihi
944 997 976 1038 ».

716 1079 783 1164 Qui
800 1085 898 1150 amat
920 1077 1071 1144 animam
1094 1097 1203 1164 snam.
1228 1075 1283 1144 llic
1304 1075 1445 1162 tangitur
1470 1095 1582 1146 00000-

474 1201 603 1248 aaaron.
622 1183 719 1264 dum,
741 1183 927 1252 0041400404
944 1183 1138 1270 passionem
1154 1183 1356 1250 imitandam
1379 1179 1583 1262 catartaria·

500 1283 501 1288 ’
545 1283 552 1338 s
581 1281 585 1288 '‘
604 1295 656 1356 -04
677 1283 887 1368 exhortatur,
908 1307 1087 1374 proponens
1101 1289 1308 1356 eornrnodnm
1334 1293 1365 1356 04·
1387 1289 1581 1378 exemplam.

505 1413 605 1458 0000.
623 1393 753 1480 Propter
768 1395 978 1482 camerariam
992 1401 1025 1462 04
1031 1393 1285 1462 4000000404000
1298 1395 1389 1464 dicit:
1408 1399 1474 1480 Qui
1487 1405 1583 1464 amat

623 1501 777 1570 animam
791 1519 891 1568 snam
911 1501 1027 1586 perdet
1040 1519 1144 1588 eamr
1158 1507 1188 1570 et
1205 1499 1356 1570 animam
1381 1509 1472 1572 vocat
1485 1503 1583 1570 vitam

573 1657 575 1660 -
622 1607 834 1692 corporalem,
857 1605 938 1674 sicut
963 1605 1044 1674 infra
1061 1607 1182 1676 decimo
1208 1609 1325 1678 tertiol
1347 1609 1428 1676 dixit
1457 1611 1582 1676 Petrus:

627 1741 645 1774 a
662 1713 800 1782 Animam
825 1729 926 1780 meam
950 1731 1063 1798 ponam
1087 1733 1148 1800 pro
1169 1721 1201 1784 te
1217 1743 1246 1782 s.
1274 1717 1314 1780 44
1337 1715 1397 1804 qai
1416 1713 1485 1780 odit
1508 1713 1584 1780 oni-

470 1811 473 1816 ’
509 1863 510 1866 =
578 1857 579 1860 π
621 1837 839 1888 moratoriam
860 1819 898 1886 in
919 1815 980 1910 400
1001 1823 1143 1902 mancio,
1165 1823 1269 1890 dando
1290 1821 1409 1888 seilicet
1430 1837 1499 1886 eam
1524 1835 1583 1902 pro

602 1925 762 2004 Christo,
787 1925 819 1990 in
845 1925 948 1994 citam
965 1933 1134 1996 aeternam
1157 1927 1413 2002 custodienda
1435 1923 1581 1990 Matthaei

621 2029 741 2098 decimo
758 2033 894 2098 sextat:
923 2023 1014 2118 «Qui
1033 2035 1167 2102 coluerit
1188 2035 1326 2100 animam
1349 2047 1437 2098 suam
1463 2030 1580 2096 salvam

620 2137 726 2206 facere
740 2137 851 2224 000404
872 2155 958 2220 eam,
981 2141 1083 2224 etqui
1106 2137 1280 2224 perdiderit
1292 2153 1361 2202 eam
1387 2139 1517 2220 propter
1531 2151 1583 2202 me

584 2327 585 2330 Ἴ
620 2243 758 2312 inveniet
782 2263 850 2312 eam
864 2271 897 2312 ».
920 2245 1131 2332 Augustinus:
1160 2269 1176 2302 «
1201 2243 1229 2308 Si
1246 2241 1338 2326 00040
1358 2241 1457 2308 vitam
1472 2245 1582 2308 tenere

621 2369 693 2420 cum
719 2353 858 2432 Christo,
891 2353 955 2418 noli
983 2357 1116 2438 mortem
1147 2347 1257 2416 timere
1286 2365 1345 2432 pro
1367 2347 1503 2416 Christo.
1528 2347 1583 2414 re·

621 2457 715 2538 lices,
735 2457 801 2542 'qui
833 2459 926 2524 vitam
959 2455 1142 2524 custodiunt
1172 2453 1347 2540 perdendo,
1378 2471 1417 2520 ue
1449 2453 1584 2538 perdant

506 2579 605 2626 0000.
622 2565 755 2632 amando
770 2593 798 2630 0.
823 2563 865 2630 aa
890 2565 950 2630 hoc
972 2561 1053 2628 idem
1079 2563 1225 2628 bortatur
1245 2579 1305 2646 per
1330 2559 1534 2644 coemptam:

713 2671 765 2738 38.
791 2669 892 2750 (Vers.
910 2665 985 2744 44).
1005 2665 1050 2732 Si
1064 2663 1142 2752 qais
1163 2653 1247 2730 mihi
1262 2665 1452 2742 ministrat,
1468 2683 1520 2730 me
1533 2683 1583 2730 se·
1626 2707 1627 2712 κ

622 2783 761 2864 quator,
785 2773 866 2840 sicut
890 2789 1000 2840 servus
1025 2769 1192 2836 Dominum
1217 2787 1327 2848 suum,
1350 2769 1491 2854 alioquin
1520 2785 1583 2834 non

622 2887 671 2948 est
697 2895 793 2946 verus
827 2893 957 2954 serrus3
986 2881 1159 2964 00000400,
1196 2873 1312 2942 00414004
1343 2891 1400 2958 000
1429 2871 1584 2958 passionis

622 2985 771 3070 vestigia3
793 2983 915 3084 primae
947 2981 1233 3050 reinserantur:
1264 3007 1279 3038 r
1294 2979 1441 3046 Christus
1469 2995 1584 3064 passus

623 3099 671 3160 004
693 3107 751 3176 000
776 3087 882 3166 uobis,
914 3087 1004 3154 vobis
1028 3089 1210 3172 relinquens
1238 3085 1440 3172 exemplum,
1467 3091 1506 3150 04
1535 3103 1583 3150 00-

622 3195 765 3282 quamini
775 3247 777 3250 .
788 3185 917 3280 vestigia
932 3195 1002 3272 eius
1018 3217 1051 3274 »3
1079 3199 1132 3274 04,
1148 3193 1236 3262 04004
1253 3191 1396 3258 imitatur
1418 3191 1452 3258 in
1468 3209 1582 3274 poena,

623 3301 668 3388 sic
688 3307 729 3370 ’04
752 3301 784 3366 40
815 3299 922 3386 gloria.
949 3301 1080 3386 Propter
1109 3299 1194 3384 quod
1224 3295 1345 3364 subdit:
1385 3297 1421 3364 m
1446 3295 1506 3362 ahi
1526 3315 1583 3382 epo

587 3449 589 3454 κ
620 3427 719 3488 0000,
741 3407 790 3474 ibi
802 3407 848 3472 044
869 3413 900 3472 04
920 3405 1074 3472 mimator
1086 3425 1180 3472 00000
1194 3407 1224 3484 43·
1247 3403 1403 3472 secundae
1424 3403 1464 3470 ad
1479 3403 1597 3472 Timor

623 3515 735 3582 theum
759 3511 913 3580 secundo:
944 3511 1086 3580 «Fidelis
1108 3529 1233 3580 sermo:
1261 3509 1288 3576 Si
1320 3511 1508 3576 commortui
1530 3527 1584 3576 su-

623 3637 711 3700 mus,
732 3625 774 3686 et.
788 3615 1008 3698 convivemas;
1031 3617 1056 3682 si
1073 3617 1306 3702 0000044000,
1331 3619 1361 3682 04
1381 3613 1594 3700 0000000044-’

623 3745 696 3794 mus
712 3749 746 3806 »;
765 3725 834 3792 4400
853 3721 980 3808 ridelis,
1006 3721 1081 3808 qaia
1094 3723 1304 3808 promissusa
1328 3721 1475 3802 Domino;
1505 3723 1584 3806 lpo-

625 3831 760 3918 calypsis
777 3829 883 3898 tertio:
905 3829 992 3916 «Qui
1010 3829 1138 3910 4400044,
1162 3829 1245 3898 4040
1262 3829 1304 3896 illi
1334 3829 1444 3896 sedere
1459 3847 1584 3896 mecum

581 3975 583 3980 -
623 3937 657 4004 in
668 3937 784 4004 throno
795 3953 907 4002 meo».
923 3935 1093 4020 Nealiquis
1109 3935 1295 4020 dedignetur
1313 3933 1371 4000 sibi
1388 3933 1583 4014 ministrare,

584 4091 585 4094 ,
623 4043 729 4110 subdit
754 4039 884 4108 honoris
899 4041 1040 4108 culmen:
1067 4039 1104 4108 Si
1127 4041 1203 4130 0040
1217 4037 1302 4108 milri
1325 4039 1568 4108 ministraverit

624 4147 855 4234 honorificabit
877 4165 953 4214 eam
973 4147 1081 4214 Pater
1101 4165 1215 4224 mona·
1238 4147 1314 4232 quia
1341 4145 1407 4230 ipse
1433 4145 1583 4212 bouririfr-

624 4255 708 4322 carit
727 4273 795 4334 me3
822 4253 913 4340 primi
928 4255 1058 4338 ,Regum
1073 4255 1252 4320 secuudo⁵:
1280 4279 1296 4312 0
1314 4253 1373 4337 Qui
1395 4253 1583 4319 honorifica-

623 4359 707 4426 verit
726 4377 795 4438 me‚
821 4357 1034 4426 honorificabo
1058 4357 1223 4446 00000004
1249 4363 1352 4424 autem
1379 4363 1584 4424 contemnunt

591 4511 592 4514 ,
620 4483 675 4532 me
699 4469 793 4532 erunt
816 4463 1014 4550 ignobiles».
1037 4463 1298 4548 Honorideahit,
1331 4461 1478 4548 iuquam,
1510 4463 1584 4548 quia

622 4571 663 4638 'de
686 4561 780 4638 00000
800 4569 898 4654 100404
923 4569 1040 4648 tilium3
1074 4567 1113 4636 ad
1136 4573 1288 4636 Romanos
1321 4575 1447 4634 cctam:
1476 4593 1494 4626 a
1516 4567 1583 4652 lpse

625 4677 761 4762 Spiritus
783 4675 997 4744 testimonium
1013 4675 1258 4763 reddit-spiritui
1280 4679 1404 4754 nostro,
1430 4675 1515 4760 quod
1529 4693 1584 4742 su-

621 4801 697 4850 mus
719 4783 774 4850 lilii
797 4781 867 4862 Dei;
896 4781 1009 4867 quodsi
1030 4781 1103 4860 filii,
1130 4787 1159 4850 et
1175 4779 1326 4862 heredes3
1353 4781 1487 4846 heredes
1514 4781 1599 4874 qui-¹

596 4933 598 4942 ι
623 4889 695 4958 dem
717 4889 789 4968 Dei,
815 4887 983 4958 coheredes
1006 4895 1111 4962 autem
1135 4887 1292 4970 Christi».

623 5483 777 5542 machelum
797 5493 908 5544 granum
927 5485 982 5534 erat
1002 5481 1083 5548 intus,
1100 5481 1216 5534 habebat
1235 5481 1305 5536 vires
1329 5481 1449 5534 trahendi
1473 5485 1533 5548 posi
1556 5497 1583 5536 00

624 5571 720 5624 omnia.
739 5569 880 5636 Quomodo
898 5569 924 5620 ln
944 5583 1026 5636 grano
1050 5571 1154 5626 numeri
1178 5571 1311 5626 seminum
1333 5571 1425 5638 latent,
1450 5569 1582 5624 abiectum

623 5659 712 5710 neseio
730 5655 797 5724 quid
817 5661 925 5722 apparot
944 5657 1038 5722 000140,
1060 5657 1106 5710 004
1125 5659 1165 5710 vis
1185 5661 1340 5710 convertens
1360 5659 1386 5710 in
1397 5671 1428 5710 se
1446 5657 1582 5710 materiam

625 5751 650 5800 04
672 5749 810 5812 proferens
834 5747 949 5798 fructum
971 5743 1127 5798 abscondita
1149 5751 1201 5812 004;
1221 5749 1261 5800 040
1281 5745 1311 5798 40
1327 5743 1421 5800 Christi
1440 5745 1518 5800 cruce
1535 5745 1582 5798 ab

597 5827 598 5830 '
623 5835 742 5890 scandito
761 5839 816 5886 erat
832 5833 930 5900 virtus,
950 5833 1092 5898 apparebat
1112 5833 1250 5888 infirmitas
1266 5839 1317 5886 040.

594 5971 595 5974 ,
695 5919 798 5974 ¹Vers.
819 5919 861 5974 37.
883 5947 914 5958 -
935 5919 1071 5974 Chiona
1093 5935 1122 5974 u.
1142 5921 1236 5986 ll;ll.
1263 5923 1333 5974 3004.
1358 5923 1384 5974 4.
1403 5923 1413 5972 4
1422 5923 1446 5974 3.
1472 5921 1536 5974 duh.
1558 5923 1596 5974 4.·

623 6017 649 6064 04
665 6013 705 6066 111.
723 6013 795 6066 Seni.
815 6011 840 6064 d.
853 6011 902 6082 28.
920 6023 949 6076 q.
966 6007 993 6062 4.
1011 6007 1043 6060 04
1066 6009 1089 6062 4.
1108 6035 1143 6046 -
1162 6009 1289 6076 Superius
1313 6009 1354 6062 ed.
1379 6025 1440 6064 cum
1463 6013 1581 6064 Gonano

623 6099 717 6154 omittit
735 6103 763 6154 et
779 6095 988 6154 incommodam.
1235 6109 1237 6116 ’
1262 6093 1263 6096 ’

694 6187 704 6218 ²
722 6189 799 6242 Vers.
818 6187 860 6240 45.
879 6215 913 6226 -
933 6185 1065 6240 Sententia
1082 6185 1194 6250 August.
1211 6187 1323 6238 habetur
1340 6185 1371 6238 in
1387 6187 1457 6238 ioan.
1481 6187 1580 6252 Evang.

623 6283 653 6330 40.
673 6277 717 6328 54.
734 6291 764 6328 n.
782 6275 831 6340 46,
849 6275 894 6328 ubi
913 6277 999 6328 lenius
1016 6273 1149 6340 originalis
1168 6279 1229 6340 post
1243 6287 1297 6344 pro
1317 6271 1423 6328 Christo
1442 6273 1516 6340 plura
1535 6273 1581 6328 ad·

623 6363 669 6428 dit,
689 6367 714 6418 et
732 6377 781 6430 pro
801 6359 954 6418 0004044004
967 6361 1106 6432 perdendo
1130 6361 1265 6418 substituit
1283 6361 1329 6430 (ita
1348 6365 1427 6418 etiam
1451 6363 1505 6430 ed.)
1524 6361 1581 6418 040·

623 6455 690 6508 rani
707 6449 888 6508 custodiendo.
1189 6473 1191 6478 v

694 6537 800 6594 ⁸Vers.
820 6541 862 6594 al.

694 6625 705 6658 ⁴
722 6627 850 6692 Vulgata:
869 6631 894 6682 el
911 6627 959 6682 abi
974 6643 1036 6684 sam
1055 6643 1119 6700 000,
1137 6629 1194 6686 illio
1209 6635 1238 6688 et
1253 6629 1375 6686 minister
1386 6643 1462 6686 meas
1475 6627 1534 6684 erit.
1547 6655 1582 6670 -

623 6715 774 6782 Sequuntur
792 6717 821 6768 ll.
840 6715 960 6790 Tim-2,
981 6719 1022 6771 44.
1041 6733 1096 6786 seq.
1117 6725 1143 6772 et
1160 6721 1245 6786 Apoc.
1262 6721 1294 6784 3,
1314 6721 1357 6772 44.

634 6811 636 6814 ·
694 6799 799 6856 ὅ44000.
818 6805 861 6856 ab.
881 6833 915 6844 -
935 6805 1053 6860 Subinde
1071 6809 1197 6874 allegatur
1214 6811 1293 6862 Rom.
1312 6811 1343 6874 8,
1364 6811 1405 6862 46.
1425 6823 1481 6876 seq.
1499 6833 1534 6848 -
1548 6809 1582 6860 lu-

623 6883 702 6940 lerius
718 6901 768 6952 pro
785 6889 980 6958 Honorificohit
998 6891 1029 6960 (41
1052 6895 1125 6946 addit
1139 6895 1229 6964 enm),
1248 6895 1290 6950 ed.
1309 6895 1547 6966 110000440044400.

1322 583 1517 668 COMMENT.
1541 585 1579 652 IN
1601 583 1768 652 thNNEhl
1790 583 1823 650 C.
1846 583 1907 650 ΧΗ.

1733 743 1787 828 39.
1825 761 1923 846 (Vers.
1963 757 2039 838 47,).
2077 757 2172 826 Nam
2207 757 2325 826 aniam
2357 777 2432 826 mea
2465 757 2603 834 turbata
2621 771 2724 816 reatum·

1630 853 1690 934 'est
1714 875 1773 936 040.
1796 867 1949 952 Tangitur
1972 857 2336 946 440’40044004,·00414004
2361 883 2419 950 000
2444 861 2602 930 necandis

1645 973 1814 1052 coerano,-
1842 979 1872 1040 et
1904 989 1975 1038 eum
2007 971 2159 1038 Dominus
2190 971 2229 1040 sit
2261 969 2342 1036 iuter
2373 965 2600 1054 4000004400,

1631 1079 1719 1166 auia
1733 1097 1806 1146 carc
1823 1075 1997 1162 refugiebat
2020 1081 2166 1158 mortem;
2189 1074 2366 1162 oportebat,
2384 1087 2529 1160 cumpro
2550 1074 2602 1140 illa

1645 1203 1755 1264 orare3
1779 1183 1833 1250 sed
1855 1181 1930 1266 quia
1955 1199 2069 1248 rursus
2091 1189 2220 1268 propter
2235 1179 2370 1250 salutem
2391 1183 2532 1246 nostram
2549 1197 2601 1246 ve-

1645 1297 1753 1368 nerat,
1787 1285 1926 1372 praefert
1957 1285 2130 1354 orationem
2159 1307 2217 1374 pro
2257 1291 2364 1354 nostra
2398 1285 2601 1352 conversione

1646 1395 1778 1464 orationi
1799 1411 1858 1476 pro
1890 1411 1948 1458 sua
1970 1391 2169 1474 liberatione,
2203 1413 2262 1480 000
2291 1411 2355 1480 qua
2387 1397 2456 1458 0004
2481 1393 2600 1476 primm

1646 1501 1729 1568 unde
1752 1497 1843 1564 dicit:
1869 1495 1965 1564 Nono
1994 1495 2111 1564 anima
2133 1519 2207 1566 mea
2229 1497 2367 1566 trrrbatc
2390 1507 2454 1584 004,
2486 1497 2603 1574 00414004

1646 1605 1759 1674 timore
1781 1603 1910 1686 mortis;
1943 1603 2087 1680 llattbaei
2102 1605 2274 1690 ‘vigesimo‘
2291 1611 2384 1672 sexto
2398 1603 2427 1670 ⁶:
2456 1629 2470 1662 c<
2496 1601 2601 1688 Coepit

1646 1709 1768 1778 turbari
1790 1715 1823 1776 et
1838 1699 1976 1776 moestus
2000 1727 2068 1778 esse
2081 1737 2109 1774 a.
2129 1713 2168 1774 ln
2191 1711 2271 1800 0044
2293 1711 2430 1778 dicam?
2446 1709 2540 1794 Quasi
2557 1709 2601 1776 di-

1646 1821 1710 1882 cat:
1724 1813 1869 1900 nunquid
1886 1831 1945 1900 pro
1960 1815 2026 1900 4000
2040 1821 2159 1900 petam,
2177 1823 2213 1882 ut
2231 1823 2366 1882 mortem
2384 1815 2530 1882 evadam?
2548 1817 2601 1882 Pe-

1646 1926 1708 1987 tam
1726 1919 1871 2008 quidem,
1893 1927 1929 1986 04
1949 1921 2160 1988 infirmitatem
2177 1921 2353 2000 ostendam
2374 1921 2601 2008 propterquod

1644 2027 1736 2094 dicit:
1765 2027 1876 2106 Pater,
1892 2025 2043 2110 00404400
2069 2047 2118 2092 mc
2133 2047 2172 2094 en
2197 2025 2259 2094 400
2273 2023 2375 2106 hora,
2394 2027 2601 2110 00414004000-

1645 2135 1765 2216 040040;·
1781 2133 1927 2200 llatthaei
1951 2133 2099 2220 vigesimo
2124 2135 2257 2200 sextol:
2285 2135 2422 2212 «Pater,
2454 2133 2479 2200 si
2504 2133 2601 2218 possi-

1644 2241 1707 2310 bile
1728 2249 1792 2320 004,
1818 2247 1989 2308 4000000ῑο
2012 2259 2063 2308 me
2078 2241 2160 2308 calix
2184 2241 2242 2308 iste
2258 2267 2286 2304 a.
2313 2239 2373 2306 Sed
2387 2241 2448 2308 boc
2469 2259 2531 2308 non
2549 2257 2601 2326 pe·

1645 2347 1713 2428 tiit,
1749 2353 1785 2414 ut
1824 2335 2052 2428 exaudiretur}
2088 2353 2216 2432 propter
2256 2345 2339 2430 quod
2376 2345 2503 2412 subdit:
2539 2347 2601 2412 Sed

1641 2463 1819 2542 propterea
1839 2455 1914 2520 oeni
1937 2455 1973 2520 in
1997 2453 2082 2522 hanc
2105 2453 2243 2532 horam,
2265 2457 2304 2548 ut
2325 2453 2443 2520 scilicet
2465 2451 2601 2532 moriar,

1645 2557 1715 2624 ideo
1736 2557 1776 2624 de
1799 2557 1860 2624 hoc
1883 2559 1956 2624 nolo
1977 2561 2125 2626 exaudiri
2138 2559 2161 2638 ⁸,
2187 2561 2240 2628 sed
2264 2559 2303 2626 40
2324 2561 2400 2626 hoc:

1733 2665 1785 2728 46.
1813 2663 1912 2746 (Vens.
1939 2665 2154 2746 4441404ον,
2180 2663 2331 2748 04004400
2352 2685 2469 2732 nomen
2486 2671 2602 2744 ianm,-

1645 2773 1675 2836 el
1700 2769 1760 2834 hoo
1781 2775 1830 2832 004
1851 2773 1975 2852 004000,
2002 2773 2036 2834 04
2060 2787 2172 2836 nomen
2204 2769 2260 2836 Dei
2282 2775 2393 2836 notum
2426 2773 2480 2836 404
2503 2771 2602 2854 genti-

1645 2873 1707 2940 bus
1721 2889 1778 2956 per
1801 2873 1988 2956 passionem.
2006 2873 2154 2958 0004000
2177 2871 2283 2950 nobis,
2303 2891 2360 2958 pro
2376 2875 2493 2958 quibus
2508 2875 2600 2940 etiam

1646 2995 1679 3044 se
1703 2979 1810 3054 ollert3
1835 2977 1918 3044 uode
1942 2977 1978 3044 ad
2004 2979 2157 3046 Hebraeos
2181 2977 2317 3064 quinto⁰
2338 2979 2379 3046 de
2407 2963 2532 3046 Chris'to
2555 2979 2601 3048 di-

1646 3083 1746 3150 citur:
1776 3085 1836 3148 «ln
1859 3083 1970 3152 diebus
1995 3085 2096 3152 caruis
2122 3103 2196 3152 0000
2217 3077 2328 3170 000000
2342 3085 2601 3170 supplicationes-

1646 3207 1709 3274 que
1723 3189 1764 3256 ad
1784 3189 1900 3268 Deum,
1918 3189 1971 3274 qui
1997 3195 2100 3274 posset
2117 3209 2189 3258 eum
2212 3191 2333 3256 salvare
2349 3211 2369 3256 a
2391 3197 2508 3272 morte,
2528 3209 2601 3258 cam

1646 3295 1783 3364 clamore
1804 3295 1905 3362 valido
1937 3301 1966 3364 et
1998 3297 2143 3382 lacrymis
2171 3297 2322 3378 offerens,
2354 3297 2523 3364 exauditus
2555 3305 2603 3366 est

1645 3421 1704 3488 pro
1727 3421 1785 3470 sua
1808 3403 1985 3470 reverentia
2002 3429 2030 3468 s.

1743 3507 1832 3574 Venit
1853 3529 1932 3594 0000
1947 3529 2011 3574 oon
2026 3509 2067 3574 rie
2087 3507 2187 3576 00040.
2203 3509 2354 3594 Tangitur
2372 3511 2422 3578 hic
2438 3511 2601 3592 ultimum,
2621 3519 2736 3574 ananum.

1646 3613 1765 3682 scilicet
1785 3613 1973 3692 apenditia,
2007 3613 2037 3679 in
2067 3613 2157 3682 cuius
2189 3615 2313 3702 signum
2343 3615 2436 3682 dicit:
2465 3617 2533 3682 Voc
2565 3617 2604 3682 ae

1646 3719 1734 3786 00040
1758 3719 1863 3796 venit,
1898 3719 2010 3786 dicens
2022 3721 2068 3786 ¹⁰:
2094 3723 2133 3786 Et
2159 3721 2348 3808 0400440004
2355 3773 2366 3800 ,
2397 3721 2515 3790 00414004
2546 3741 2603 3808 000

1646 3843 1743 3910 00000
1765 3825 1965 3904 0400001000,
1992 3835 2019 3892 04
2043 3829 2163 3894 iterum
2187 3827 2394 3910 0400440440,
2428 3847 2484 3916 000
2507 3847 2605 3916 00000

1646 3931 1853 4012 mirabiliora,
1879 3931 1959 4000 sicut
1994 3941 2069 4000 sunt
2096 3941 2205 4000 nostra
2229 3931 2400 4018 redemptio
2433 3939 2464 4000 et
2487 3933 2604 4002 Christi

1645 4039 1685 4106 04
1709 4039 1811 4106 000100
1839 4039 2026 4106 sublimatio.
2053 4041 2075 4106 4
2108 4041 2196 4108 Patre
2217 4041 2301 4108 facta
2328 4047 2377 4108 004
2403 4041 2603 4122 0100440044ος

1645 4145 1730 4214 0040
1753 4143 1790 4210 04
1815 4143 1968 4212 Hebraeos
1993 4147 2103 4232 quinto
2118 4147 2160 4212 11:
2192 4147 2369 4216 «Christus
2396 4165 2459 4216 non
2492 4153 2604 4216 semet-

1645 4251 1751 4336 ipsum
1773 4249 1973 4330 clarificavit,
1999 4257 2035 4318 ut
2058 4253 2198 4338 pontifex
2222 4255 2326 4336 fieret,
2351 4253 2404 4322 sed
2429 4255 2484 4340 qui
2515 4255 2604 4324 locu-

1646 4361 1699 4424 tus
1721 4361 1769 4424 est
1790 4357 1830 4422 ad
1845 4373 1938 4422 eum:
1960 4357 2058 4426 filius
2079 4377 2171 4426 meus
2186 4377 2218 4426 es
2243 4367 2293 4438 40,
2315 4377 2373 4446 ego
2391 4359 2485 4428 hodie
2506 4363 2601 4446 genui
2685 4405 2687 4408 -

1644 4467 1678 4528 te
1694 4489 1724 4528 0.
1749 4459 1835 4528 Unde
1858 4463 1937 4528 haec
1956 4483 2021 4530 000
2037 4465 2121 4530 Patri
2136 4465 2335 4546 attribuitur,
2353 4465 2435 4534 04004
2456 4467 2604 4534 Matthaei

1646 4567 1786 4636 tertiolo
1811 4567 1980 4654 baptismo,
1997 4569 2140 4638 llatthaei
2169 4573 2289 4638 decimo
2305 4573 2437 4658 septimo
2452 4573 2486 4640 in
2501 4579 2604 4640 trans·

1645 4673 1833 4762 liguratiouc
1865 4681 1894 4744 ct
1917 4693 2011 4744 nunc.
2040 4675 2127 4744 Unde
2149 4695 2212 4744 von
2237 4675 2361 4744 Christo
2390 4677 2604 4746 testimonium

1644 4777 1809 4864 perhibuit
1829 4777 1863 4846 in
1886 4779 2028 4846 0400040
2054 4779 2119 4848 sive
2140 4781 2371 4864 incarnatione,
2393 4781 2427 4850 in
2446 4783 2604 4870 passione
2623 4789 2755 4836 statana.

1645 4891 1679 4952 et
1700 4885 1732 4952 in
1755 4885 2004 4954 resurrectione.
2217 4885 2219 4888 ’

1715 5479 1729 5512 ⁸
1747 5481 1823 5536 Vers.
1841 5481 1884 5536 37.

1716 5567 1728 5600 ⁷
1748 5569 1823 5624 Vers.
1841 5571 1884 5622 39.
1902 5569 1955 5626 Cir.
1973 5569 2100 5636 August,
2118 5571 2145 5622 in
2164 5573 2233 5626 ioan.
2250 5571 2351 5634 Evang.
2370 5575 2400 5622 tr.
2416 5571 2456 5622 44.
2472 5587 2496 5622 u.
2509 5571 2542 5638 3,
2555 5569 2601 5624 ubi

1645 5655 1688 5710 bis
1703 5655 1795 5710 verbis
1813 5655 1961 5722 subiungit:
1977 5657 2098 5710 llomiuis
2117 5657 2232 5722 suscepit
2248 5657 2439 5722 infirmitatem,
2458 5663 2487 5710 ul
2509 5659 2605 5712 doceat

1645 5743 1684 5796 sio
1701 5743 1881 5796 conhistatum
1898 5749 1926 5796 04
1943 5745 2126 5798 conturbatum
2144 5745 2218 5812 qaod
2237 5743 2355 5812 sequitur
2372 5745 2476 5800 dicere:
2492 5745 2604 5802 Veram-

1645 5833 1746 5896 tcmen,
1763 5843 1818 5884 aon
1835 5829 1908 5900 0004
1926 5839 1974 5900 epo
1994 5829 2067 5898 0040,
2085 5829 2133 5886 004
2151 5831 2224 5902 qaod
2241 5831 2343 5898 40040,
2363 5833 2452 5890 40400.-
2472 5835 2512 5888 Sic
2528 5835 2602 5888 venirn

1646 5921 1728 5972 homo
1748 5917 1780 5972 ab
1800 5919 1924 5974 humanis
1939 5919 1965 5972 in
1986 5919 2073 5972 diviua
2092 5919 2223 5990 dirigitur,
2241 5935 2303 5974 cum
2319 5923 2446 5976 voluntati
2472 5927 2604 5976 humanae

1644 6007 1765 6070 voluntas
1784 6007 1875 6060 divina
1891 6007 2070 6072 praeponitur.

1704 6091 1728 6164 ,⁸
1746 6093 1893 6162 chrysost,
1911 6097 1939 6148 40
1956 6097 2025 6148 1000.
2043 6097 2133 6150 homil.
2152 6097 2195 6154 67.
2214 6099 2289 6168 (01400
2306 6097 2360 6168 66.)
2372 6115 2398 6152 n.
2413 6103 2442 6154 2:
2456 6101 2604 6170 Propterea

1644 6183 1708 6238 oeni
1725 6183 1754 6240 in
1770 6183 1870 6240 horam
1887 6183 1973 6252 4000,
1993 6199 2023 6238 00
2043 6187 2063 6238 04
2082 6187 2194 6244 diceret:
2213 6189 2320 6244 Etiamsi
2345 6187 2483 6244 turbemur
2500 6195 2527 6244 04
2544 6205 2604 6244 oon·

1645 6279 1803 6340 sternamur,
1820 6283 1932 6330 mortem
1949 6289 1986 6328 ne
2003 6277 2163 6344 fugiamus...
2180 6279 2238 6334 Non
2255 6279 2328 6332 dico:
2348 6277 2440 6332 libera
2453 6295 2496 6332 mc
2508 6293 2540 6334 ex
2552 6283 2603 6334 hac

1645 6365 1726 6428 liora,
1739 6363 1785 6418 sed
1798 6365 1886 6430 Pater,
1900 6363 2021 6436 clarifica
2033 6379 2130 6422 noman
2141 6371 2247 6422 inam...
2259 6367 2288 6420 id
2300 6371 2352 6432 est,
2364 6367 2418 6422 duc
2428 6367 2457 6420 40
2468 6383 2602 6422 crucem...

1644 6449 1906 6520 041100[01004440004
1925 6467 2019 6508 nornen
2038 6457 2130 6522 Patris]
2148 6461 2210 6522 post
2228 6469 2333 6510 erucem
2345 6455 2463 6522 contigit.
2474 6457 2603 6510 Futurum

1646 6545 1714 6608 erat,
1736 6547 1762 6596 ut
1780 6541 1852 6596 orbis
1871 6547 2066 6598 converteretur
2084 6559 2116 6598 ae
2132 6559 2232 6600 nomen
2248 6545 2296 6598 Dei
2312 6549 2484 6610 cognosceret
2500 6551 2552 6598 040.

1716 6627 1730 6658 ⁹
1748 6631 1821 6684 Vers.
1840 6631 1867 6686 7.
1884 6631 1937 6686 Cfr.
1955 6631 2022 6686 iufra
2040 6649 2065 6688 u.
2086 6633 2127 6686 44.

1718 6715 1742 6748 ²⁰
1758 6719 1872 6784 Vulgata
1890 6721 1986 6774 omittit
2003 6719 2103 6778 dicens.
2289 6753 2290 6756 ¹

1718 6805 1740 6838 ¹¹
1759 6809 1835 6862 Vens·
1855 6811 1879 6862 4.
1895 6837 1933 6850 -
1949 6809 2067 6864 Subinde
2085 6811 2229 6876 allegantur
2246 6811 2333 6864 natu.
2352 6811 2382 6874 3,
2404 6811 2445 6862 47.
2465 6817 2490 6862 04
2509 6811 2556 6874 47,
2576 6811 2602 6862 5.
