5900 8266
1021 525 1275 592 COLLthONES
1299 529 1335 594 lN
1359 527 1526 596 thNNEM
1547 529 1623 594 ChP.
1651 529 1684 598 V.
1711 529 1814 594 COLL.
1841 529 1927 594 XXV.

488 701 582 788 igitur
608 703 731 770 fruetus
753 709 801 768 θεῖ
822 697 1008 786 impetratio
1025 703 1155 778 «emtum
1179 703 1273 766 isaiae
1298 705 1398 786 primo
1413 707 1440 770 ¹:

493 835 507 866 ε
524 811 672 894 Quaerite
688 809 853 886 iudicium,
869 807 1034 874 subuenite
1049 825 1216 892 oppressa,
1233 807 1366 876 iudicate
1382 829 1440 894 pu-

488 913 574 998 pillo,
591 913 745 982 defendite
761 913 905 992 viduam3
924 917 954 978 et
972 913 1071 978 vertite
1089 917 1119 978 et
1134 913 1257 996 arguite
1274 909 1344 992 m‘e,
1367 913 1440 980 rttcit

488 1021 646 1096 Dominus,
680 1019 709 1084 Si
746 1017 862 1084 luerint
897 1023 1021 1102 peccata
1056 1023 1162 1084 vestra
1188 1021 1226 1082 ut
1259 1017 1440 1096 coccinum,

487 1125 573 1210 quasi
600 1125 655 1192 nix
679 1123 924 1204 dealbabuntur;
947 1129 981 1188 et
1013 1123 1181 1190 siluerint
1217 1123 1314 1190 rubra
1350 1123 1438 1210 quasi

419 1269 423 1276 ·
487 1231 694 1310 vermiculus
720 1231 806 1296 velut
840 1231 911 1296 lana
940 1231 1010 1294 alba
1042 1219 1134 1296 erunt
1151 1255 1181 1294 a.
1211 1227 1439 1296 -Secundus

349 1349 466 1392 secundus·
486 1337 609 1404 tructus
641 1345 689 1402 est
725 1335 852 1420 adeptio
884 1337 1035 1420 pretium
1058 1335 1201 1402 Matthaei
1233 1335 1438 1402 undecimo²:

436 1489 438 1494 -
492 1465 506 1498 «
521 1441 630 1506 Venite
653 1439 691 1506 ad
715 1459 779 1520 me,
803 1459 921 1522 omncs,
937 1441 991 1526 qui
1008 1441 1157 1508 laboratis
1172 1447 1203 1506 et
1220 1441 1338 1506 onerati
1356 1439 1439 1516 estis,

485 1550 515 1612 et
539 1565 595 1630 ego
612 1545 749 1612 reddam
765 1565 820 1612 vos
833 1571 865 1626 »3
881 1551 913 1612 el
928 1547 1022 1612 isaiae
1039 1545 1299 1630 quiuquagesimo
1314 1543 1439 1628 quinto:

490 1651 635 1720 «Omnes
659 1651 813 1732 sitientes,
829 1653 932 1720 uenite
947 1655 987 1720 ad
1008 1671 1120 1740 aquas,
1138 1651 1237 1736 etqui
1262 1669 1324 1716 non
1347 1649 1440 1714 hahe-

485 1759 522 1826 tis
547 1763 710 1844 argentum
742 1765 919 1845 properate,
942 1759 1037 1824 emite
1067 1765 1099 1826 et
1121 1757 1283 1822 comedite.
1317 1755 1438 1834 Venite,

485 1867 576 1932 emite
601 1867 719 1952 absque
741 1873 870 1954 argento
893 1873 924 1932 θῖ
958 1867 1076 1950 absque
1110 1863 1174 1930 ulla
1196 1861 1439 1930 commutatione

373 1983 464 2026 tertius·
486 1975 591 2040 vinnam
609 1979 638 2040 et
656 1975 702 2040 lac
715 1999 744 2038 »,
758 2011 801 2020 -
819 1973 942 2038 Τθεῖῖεε
959 1971 1082 2036 ῖεεθῖεε
1098 1977 1145 2062 θεῖ
1157 1969 1322 2056 perceptio
1336 1977 1438 2034 ueter-

362 2067 363 2070 '
484 2101 546 2146 tace
566 2077 711 2166 pieriam
738 2079 858 2146 loannis
879 2077 1035 2162 quinne:
1053 2075 1126 2142 Non
1150 2075 1248 2140 unitis
1265 2075 1376 2140 uenire
1393 2075 1438 2140 od

482 2207 551 2266 me,
574 2195 613 2252 at
634 2187 740 2252 eitum
771 2191 942 2250 oeternum
977 2181 1143 2258 haiemim
1162 2189 1202 2278 'et
1237 2179 1436 2248 Canticorum

483 2299 613 2376 quarto:
641 2289 750 2356 «Veni
767 2291 806 2356 dc
830 2289 963 2366 Libane,
987 2287 1074 2368 reni,
1100 2287 1347 2356 coronaberis».

569 2395 600 2462 li.
625 2395 774 2482 Sequitur
797 2395 835 2460 de
856 2379 951 2460 modo
969 2395 1110 2460 veniendi
1127 2395 1164 2458 ad
1181 2393 1352 2460 Christum.
1373 2393 1436 2458 Mo-

329 2513 405 2558 luius
420 2525 453 2558 va·
482 2503 541 2568 dus
562 2509 668 2568 antem
690 2501 832 2568 veniendi
859 2501 897 2566 ad
921 2501 1079 2566 Christum
1105 2501 1222 2584 triplex
1244 2507 1302 2578 est,
1319 2499 1436 2566 scilicet

333 2567 408 2610 aiendi
422 2567 449 2610 all

341 2619 448 2716 ‘thi‘lffl
481 2627 537 2694 per
569 2609 668 2694 lidan
701 2609 870 2686 veritatis,
906 2625 960 2692 per
995 2625 1144 2674 amorem
1178 2605 1351 2686 bonitatis,
1379 2605 1436 2690 per

328 2683 455 2770 Ροῖηέἕῖε·
481 2717 700 2802 operationem
716 2715 862 2782 virtutis.
879 2753 924 2762 —
939 2713 1062 2780 Primus
1076 2713 1186 2778 modus
1202 2719 1249 2780 θεῖ
1266 2731 1323 2796 per
1339 2711 1436 2798 tidem

480 2823 647 2898 oet-trama
673 2821 795 2888 loannis
816 2823 951 2888 sextol:
982 2819 1110 2884 «Nemo
1141 2823 1242 2902 potest
1267 2817 1372 2884 venire
1387 2815 1432 2888 ad

479 2947 547 3008 me,
569 2929 627 2994 nisi
656 2929 756 3006 Pater,
775 2927 827 3012 qui
846 2927 929 2992 misit
945 2943 1011 3004 me,
1031 2923 1164 2990 traxerit
1179 2941 1251 2988 eum
1265 2947 1296 3002 »;
1313 2923 1433 2988 Glossa:

326 3043 440 3140 Pligml·
484 3061 498 3092 ε
515 3037 548 3102 ld
569 3043 630 3114 est,
657 3035 754 3102 credit
778 3035 807 3100 in
833 3051 882 3100 me
896 3059 926 3098 a.
944 3069 986 3080 -·
1003 3031 1165 3098 Secundus
1187 3031 1300 3122 isiodus
1315 3037 1362 3096 est
1377 3047 1434 3114 per

404 3127 409 3138 ’
479 3161 624 3208 umorem
650 3139 822 3216 tinnienti-m
848 3139 1044 3204 Canticorum
1069 3139 1225 3204 secundo:
1247 3163 1263 3196 ε
1281 3139 1366 3216 Veni,
1383 3157 1434 3204 co-

480 3247 585 3314 lumba
609 3265 693 3326 mea,
720 3247 750 3310 in
775 3245 980 3312 foraminibus
1001 3257 1126 3330 petrae,
1152 3247 1182 3310 in
1213 3263 1346 3312 caverna
1369 3239 1433 3310 ma-

311 3361 460 3458 „lgggrgg
479 3355 579 3422 ocriae
592 3381 621 3420 a.
647 3391 688 3402 -
706 3355 831 3420 Tertius
855 3353 966 3420 inodus
981 3359 1029 3418 est
1045 3371 1101 3439 per
1124 3353 1346 3440 operationem
1364 3353 1433 3418 oir-

233 3521 234 3524 ,
312 3469 370 3512 tutis·
479 3461 576 3538 tutia;
601 3455 722 3526 loannis
744 3459 854 3526 tertio:
884 3485 900 3518 «
917 3459 974 3544 Qui
998 3457 1071 3526 lacit
1096 3459 1257 3526 veritatem
1287 3459 1370 3526 venit
1395 3457 1432 3524 ad

476 3565 597 3644 lucem,
620 3571 657 3630 ut
678 3565 917 3630 manifestentur
932 3583 1029 3648 opera
1044 3565 1112 3630 eius
1124 3589 1156 3642 >›;
1172 3569 1203 3628 et
1221 3565 1319 3630 Lucae
1336 3581 1431 3630 nono:

482 3673 542 3736 «Si
566 3671 637 3756 quis
662 3671 730 3736 vult
753 3669 861 3736 venire
883 3675 953 3754 post
976 3687 1038 3750 me,
1072 3671 1205 3754 abneget
1228 3671 1431 3754 semetipsum

446 3845 447 3848 ,
476 3781 505 3842 θῖ
530 3777 616 3844 ῖεῖῖθῖ
638 3793 764 3842 enicem
791 3793 877 3842 suam
904 3781 933 3842 et
958 3779 1109 3858 sequatur
1133 3793 1182 3838 me
1200 3801 1230 3838 s.

564 3885 594 3946 d.
620 3883 678 3949 lsta
701 3881 806 3948 autem
832 3881 978 3966 operatio
1001 3881 1156 3958 virtutis,
1180 3899 1236 3964 per
1260 3899 1354 3964 quam
1380 3897 1431 3946 ve-

317 3997 456 4108 lgltgggpegt
475 3987 622 4054 olendum
647 3997 693 4054 est
718 3987 755 4054 ad
780 3987 957 4066 Christum,
983 3987 1099 4072 triplex
1122 3993 1179 4052 θεῖ.
1198 4022 1240 4032 -
1265 3985 1367 4050 Prima
1383 3989 1429 4052 est

401 4145 402 4148 ,
476 4093 525 4158 via
547 4093 802 4170 mandatorum
818 4093 974 4178 secunda,
991 4093 1101 4158 semita
1116 4093 1350 4168 connitendum
1367 4097 1429 4158 ter-

375 4209 454 4254 Primo·
476 4199 534 4278 tia,
558 4197 775 4282 compendium
799 4199 1206 4284 supererogationem-
1230 4197 1331 4264 Prinna
1357 4215 1429 4282 ope-

475 4307 553 4372 ratio
576 4305 702 4372 virtutis
719 4311 765 4372 est
782 4305 837 4370 oio
860 4303 1118 4380 meditatorum
1143 4303 1296 4370 Matthaei.
1310 4303 1430 4370 decimo

473 4411 599 4478 nonni:
629 4437 645 4468 ι(
662 4411 689 4476 Si
715 4411 761 4478 ris
782 4409 939 4476 advitam
965 4409 1102 4494 ingredi,
1124 4427 1217 4476 serra
1240 4411 1385 4474 mandata
1400 4433 1427 4488 »3

474 4525 504 4586 et
527 4519 672 4586 Matthaei
696 4515 846 4602 vigesimo
868 4517 1023 4582 secundo:
1052 4515 1196 4582 «Omnia
1220 4521 1329 4600 parata
1345 4521 1428 4594 sunt,

473 4627 574 4692 venite
599 4625 635 4690 ad
661 4623 786 4710 nuptias
801 4647 831 4702 »;
857 4629 887 4690 θῖ
911 4625 1011 4690 Lucae
1034 4623 1298 4706 decimoquarto:
1322 4621 1428 4688 «uisu

473 4749 598 4798 serrum
622 4747 716 4798 sarum
740 4729 818 4796 hora
842 4747 956 4820 coenae
978 4729 1082 4796 dicere
1105 4729 1260 4808 inritatis,
1284 4735 1319 4794 ut
1343 4729 1427 4796 reni·

344 4849 452 4892 secunao.
473 4847 585 4906 rent».
612 4873 653 4884 -
671 4837 810 4902 Secunda
827 4823 873 4902 θεῖ
889 4837 1005 4902 semita
1023 4835 1236 4900 consiliorum
1246 4859 1258 4912 ;
1283 4835 1425 4902 Matthaei

472 4945 715 5010 decimonono:
744 4943 803 5008 «Si
828 4943 873 5008 ris
898 4941 1055 5026 perlectus
1080 4959 1162 5020 esse,
1179 4939 1257 5006 rade
1274 4947 1303 5008 et
1329 4939 1426 5008 urende

471 5049 589 5128 omnia,
606 5067 685 5134 quae
702 5047 812 5126 habes
830 5053 861 5116 et
875 5047 916 5114 da
938 5047 1141 5132 pauperibus
1154 5053 1188 5112 et
1208 5045 1336 5112 habebis
1358 5045 1425 5112 the·

2399 529 2461 596 563

1507 703 1554 770 his
1578 711 1752 784 certamen,
1786 705 1970 790 aspicientes
1991 705 2025 772 in
2047 711 2208 772 auctorem
2232 703 2301 772 fidei
2328 711 2358 772 et
2390 723 2461 770 con-

1506 817 1734 876 summatorem
1752 811 1863 888 lesum,
1880 811 1951 896 qui,
1968 811 2127 896 proposito
2144 809 2203 874 sibi
2222 807 2351 894 gaudio,
2368 809 2463 874 susti-

1506 913 1575 978 nuit
1599 931 1743 994 cruoem,
1766 913 1946 982 confusione
1963 919 2156 1000 contempta,
2171 919 2268 1000 atque
2284 913 2313 978 in
2330 913 2462 980 dextera

1505 1017 1588 1084 sedis
1610 1019 1665 1084 Dei
1688 1019 1785 1086 sedet.
1809 1021 1984 1110 Recogitate
2000 1039 2073 1100 eum
2091 1021 2146 1106 qui
2162 1019 2255 1088 talem
2279 1021 2427 1086 sustinuit
2444 1039 2462 1084 a

1505 1123 1723 1208 peecatoribus
1748 1127 1916 1192 aduersum
1940 1127 2143 1210 semetipsum
2166 1125 2460 1204 contradictionem,

1506 1235 1542 1294 ut
1563 1247 1624 1294 non
1651 1229 1839 1314 fatigemini,
1861 1233 1974 1300 animis
1997 1235 2120 1300 vestris¹
2134 1233 2311 1300 deficientes
2328 1259 2357 1298 ».

1851 1461 2013 1516 COLLATlO
2033 1465 2114 1516 XXV.

1595 1655 1694 1738 (Vera.
1721 1657 1773 1720 28.
1797 1657 1874 1736 ibt.
1902 1657 1968 1738 Qei
1988 1657 2025 1720 in
2054 1659 2275 1726 noonnmentir
2295 1667 2376 1724 aunt
2399 1679 2460 1724 εε-

1503 1759 1594 1826 dient
1613 1779 1723 1828 eorem
1745 1761 1827 1828 Filii
1852 1761 1925 1840 liei,
1951 1763 2059 1850 etqui
2084 1763 2253 1830 audierint
2276 1765 2393 1830 uiuent.

1596 1869 1621 1932 l.
1649 1869 1678 1932 ln
1709 1867 1776 1934 istis
1808 1867 1911 1934 verbis
1934 1867 2074 1952 tangitur
2105 1869 2181 1934 ordo
2214 1869 2387 1952 spiritualis
2410 1889 2460 1936 re·
2477 1881 2622 1978 Divisiqiw
2657 1905 2658 1908 ¹

1502 1973 1730 2050 suscitationis,
1745 1981 1778 2038 et
1800 1977 1974 2056 tanguntur
1989 1973 2031 2040 ibi
2057 1973 2126 2038 tria.
2146 1975 2295 2058 Tangitur
2318 1975 2399 2040 enim
2416 1975 2457 2042 ibi
2497 1945 2551 1978 Μ
2570 1947 2600 1978 Μ’

1501 2087 1610 2146 statua
1632 2079 1749 2146 norm
1773 2085 1803 2146 et
1834 2087 1941 2146 statam
1965 2079 2051 2146 citae
2083 2085 2112 2146 et
2145 2079 2225 2146 ‘nial
2258 2083 2458 2164 perveniendi

1500 2185 1540 2248 ad
1563 2185 1659 2250 vitam
1681 2185 1719 2252 de
1743 2191 1854 2254 morte.
1872 2223 1916 2232 --
1932 2185 2046 2250 Stator
2071 2185 2188 2250 mortis
2205 2191 2251 2252 est
2275 2191 2374 2252 status
2391 2185 2457 2252 cul-

1500 2307 1576 2374 pae,
1600 2297 1634 2356 et
1660 2291 1711 2356 hic
1733 2291 1888 2376 tangitur,
1920 2309 1993 2356 curn
2018 2291 2154 2356 dicitur:
2189 2293 2254 2374 Qui
2277 2293 2313 2358 in
2342 2311 2459 2358 mona-

1499 2397 1617 2464 meotis
1640 2405 1727 2464 runt.
1744 2437 1790 2444 -
1812 2397 1872 2462 Vin
1897 2397 2095 2482 perveniendi
2126 2397 2164 2464 ad
2189 2399 2284 2464 vitam
2318 2405 2362 2464 est
2388 2415 2457 2464 rer-

1499 2501 1575 2568 bum
1600 2503 1774 2582 doctrinae,
1797 2503 1928 2570 ethaeo
1954 2503 2108 2588 tangitur,
2134 2521 2207 2570 carm
2227 2503 2360 2570 dicitur:
2388 2505 2457 2568 Αε-

1500 2607 1591 2674 rtient
1622 2627 1731 2674 eocmn
1767 2609 1848 2674 Filii
1881 2611 1940 2674 Dei
1974 2609 2046 2674 uiri.
2077 2647 2116 2656 -
2150 2609 2265 2674 Status
2293 2611 2382 2674 vitae
2411 2617 2458 2674 est

1499 2719 1600 2780 status
1629 2715 1765 2800 gratiae,
1799 2721 1833 2782 et
1865 2715 1915 2782 hic
1953 2715 2107 2800 tangitur,
2141 2733 2212 2782 ctam
2246 2715 2385 2782 dieitur:
2417 2717 2458 2780 Et

1499 2821 1557 2908 qni
1589 2821 1758 2888 otcdierint
1781 2821 1907 2900 oioent;
1928 2839 1965 2888 ac
1988 2821 2016 2886 si
2038 2821 2212 2888 diceretur:
2237 2821 2289 2908 qui
2328 2827 2401 2888 sunt
2424 2821 2454 2886 in

1499 2925 1631 2994 morte8
1660 2927 1770 3012 culpae
1799 2929 1926 2994 audient
1961 2947 2066 2994 vocem
2098 2927 2259 2994 doctrinae
2289 2933 2322 2992 et
2351 2927 2457 2992 virent

1499 3031 1563 3098 rita
1587 3033 1713 3118 gratiae.

1589 3143 1617 3206 i.
1647 3141 1713 3224 Qui
1733 3141 1770 3206 in
1801 3141 2022 3206 mandamentis
2051 3149 2132 3206 rarat
2162 3139 2298 3206 obedient
2322 3147 2381 3208 etc.
2411 3175 2453 3188 -ν
2503 3153 2534 3216 oq
2549 3157 2605 3196 statu

1497 3247 1590 3326 Nota,
1613 3245 1698 3330 quod
1721 3251 1866 3312 mortuus
1884 3247 2073 3332 spiritualis,
2096 3237 2128 3312 id
2152 3255 2199 3312 est
2221 3253 2376 3332 peccator,
2400 3247 2455 3312 ali·
2472 3211 2606 3316 1flnc⁰tbb⁵atres

1497 3353 1622 3436 quando
1640 3353 1833 3438 significatur
1845 3353 1875 3418 in
1894 3355 2054 3438 Scriptura
2072 3371 2139 3420 esse
2151 3353 2238 3438 quasi
2254 3355 2283 3418 in
2297 3351 2455 3434 thalamo,

1496 3457 1665 3542 aliquando
1688 3459 1778 3544 quasi
1800 3457 1833 3524 in
1856 3459 1947 3536 cieo,
1971 3459 2140 3544 aliquando
2162 3459 2251 3544 quasi
2277 3459 2307 3524 in
2339 3479 2456 3526 inonac-

1496 3571 1611 3628 mento.
1646 3565 1738 3648 (lilasi
1764 3565 1794 3630 in
1820 3563 1967 3630 thalamo
1990 3571 2037 3632 est
2061 3573 2222 3644 mortuus
2246 3565 2373 3651 quando
2404 3583 2456 3630 oc-

1496 3669 1621 3736 ciditur
1646 3677 1789 3754 peccator
1805 3671 1957 3750 interius,
1975 3671 2005 3736 id
2028 3677 2076 3738 est
2091 3673 2122 3736 in
2147 3691 2305 3738 eormenan
2319 3673 2348 3752 ῖς
2365 3673 2456 3758 quasi

1496 3775 1528 3840 in
1551 3775 1639 3854 m'eo,
1664 3777 1788 3858 quando
1811 3777 1955 3844 exterius
1971 3775 2118 3862 defertur
2136 3779 2166 3844 in
2183 3797 2296 3862 opere;
2318 3779 2406 3862 quasi
2423 3777 2454 3842 in

1495 3889 1725 3958 monumenta,
1748 3881 1874 3966 quando
1899 3883 2034 3948 ulterius
2054 3883 2211 3968 sepelitur
2226 3883 2260 3948 in
2283 3885 2364 3948 mala
2382 3901 2454 3950 eriri-

1495 3985 1669 4052 snetudine.
1688 4023 1730 4034 -
1746 3989 1890 4054 hlortuus
1913 4005 1986 4072 ergo
2012 3989 2183 4072 spiritualis
2207 3989 2374 4076 aliquando
2402 3991 2453 4054 in·
2471 4003 2549 4048 erima-

1494 4099 1540 4156 eet
1563 4093 1600 4156 in
1622 4091 1784 4172 thalamo,
1809 4093 1934 4178 quando
1959 4099 2066 4176 peccat
2088 4093 2119 4158 in
2145 4095 2210 4162 solo
2225 4111 2397 4174 censensu;
2421 4105 2453 4162 et

1494 4199 1564 4264 talis
1578 4197 1772 4282 significatur
1787 4217 1843 4282 per
1858 4199 1955 4264 filiam
1971 4199 2223 4286 archisynagogi,
2240 4219 2335 4286 quam
2352 4201 2452 4268 susci-

1494 4303 1570 4372 tarit
1587 4305 1671 4372 lesus
1687 4305 1718 4370 in
1735 4305 1887 4384 thalamo,
1901 4305 2043 4372 Matthaei
2062 4325 2144 4372 nono
2157 4307 2195 4386 ¹⁰,
2214 4309 2313 4374 Lucae
2329 4315 2448 4374 octavo,

1495 4447 1536 4458 -
1567 4411 1655 4488 ltem,
1679 4417 1826 4476 mortuus
1848 4411 2021 4494 spiritualis
2042 4410 2211 4496 aliquando
2241 4411 2377 4500 effertur
2414 4415 2450 4480 in
2468 4429 2574 4474 seculae.

1492 4517 1583 4594 arico,
1607 4515 1732 4600 qnando
1765 4523 1872 4602 qaeccat
1894 4517 1924 4582 in
1957 4535 2069 4600 opere;
2099 4525 2132 4582 et
2155 4519 2224 4584 talis
2257 4519 2451 4602 significatur

1492 4641 1550 4708 per
1587 4623 1878 4704 «adolescentem,
1901 4623 2001 4690 filium
2026 4625 2153 4690 unicum
2177 4625 2307 4704 viduae,
2342 4627 2451 4694 matris

1480 4747 1568 4794 suae
1586 4755 1618 4806 l,
1656 4745 1749 4812 quem
1787 4729 1949 4794 suscitarit
1982 4729 2014 4794 in
2048 4737 2139 4814 porta
2162 4729 2314 4810 ciuitatis,
2349 4733 2450 4798 Lucae

1491 4833 1634 4918 septimo.
1652 4869 1693 4880 —
1713 4833 1800 4912 ltem,
1818 4841 1963 4902 mortuus
1985 4835 2157 4918 spiritualis
2171 4837 2339 4922 aliquando
2361 4859 2449 4924 sepe·
2467 4853 2545 4898 retua-

1492 4939 1574 5006 litor
1604 4939 1641 5004 in
1663 4949 1890 5018 monumento,
1920 4941 2045 5026 quando
2070 4949 2176 5026 peccat
2210 4961 2251 5008 ex
2281 4951 2449 5010 consuetu-

1490 5047 1579 5126 dioe3
1603 5051 1635 5112 et
1658 5047 1727 5114 talis
1751 5047 1944 5132 significatur
1967 5065 2024 5132 per
2046 5051 2217 5130 Lanarum,
2239 5069 2333 5136 quem
2350 5053 2449 5118 susci-

472 5175 603 5224 saurum
625 5155 658 5220 in
680 5155 780 5232 caele,
804 5161 836 5220 et
859 5155 927 5218 reni
953 5161 983 5218 et
1003 5169 1136 5236 sequere
1154 5169 1244 5218 me».
1265 5189 1304 5200 -
1323 5153 1426 5220 Tertia
1457 5159 1461 5266 Ι
1491 5153 1535 5218 vit
1571 5153 1656 5220 lesus
1688 5161 1827 5238 quatuor
1859 5153 1924 5222 dies
1961 5155 2125 5222 habentem
2161 5155 2193 5220 in
2227 5167 2447 5236 monumento,

471 5269 517 5330 est
534 5259 761 5346 compendium
777 5257 1127 5344 supererogationem,-
1144 5257 1289 5324 Matthaei
1304 5257 1425 5324 decimo
1489 5259 1610 5326 loannis
1626 5251 1799 5326 undecimo.
1816 5263 1935 5328 -Non
1952 5279 2026 5346 ergo
2041 5261 2186 5346 desperet
2206 5269 2364 5346 peccator,
2383 5265 2448 5332 sire
2466 5275 2595 5322 soranam.

471 5367 625 5454 quarto⁶:
659 5393 673 5424 «
692 5365 837 5442 bomine,
860 5363 885 5428 εῖ
922 5371 958 5428 tu
980 5381 1029 5440 θε,
1052 5363 1144 5444 iube,
1169 5381 1219 5430 me
1255 5363 1361 5438 venire
1386 5365 1424 5430 ad

471 5481 500 5542 te
524 5491 619 5558 super
642 5489 740 5558 aquas
755 5497 786 5536 s.
809 5471 888 5536 Nota
911 5469 948 5534 de
979 5475 1086 5536 sancto
1115 5469 1288 5536 Benedicta
1325 5471 1357 5536 Εῖ
1385 5469 1424 5536 ad

470 5581 623 5648 Hebraeus
646 5577 847 5646 duodecimo:
875 5599 892 5632 ε
909 5575 1081 5640 Curramus
1103 5575 1142 5640 ad
1159 5575 1353 5660 propositum
1370 5594 1424 5644 no-

462 6041 463 6046 ’
539 6051 642 6106 1εθιε.
670 6053 713 6106 la.
733 6079 768 6092 -
788 6051 913 6116 superaus
936 6055 963 6104 et
986 6049 1062 6100 eatam
1088 6049 1195 6100 antenus
1217 6063 1267 6114 pro
1288 6049 1422 6118 potam

468 6139 570 6208 gloriae
590 6139 638 6194 BC
657 6139 785 6196 meritam
803 6139 916 6208 gloriae.

538 6227 548 6258 ²
569 6231 642 6280 Vere.
662 6229 705 6282 28.
723 6255 759 6268 ·—
779 6229 900 6296 Sequitur
918 6229 975 6280 lsai.
992 6227 1041 6290 55,
1062 6225 1088 6280 l.

539 6313 643 6370 Βῖῖθεε.
663 6319 711 6380 to,
735 6323 795 6382 post
818 6331 900 6384 quem
924 6319 1050 6382 allegatur
1076 6313 1149 6368 Cant.
1169 6313 1199 6380 i,
1219 6315 1241 6366 8.
1263 6315 1312 6370 Cir.
1334 6319 1422 6370 Glossa

468 6403 609 6458 ordinaria
627 6419 660 6456 cx
677 6405 804 6470 Gregorio
825 6405 851 6458 in
869 6407 939 6458 hunc
958 6407 1054 6456 locum.

537 6491 549 6520 ⁴
569 6493 642 6544 Vere.
662 6493 709 6560 lt,
728 6493 774 6544 uhi
793 6495 881 6546 Glossa
902 6493 1085 6548 interlinearis
1103 6489 1164 6558 [cir.
1176 6493 1287 6556 Autgust.
1300 6501 1326 6546 et
1339 6495 1421 6560 Beda,

467 6583 491 6634 in
510 6583 580 6634 hune
599 6583 712 6646 locum]:
729 6583 812 6636 Nemo
822 6587 911 6652 potest
923 6581 1014 6636 uenire
1025 6579 1061 6634 od
1073 6595 1115 6634 me
1127 6585 1191 6642 etc,
1205 6583 1311 6634 credere
1326 6583 1350 6634 in
1364 6597 1421 6646 me,

421 6687 422 6690 ¹
467 6671 516 6724 nisi
535 6671 696 6736 gratianum
717 6673 895 6736 praevenerit,
915 6673 964 6724 nisi
981 6673 1056 6724 Pater
1076 6681 1136 6722 eum
1161 6671 1329 6736 revelaverit,
1353 6687 1421 6738 quae

467 6757 591 6812 revelatio
609 6763 649 6810 est
667 6759 792 6812 attractio.
813 6761 932 6812 -Tres
956 6775 1030 6826 seqq.
1052 6757 1102 6810 loci
1127 6763 1186 6808 sunt
1211 6757 1307 6810 Contio.
1329 6763 1358 6826 i,
1380 6761 1420 6814 ta.

467 6855 491 6900 et
514 6847 560 6912 tt3
581 6847 699 6910 leand,
719 6849 761 6900 il.
783 6849 937 6912 albuci,
959 6849 999 6902 23.

1488 5365 1666 5448 peccaverit
1688 5365 1718 5430 in
1742 5365 1919 5444 uoluntate,
1945 5365 2201 5452 suetaequora,
2225 5369 2290 5434 sire
2320 5369 2348 5434 in
2375 5387 2447 5434 ron-

1488 5471 1671 5550 suetudine,
1697 5471 1771 5556 quia
1792 5473 1887 5536 etiam
1909 5473 1963 5556 qui
1993 5473 2025 5538 in
2056 5475 2268 5540 monumentis
2294 5481 2370 5540 sunt
2403 5477 2447 5540 ri-
2518 5455 2520 5462 ⁵

1488 5585 1581 5656 vent,
1602 5579 1637 5644 si
1658 5577 1827 5644 nnrtierini
1850 5597 1957 5646 vocem
1980 5579 2149 5648 doctrinae.

1559 6047 1571 6076 ⁶
1590 6051 1664 6104 Vere.
1678 6049 1718 6102 tt.
1732 6077 1769 6090 -
1781 6049 1899 6104 Subinde
1910 6053 2055 6118 allegantur
2068 6053 2154 6106 lllatth.
2168 6055 2214 6118 22,
2228 6053 2257 6120 i;
2270 6055 2332 6106 Luc.
2344 6055 2352 6102 l
2362 6053 2387 6116 i,
2400 6051 2443 6106 tr.

1487 6145 1514 6190 θῖ
1532 6139 1619 6192 llatth.
1640 6139 1687 6204 la,
1707 6139 1749 6192 il.

1558 6223 1570 6256 ⁶
1591 6227 1662 6280 Vera
1682 6229 1725 6280 28.
1744 6255 1779 6268 —
1798 6229 1920 6294 Sequitur
1940 6227 2019 6282 llehr.
2039 6229 2086 6292 la,
2110 6229 2158 6280 1-3.
2179 6255 2214 6268 -—
2233 6229 2280 6280 Pro
2306 6227 2444 6282 Benedicta

1487 6315 1539 6370 BC
1558 6313 1705 6382 Bonifatio.

1557 6399 1567 6430 ⁹
1588 6401 1670 6456 Codd.
1688 6405 1790 6470 statas,
1811 6405 1854 6458 sed
1875 6407 1941 6458 intra
1960 6411 2030 6458 reete
2051 6403 2100 6458 oio.

1558 6489 1569 6520 ⁸
1587 6491 1669 6544 Codd.
1690 6493 1743 6544 ΑΒ
1762 6491 1950 6548 monumentis.

1556 6577 1650 6634 ⁹Cod.
1667 6579 1687 6634 C
1707 6581 1797 6634 incidit
1814 6585 1939 6650 peccator
1958 6579 2071 6634 interius
2089 6577 2118 6632 in
2137 6593 2304 6634 carmennum.

1558 6667 1581 6698 ²⁰
1599 6671 1672 6722 Vers.
1695 6671 1735 6724 ts.
1756 6685 1826 6736 seq.;
1844 6673 1905 6724 Luc.
1925 6673 1956 6736 8,
1976 6669 2017 6720 tl.
2036 6683 2091 6736 seq.
2111 6697 2146 6708 -
2165 6667 2281 6722 Subinde
2298 6671 2443 6734 allegantur

1485 6763 1546 6812 Luc.
1568 6759 1597 6824 7,
1618 6759 1660 6810 la.
1679 6773 1749 6826 seq.;
1769 6763 1838 6812 loon.
1857 6759 1866 6808 l
1876 6759 1902 6820 l,
1924 6757 1965 6810 tt.
1979 6763 2005 6810 et
2019 6757 2060 6808 i3.
2075 6769 2130 6822 seq
2144 6757 2193 6810 Cir.
2207 6773 2283 6824 supra
2298 6773 2358 6824 pag.
2377 6759 2442 6822 loe,

1485 6853 1545 6900 nota
1567 6847 1592 6898 ὃ.
1610 6875 1646 6886 -
1664 6847 1773 6900 ῖεῖθεῖεε
1790 6851 1850 6910 post
1869 6845 1896 6898 in
1916 6859 1995 6914 opere
2014 6847 2031 6898 B
2051 6845 2124 6898 addit
2141 6847 2223 6900 moto.
