5908 8266
929 525 950 640 f
1051 547 1243 618 corrnuur.
1269 547 1305 616 uv
1330 545 1598 614 ucouosusruu
1619 547 1653 614 c.
1676 547 1724 616 vr.
2338 547 2376 614 m

404 733 435 796 θῖ
450 727 657 798 circumdedit
672 733 745 800 cnm
768 729 854 796 Deus
869 725 1007 794 tenebris
1019 731 1056 792 »t
1073 727 1109 792 Et
1124 723 1211 810 qnod
1223 719 1359 808 frustror

403 835 507 902 veniat
522 835 553 902 in
577 835 664 904 huuc
677 835 834 904 muudum
849 833 918 900 talis
941 849 1056 898 avarus
1072 837 1103 898 et
1118 837 1228 908 tenax,
1256 833 1359 896 osten·

269 955 334 1002 atrro
348 955 385 1002 ur·
403 939 465 1020 dit,
499 949 532 1008 θῖ
557 949 687 1028 propter
722 939 909 1006 deletionem
941 937 1087 1004 nominis
1119 937 1152 1002 in
1185 941 1287 1002 morte
1328 939 1359 1000 et

211 1041 213 1044 ’
292 1009 349 1066 ⁰¹²⁸
402 1053 533 1132 propter
554 1045 828 1132 irmupcrr'cnttum
851 1041 927 1108 boni
947 1043 980 1108 in
1002 1041 1067 1109 vita
1097 1049 1129 1108 et
1156 1046 1285 1126 propter
1307 1039 1358 1106 tn-

302 1167 382 1212 Prtma
401 1153 610 1240 ceperianum
632 1149 789 1218 desiderii
810 1149 843 1216 in
865 1155 1003 1234 utroque
1028 1153 1119 1216 statu.
1146 1147 1276 1232 Propter
1304 1147 1359 1214 oe-

404 1259 548 1324 lotionem
569 1255 716 1324 montinio
740 1255 838 1324 dicit:
861 1257 903 1322 Et
923 1255 1083 1322 oblivione
1112 1251 1271 1320 delebitur·
1299 1273 1359 1320 no-

287 1431 288 1434 ,
401 1383 476 1430 meo
489 1363 577 1440 eine,
595 1361 702 1442 idest,
725 1361 999 1446 nonpermanebit
1014 1377 1071 1426 nec
1087 1377 1121 1426 re
1145 1375 1203 1424 nec
1217 1357 1356 1438 nomine,

359 1511 360 1514 =
401 1467 572 1538 secundnm
590 1467 674 1554 quod
688 1467 900 1534 comminatur
918 1467 1071 1534 Dominus
1094 1463 1240 1548 Babyloni
1264 1463 1358 1530 haiae

320 1609 322 1616 v
401 1575 519 1642 decimo
542 1577 698 1660 quarto¹:
728 1575 889 1642 «Perdam
912 1571 1077 1658 Babylonis
1097 1587 1211 1636 nomen
1230 1575 1263 1636 et
1284 1569 1358 1636 reli-

401 1681 489 1768 quias
512 1689 543 1750 et
571 1677 708 1768 'germen‘
735 1689 768 1748 et
790 1679 988 1768 progeniem,
1006 1735 1007 1738 ,
1025 1677 1079 1744 ait
1100 1675 1252 1744 Dominus
1268 1699 1302 1756 >²³
1328 1681 1359 1744 et

400 1785 572 1872 Sapientiae
606 1787 742 1852 secundo
778 1787 807 1854 in
832 1805 973 1872 persona,
998 1783 1172 1852 malorum:
1204 1781 1357 1848 «Nomen

400 1901 543 1960 nostrum
566 1891 752 1962 oblivionem
788 1891 918 1978 accipiet
953 1891 1173 1978 parumper,
1201 1894 1231 1955 et
1266 1905 1357 1954 nemo

272 2011 380 2060 sereno·
401 1999 460 2068 erit
482 2017 603 2068 memor
626 2017 759 2086 operum
776 2005 958 2066 nostrorum
973 2023 1004 2062 a.
1022 2031 1064 2044 -·
1082 1997 1212 2078 Propter
1226 1993 1356 2080 inrupe-

399 2105 554 2172 ricntiorn
579 2103 657 2172 boui
677 2103 856 2188 subiungit:
884 2121 952 2168 non
974 2101 1060 2170 videt
1088 2099 1209 2178 solem,
1235 2099 1270 2166 in
1292 2119 1356 2186 qno

398 2209 516 2278 scilicet
538 2215 585 2278 θεῖ
606 2209 770 2278 delectatio
791 2215 827 2276 et‘
846 2197 1041 2294 experientia
1067 2203 1158 2284 boui,
1182 2203 1356 2272 secundum

399 2315 483 2402 quod
516 2317 632 2384 dicitur
666 2317 747 2382 intra
782 2313 989 2380 undecimoi:
1020 2311 1156 2380 «Dulce
1186 2311 1294 2378 lumen
1325 2317 1357 2378 et

398 2423 579 2492 delectabile
602 2429 649 2488 θεῖ
671 2421 771 2488 oculis
792 2419 900 2488 videre
922 2421 1020 2488 solem
1035 2447 1065 2484 »,
1091 2419 1178 2486 Hunc
1201 2435 1264 2484 non
1279 2417 1356 2484 vidit

397 2527 446 2596 vir
469 2545 601 2608 avarus,
624 2527 700 2614 quia
722 2533 825 2608 errat;
848 2525 1023 2612 Sapientiae
1042 2523 1170 2610 quinto:
1202 2551 1216 2582 «
1231 2523 1356 2592 Erravi-

397 2651 468 2701 mus
489 2653 509 2698 a
532 2633 582 2700 via
604 2633 759 2712 veritatis
776 2637 806 2700 et
822 2631 959 2698 iustitiae
980 2631 1089 2698 lumen
1110 2647 1173 2696 uon
1197 2629 1280 2698 luxit
1299 2647 1355 2696 oo-

396 2739 462 2820 his;
484 2745 516 2806 et
539 2739 585 2806 sol
608 2731 828 2824 intelligentiae
857 2755 920 2804 non
952 2743 999 2806 est
1028 2741 1118 2804 ortus
1142 2735 1230 2802 nobis
1245 2761 1262 2794 a
1294 2743 1353 2804 etc.
1379 2761 1380 2764 ¹

397 2847 432 2914 Et
455 2847 497 2914 ita
524 2865 591 2914 uon
611 2845 696 2912 uidit
717 2845 835 2924 cotom,
858 2845 918 2912 hoc
942 2849 1007 2924 est,
1031 2863 1093 2910 non
1115 2841 1227 2910 habuit
1250 2843 1353 2928 cogni·
1417 2867 1420 2872 ·

396 2953 487 3022 tionis
518 2955 624 3022 lumen
636 2977 645 3034 ;
674 2971 777 3042 neque
806 2951 957 3038 cognorit
989 2949 1186 3018 dhtontiuuc
1220 2947 1296 3016 honi
1326 2955 1359 3016 et

394 3061 493 3140 urolt,
519 3059 594 3148 quia
626 3059 743 3150 scilicet
779 3077 840 3124 non
866 3063 915 3126 est
949 3057 1110 3144 expertus.
1137 3091 1177 3106 -·
1204 3055 1274 3122 ldeo
1307 3055 1353 3122 di-

348 3191 349 3194 *
395 3167 453 3234 cit:
484 3167 594 3238 litium
614 3167 649 3232 ai
669 3163 798 3232 duobus
821 3163 967 3232 anillitus
989 3163 1090 3232 onnia
1110 3161 1251 3242 uicerit,
1280 3163 1354 3248 quia

394 3291 457 3340 non
490 3271 644 3340 hahemus
680 3271 888 3358 cognitionem
917 3289 975 3356 per
1013 3267 1269 3348 diuturnitatem,
1299 3265 1354 3334 sed

323 3387 328 3396 ’
394 3395 450 3464 per
481 3377 726 3462 experientiam:
762 3375 966 3442 Ecclesiastici
997 3375 1157 3460 trigesimo
1192 3379 1305 3460 quarto
1322 3375 1353 3442 3:

401 3483 498 3568 «Qui
522 3487 653 3550 nonest
673 3487 828 3566 expertus
853 3499 954 3566 pauca
980 3481 1217 3568 recognoscit»,
1241 3499 1353 3548 secuu-

395 3589 472 3658 dum
509 3589 593 3676 quod
631 3589 706 3654 dicit
743 3587 971 3672 Philosophus:
1009 3615 1024 3646 «
1049 3587 1248 3672 Experientia
1280 3587 1353 3656 lecit

292 3709 378 3754 tertia·
397 3701 516 3774 artem,
551 3693 781 3780 inexperientia
815 3711 922 3760 casum
946 3697 979 3758 '».
1017 3695 1147 3778 Propter
1181 3691 1352 3778 incomple-

397 3799 516 3868 tt'onenc
544 3799 702 3892 alcaiderii
731 3797 853 3866 subdit:
886 3797 1009 3864 Nonne
1033 3799 1080 3878 ud
1112 3815 1220 3862 unum
1246 3797 1353 3862 locum

392 3913 578 3994 properent
606 3905 743 3972 omniu?
775 3903 864 3990 quasi
896 3903 998 3970 dicat:
1027 3921 1069 3970 ex
1098 3907 1189 3988 parte
1212 3903 1353 3988 corporis

395 4011 505 4080 cedent
538 4011 571 4078 iu
602 4017 741 4090 terram;
776 4009 980 4078 Ecclesiastici
1016 4007 1254 4096 quadragesimo
1286 4009 1352 4094 pri-

395 4135 447 4184 mo
463 4119 492 4182 4:
528 4117 684 4196 «Omnia,
709 4135 789 4202 quae
823 4115 971 4184 deterre
1003 4117 1197 4194 factasunt,
1232 4113 1266 4180 in
1288 4119 1350 4182 ter-

303 4271 306 4280 .
395 4243 463 4292 ram
492 4229 718 4292 convertentur
731 4249 768 4304 »3
790 4227 822 4290 et
851 4241 950 4308 supra
965 4223 1078 4289 tertio:
1107 4221 1258 4288 «Cuncta
1276 4220 1350 4288 sub-

395 4333 496 4398 iacent
523 4329 666 4408 vanitati,
690 4335 722 4396 et
743 4329 848 4396 omnia
866 4333 1004 4414 pergunt
1019 4327 1068 4396 ad
1080 4329 1184 4396 locum
1205 4345 1304 4394 unum
1319 4353 1348 4394 v.

395 4439 552 4522 Experto
584 4435 680 4522 igitur
710 4435 860 4522 corporis
884 4441 930 4504 est
961 4435 1157 4514 incineratio,
1190 4453 1230 4502 ex
1262 4441 1350 4520 parte

394 4549 498 4612 autem
523 4543 657 4610 unimuc
683 4541 828 4612 desiderii
851 4543 902 4608 sui
923 4540 1132 4626 incompletio.
1147 4577 1189 4588 -
1205 4541 1349 4624 Propter-

394 4669 429 4718 ea
461 4649 551 4716 dicit:
580 4647 694 4714 Omnis
724 4645 818 4714 iothor·
851 4645 995 4714 leontini-r
1026 4647 1062 4714 in
1093 4667 1150 4714 oro
1172 4645 1282 4724 dlicta:
1314 4665 1350 4712 os
1415 4681 1418 4686 Α

394 4755 509 4822 dicitur
530 4753 661 4846 inhiatio
676 4753 837 4834 desideria
853 4753 908 4840 qni
924 4753 1010 4820 enim
1031 4753 1188 4822 desiderat
1208 4753 1297 4840 quasi
1314 4771 1349 4820 os

289 4861 292 4872 '
377 4861 510 4946 ¹aperit;
533 4859 679 4926 laborem
703 4859 798 4946 igitur
822 4861 889 4926 θεεθ
903 4859 1034 4938 inore,
1059 4861 1119 4928 hoc
1136 4867 1182 4926 θεῖ
1205 4861 1349 4926 laborare

392 4967 431 5032 ad
452 4967 597 5034 desiderii
628 4965 884 5050 completionem;
907 4965 991 5032 unde
1023 4962 1266 5034 Proverbiorum
1295 4965 1348 5034 de·

392 5071 472 5140 cimo
495 5071 630 5140 sertui:
659 5097 675 5130 <t
691 5071 798 5138 Anima
830 5071 1000 5140 laborantis
1022 5071 1144 5138 laborat
1165 5071 1242 5150 sibi,
1263 5063 1347 5156 'qnia

393 5177 543 5262 compulit
565 5193 640 5242 enm
654 5193 690 5242 os
713 5193 807 5242 suum
824 5203 853 5242 θ.
881 5177 915 5242 Εῖ
931 5175 1005 5244 licet
1019 5179 1080 5244 hoc
1093 5175 1134 5242 ad
1155 5175 1347 5244 desiderium

298 5357 299 5360 ,
350 5273 361 5282 ’“
393 5281 609 5368 complendum
634 5279 741 5362 iaciat,
766 5299 828 5348 nou
859 5287 963 5348 tamen
986 5281 1188 5368 completur:
1203 5279 1272 5348 ideo
1301 5281 1347 5348 di·

392 5389 452 5458 cit:
475 5389 539 5458 Sed
561 5389 679 5456 naimo
707 5387 816 5466 illitu,
840 5385 957 5458 scilicet
986 5385 1092 5454 divitis
1116 5385 1250 5464 tenacis,
1280 5405 1347 5452 non

364 5491 366 5494 ’
392 5495 580 5582 implebitur
602 5493 711 5574 bouis,
746 5493 829 5560 sicut
862 5491 981 5560 dictum
1017 5497 1065 5558 est
1087 5507 1185 5574 supra
1218 5491 1345 5574 quinto:

398 5603 546 5668 «Avarus
570 5619 633 5668 non
665 5599 849 5688 implebitur
880 5597 1062 5686 pecunia»;
1085 5593 1170 5662 unde
1205 5597 1346 5662 habacuc

391 5707 540 5776 secundo:
572 5735 587 5766 «
602 5705 750 5776 Dilatavit
764 5705 852 5794 qnasi
877 5703 1020 5772 internus
1034 5703 1170 5770 animam
1193 5707 1346 5782 suamet

461 6069 470 6100 ¹
491 6073 566 6126 Vera.
585 6077 628 6126 22.
645 6103 681 6112 -
701 6075 824 6142 Sequitur
842 6077 903 6142 Sap.
929 6079 958 6142 2,
978 6073 1010 6142 ti,
1028 6073 1075 6126 nbi
1098 6089 1147 6142 pro
1172 6073 1222 6130 urit
1245 6089 1347 6130 roimrror

390 6159 502 6224 irrigata
521 6161 681 6216 poemerium
700 6161 811 6218 babebit.

459 6243 565 6300 ‘vers
582 6247 606 6300 7.
626 6277 660 6290 -
680 6251 802 6316 Sequitur
821 6253 883 6316 Sap.
900 6253 931 6318 t,
951 6253 975 6304 6.
1284 6313 1285 6316 ,

389 6345 390 6348 ’
459 6331 470 6364 ⁸
488 6337 564 6388 Vers.
583 6337 626 6388 ld.
644 6365 678 6378 -
698 6339 828 6392 Sententia
844 6341 950 6394 Aristot.
967 6347 1008 6394 est
1025 6341 1050 6392 in
1068 6343 1086 6394 l.
1097 6341 1210 6404 hleteph.
1223 6355 1248 6394 c.
1262 6343 1347 6394 l:Ex·

388 6423 514 6490 portemia
532 6421 617 6488 enim,
637 6429 664 6476 nt
682 6433 753 6478 recte
771 6427 807 6478 ait
830 6427 918 6494 Pohe,
939 6433 1020 6482 artem
1045 6427 1143 6494 elicuit,
1161 6427 1345 6494 inexperientia

387 6529 452 6568 vero
469 6515 607 6566 lortunnm.
942 6547 944 6550 -

458 6597 469 6630 ⁴
488 6601 563 6654 Vers.
583 6601 624 6652 te.
644 6599 756 6666 Vulgata
773 6607 839 6658 suut
854 6619 903 6668 pro
921 6603 995 6672 tuctu
1013 6607 1086 6658 eunt.
1103 6631 1140 6642 —
1158 6605 1281 6670 Sequitur
1299 6607 1346 6658 Er-

388 6689 609 6754 ote.3,l9.2(i.
700 6683 705 6692 ’
800 6701 801 6704 ’
965 6693 966 6696 ’

458 6775 469 6808 ⁶
488 6779 563 6832 Vers.
582 6779 625 6832 26.
645 6805 686 6852 *,
699 6779 847 6844 Sequuntur
866 6781 950 6832 Ecclc.
968 6779 1000 6846 5,
1019 6781 1049 6844 9,
1069 6778 1165 6833 liabeo.
1186 6783 1215 6844 2,
1235 6781 1260 6836 5.
1279 6789 1305 6838 θῖ
1317 6785 1344 6838 ll.

389 6865 458 6920 Tim.
475 6867 507 6930 3,
525 6865 551 6918 7.

1421 721 1488 808 ipse
1512 721 1602 808 quasi
1625 739 1713 790 mors
1742 741 1805 790 non
1829 719 2095 806 adimplebitur».
2126 719 2169 784 lta
2191 735 2304 786 verum
2334 725 2383 784 θεῖ

1421 829 1461 896 de
1482 827 1600 908 avaris,
1625 829 1663 896 de
1686 817 1834 914 pecunia3
1857 829 1902 896 ita
1923 827 2019 896 etiem
2039 825 2080 892 de
2102 823 2382 904 scientiaasecun-

1420 931 1478 998 dae
1513 931 1551 1000 ad
1587 931 1785 1000 Timotheum
1819 933 1929 1000 tertio:
1959 935 2121 1018 «Semper
2147 929 2316 1008 discentes
2349 935 2380 994 et

1421 1053 1585 1122 nunquam
1607 1037 1648 1102 ad
1670 1039 1832 1106 scientiam
1854 1039 1996 1108 veritatis
2018 1037 2281 1126 pervenientes».

1784 1249 2013 1334 Qunusnouus.
2080 1253 2082 1256 ’
2138 1263 2139 1268 ’

1511 1461 1531 1526 l.
1556 1461 1725 1546 Quaeritur
1749 1459 1787 1528 de
1820 1461 1880 1528 hoc
1901 1461 1986 1546 quod
2009 1461 2100 1530 dicit:
2134 1463 2207 1530 Non
2233 1465 2323 1532 dedit
2350 1465 2382 1532 ci

1420 1569 1511 1636 Deus
1522 1567 1727 1654 Ιθθῖθεῖθῖθθῖ,
1744 1575 1782 1636 nt
1795 1567 1941 1656 fructur
1959 1567 2067 1636 ,doni-r.
2084 1609 2129 1618 -
2142 1571 2283 1638 Contra:
2300 1573 2380 1640 llaec

1421 1680 1469 1742 est
1491 1675 1629 1742 liberum
1652 1673 1835 1770 arbitrium;
1859 1673 1913 1742 sod
1937 1671 2021 1740 dedit
2036 1675 2171 1742 liberum
2195 1675 2380 1746 arbitrium:

1420 1797 1497 1868 ergo
1520 1787 1551 1848 et
1574 1785 1770 1866 potestatem.
1996 1841 1997 1844 ,
2245 1843 2246 1846 ,

1511 1885 1706 1972 despondeo:
1720 1885 1902 1966 dicendum,
1920 1887 2020 1972 quod.
2029 1887 2204 1972 potentiam
2223 1889 2319 1956 hahet
2334 1891 2381 1958 ad
2397 1897 2464 1954 Revr-

1418 1991 1606 2074 fruendum,
1633 1991 1751 2060 scilicet
1772 2011 1835 2078 qne
1845 1999 1958 2080 potest
1971 1991 2034 2058 irui
2046 1999 2059 2072 ;’
2079 1993 2134 2060 sed
2153 1993 2236 2060 insto
2259 1993 2316 2062 Dei
2330 1995 2379 2062 iu-

1418 2097 1500 2164 dicio
1523 2097 1694 2184 impeditur
1708 2099 1815 2186 aliqua
1837 2115 1954 2184 poena,
1977 2097 2057 2184 quia
2075 2099 2209 2166 incurrit
2228 2099 2379 2168 sollicitu-

1418 2203 1525 2268 dinem
1548 2201 1745 2288 superfluam
1768 2209 1799 2270 θῖ
1830 2203 1974 2270 timorem
1998 2209 2028 2270 θῖ
2059 2203 2218 2284 dulorem;
2244 2209 2274 2272 et
2306 2205 2380 2290 quia

1415 2315 1560 2394 potestus
1574 2329 1575 2332 ¹
1590 2307 1665 2376 dicit
1688 2311 1859 2396 potentiam
1891 2309 2106 2396 expeditami,
2138 2317 2168 2378 et
2197 2311 2273 2378 haec
2297 2311 2380 2380 iusto

1419 2413 1534 2482 iudicio
1558 2415 1706 2500 impedita
1727 2425 1791 2484 est:
1816 2415 1887 2484 ideo
1912 2425 1970 2482 etc.

1509 2521 1541 2588 ll.
1575 2521 1650 2590 item
1684 2523 1849 2608 quaeritur
1885 2521 1923 2590 de
1958 2521 2018 2590 hoc
2048 2523 2134 2608 quod
2165 2523 2259 2604 dicit,
2295 2527 2379 2612 quod

1417 2627 1505 2696 nihil
1532 2629 1618 2696 dccet
1648 2629 1781 2698 unimur
1815 2649 1898 2698 cunc
1927 2649 1965 2696 eu
2002 2629 2171 2710 amotores,
2207 2651 2292 2720 quuc
2325 2633 2379 2698 cle-

1417 2735 1554 2802 siderut.
1849 2801 1851 2812 ,
2256 2751 2258 2758 ’
2306 2741 2309 2746 “

1509 2839 1653 2908 Courua:
1678 2843 1789 2926 Supra
1803 2843 1913 2928 quinto
1926 2841 1958 2908 ⁷:
1977 2845 2122 2908 ‘Avarus
2144 2863 2210 2910 oon
2234 2843 2379 2930 implebi-

1418 2953 1476 3014 tur
1495 2947 1663 3034 pccuoiu,·
1687 2953 1718 3016 et
1741 2965 1855 3016 rursus
1883 2947 2109 3034 hieronymus:
2139 2951 2269 3016 «hvaro
2284 2949 2379 3040 wdeest

1418 3059 1482 3122 tam
1499 3055 1584 3141 qnod
1604 3055 1714 3134 habet,
1739 3059 1837 3142 quam
1850 3053 1936 3142 qnod
1958 3067 2019 3122 non
2036 3055 2131 3124 hahet
2146 3081 2183 3122 »:
2205 3055 2286 3124 male
2303 3073 2379 3142 ergo

1417 3157 1508 3240 dicit,
1531 3177 1605 3226 cnm
1628 3161 1689 3227 ait:
1715 3163 1757 3226 Εῖ
1776 3157 1862 3226 nihil
1884 3159 1977 3226 decet.

1508 3267 1706 3352 despondeo:
1728 3257 1914 3346 dicendum,
1931 3265 2016 3352 quud
2031 3267 2138 3336 deesse
2153 3269 2301 3358 aliquid,
2318 3271 2378 3338 hoc
2395 3275 2461 3334 Revr-

1417 3377 1519 3458 potest
1545 3389 1613 3440 θεεθ
1637 3373 1818 3460 dupliciter:
1841 3373 1891 3442 vel
1917 3379 2073 3460 quantum
2096 3375 2136 3442 ad
2159 3375 2377 3444 sufficientiam
2395 3381 2517 3430 virtuto·

1417 3477 1592 3544 secundnm
1622 3499 1692 3546 :reru
1715 3487 1746 3546 θῖ
1768 3487 1935 3560 naturam,
1965 3479 2016 3546 vel
2048 3479 2220 3548 secundum
2236 3505 2237 3534 1
2252 3481 2377 3568 opinio-

1415 3601 1501 3648 nem.
1524 3583 1599 3652 Dico
1624 3591 1713 3670 ergo,
1745 3585 1829 3670 qnod
1853 3585 1933 3652 bene
1956 3591 2060 3670 potest
2088 3603 2156 3652 esse
2189 3605 2305 3654 avarus
2333 3587 2377 3654 ita

1415 3687 1518 3766 diver,
1534 3689 1620 3774 qnod
1643 3689 1721 3756 nihil
1735 3691 1818 3758 desit
1831 3691 1858 3758 ei
1877 3689 2051 3758 secundum
2074 3697 2376 3772 :mercaturam

1416 3793 1472 3860 sod
1494 3801 1597 3874 tamen
1622 3813 1785 3880 nunquam
1810 3797 1852 3862 ita
1876 3795 1974 3874 dives,
2001 3797 2086 3880 quinw
2100 3797 2217 3882 aliquid
2243 3799 2269 3864 ei
2298 3797 2377 3866 desit

1416 3897 1590 3966 secundnm
1613 3919 1713 3968 cnoro
1741 3901 2121 3988 adranotherensium
2150 3919 2273 3988 semper
2304 3903 2378 3988 pins

1416 4003 1504 4090 cupit
1526 4005 1657 4088 hahere:
1683 4013 1714 4074 et
1736 4007 1779 4074 ita
1795 4009 1853 4076 sibi
1877 4007 1972 4076 deest.

1505 4111 1551 4178 lll.
1576 4113 1652 4180 ltem
1674 4113 1713 4180 de
1736 4115 1797 4180 hoc
1820 4115 1999 4202 quaeritur,
2027 4115 2112 4200 qnod
2142 4117 2322 4184 abortivum
2346 4117 2376 4184 oi

1415 4219 1563 4302 praefert.
1587 4219 1729 4300 Videtur,
1754 4221 1837 4308 quod
1861 4221 1959 4288 male:

1508 4327 1534 4390 t.
1561 4327 1641 4410 eria
1653 4327 1818 4396 abortivus
1832 4327 1993 4396 nullarum
2015 4345 2123 4396 rerum
2139 4329 2251 4396 hahuit
2269 4329 2374 4416 cogni·
2392 4335 2526 4434 suffinae.

1413 4429 1549 4510 tionem,
1574 4429 1633 4498 iste
1655 4437 1761 4498 autern
1784 4433 1912 4512 hahuit;
1938 4433 2026 4516 item,
2052 4449 2181 4516 avarus,
2205 4453 2277 4502 cnm
2302 4453 2373 4522 pec·
2480 4421 2487 4436 ’

1413 4543 1464 4602 cat
1486 4537 1671 4618 mortaliter,
1696 4537 1815 4606 iruitnr
1836 4523 1998 4606 utendisi.

1503 4645 1533 4710 h.
1570 4643 1659 4724 item,
1697 4645 1853 4732 quomodo
1887 4645 1980 4726 dicit,
2012 4647 2096 4733 quod
2127 4667 2194 4714 uon
2225 4651 2376 4736 cognouit

1412 4749 1610 4818 distentione
1627 4751 1704 4818 honi
1716 4759 1748 4818 et
1760 4753 1861 4832 muli,
1880 4751 1938 4820 nisi
1954 4753 2050 4822 luerit
2073 4753 2249 4841 perfruitus
2262 4755 2373 4822 bonis?

1412 4857 1494 4944 Ergo
1508 4857 1647 4940 videtur,
1665 4861 1751 4946 qnod
1764 4859 1928 4928 abortivus
1944 4861 1983 4928 sit
2006 4860 2118 4928 melior
2139 4861 2301 4942 omnibus,
2317 4863 2372 4948 qni

1410 4981 1474 5030 non
1490 4962 1687 5032 delectantur
1702 4965 1734 5032 in
1758 4965 1846 5033 bonis
1863 4967 2081 5054 praesentibus
2097 4967 2197 5052 etqui
2219 4987 2281 5036 non
2299 4977 2373 5036 snut

1410 5071 1569 5152 carnalem
1593 5071 1653 5140 hoc
1677 5077 1783 5140 antem
1807 5079 1854 5140 est
1877 5073 2082 5140 haereticum.

1453 5267 1457 5274 .
1501 5175 1701 5260 despondeo:
1736 5177 1921 5256 dicendum,
1956 5179 2043 5264 quod
2076 5179 2251 5246 secuudum
2285 5179 2370 5246 illam
2389 5185 2509 5284 Rrsgxir·

1411 5279 1639 5366 utrumquem
1653 5282 1714 5348 noc
1730 5281 1853 5350 nurui
1870 5283 2061 5368 opaeum
2082 5285 2250 5364 curuata,
2273 5285 2371 5354 facins
2417 5251 2431 5296 ¹²
2468 5269 2474 5284 '

1410 5389 1459 5452 θεῖ
1473 5383 1651 5470 responsio:
1669 5387 1851 5452 sustinendo
1868 5395 1980 5466 tamen,
1994 5389 2078 5474 quod
2090 5387 2149 5454 hoc
2165 5389 2248 5456 dicat
2259 5407 2371 5458 secun-

1409 5487 1488 5556 dum
1511 5489 1697 5572 ceritatem,
1719 5491 1803 5572 dico,
1827 5491 1912 5578 qnod
1937 5493 1989 5560 tali
2012 5491 2101 5560 diviti
2125 5495 2223 5562 tenaci
2254 5497 2371 5564 aborti-

1410 5613 1488 5664 vum
1509 5595 1692 5682 praeponit,
1713 5597 1788 5684 quia
1811 5597 1881 5680 ille,
1904 5599 2050 5684 mamus
2072 5617 2134 5668 uon
2159 5599 2199 5668 sit
2217 5609 2370 5688 expertus

1409 5701 1507 5784 bona,
1537 5709 1642 5770 tamen
1672 5723 1734 5772 nou
1766 5705 1916 5774 sustinuit
1939 5705 2037 5786 mala:
2066 5707 2118 5804 hic
2147 5713 2254 5776 autem
2276 5711 2371 5776 susti-

1481 6071 1494 6104 ὃ
1512 6075 1540 6128 Β.
1559 6073 1670 6136 libert,
1689 6075 1714 6126 in
1735 6075 1766 6126 V.
1778 6075 1890 6140 hieteph.
1903 6077 1935 6126 tr.
1948 6075 1973 6126 2.
1986 6089 2008 6126 c.
2024 6073 2032 6124 l
2041 6077 2070 6128 Ξῖ
2083 6073 2192 6140 Oportet
2204 6077 2283 6142 scire,
2297 6077 2368 6142 quod

1410 6163 1497 6216 differt
1510 6165 1629 6232 potestur
1652 6177 1667 6214 a
1684 6161 1803 6232 potentin
1821 6163 1847 6214 in
1874 6165 1937 6216 hoc:
1952 6165 2070 6230 potestus
2096 6169 2134 6216 est
2154 6163 2274 6232 potentio
2290 6165 2370 6218 'stans

1410 6253 1461 6304 suh
1479 6252 1673 6316 complemento
1691 6249 1799 6302 actualis
1817 6245 1935 6314 babitus,
1952 6255 1980 6302 et
1998 6249 2058 6302 ideo
2075 6253 2161 6304 activa
2180 6257 2219 6304 est
2233 6253 2369 6320 potentum·

1405 6337 1527 6410 potentio
1551 6343 1639 6392 autem
1658 6343 1698 6390 θεῖ
1721 6337 1883 6392 interminata
1908 6337 1996 6392 adhuc
2018 6344 2046 6392 θῖ
2069 6339 2241 6406 incompleta,
2258 6345 2285 6394 et
2309 6339 2368 6394 ideo

1407 6427 1517 6494 proprie
1541 6425 1680 6480 materialis
1703 6427 1816 6490 potentie
1835 6425 1956 6494 potentio
1981 6432 2099 6480 vocatur.
2117 6455 2152 6467 -
2172 6429 2298 6492 Superius
2319 6445 2368 6496 pro

1407 6517 1503 6586 utiquo
1516 6529 1605 6584 poeno
1624 6515 1643 6570 C
1661 6513 1752 6568 triduo
1766 6527 1869 6582 poeno,
1888 6515 1998 6566 ADEF
2015 6513 2073 6568 otro
2087 6513 2185 6582 ρθθῖῖα.

1479 6601 1491 6634 ²
1510 6605 1584 6658 Vere.
1603 6603 1629 6656 9.
1647 6631 1683 6640 -
1701 6601 1788 6656 Verba
1808 6603 1912 6656 llieron.
1931 6601 1994 6654 ride
2010 6617 2090 6670 supra
2111 6617 2172 6670 pag.
2189 6605 2237 6676 lli,
2258 6613 2318 6662 nota
2341 6611 2367 6664 3.

1478 6687 1491 6722 ⁸
1509 6691 1632 6760 bragusa,
1650 6691 1684 6744 83
1703 6691 1754 6760 Qq.
1770 6705 1799 6758 q.
1817 6691 1866 6744 30:
1880 6689 1974 6742 ¹Omnia
1994 6691 2080 6760 itaque
2099 6695 2212 6748 hnmana
2232 6697 2367 6762 perversio

1408 6789 1461 6848 est,
1480 6779 1648 6850 quodetiam
1668 6781 1762 6832 vitium
1781 6785 1897 6844 vocetur,
1919 6779 2034 6832 tenendis
2054 6781 2089 6834 nti
2108 6783 2176 6836 veile
2198 6793 2277 6854 atque
2296 6791 2367 6838 uten-

1407 6871 1449 6926 dis
1467 6871 1526 6924 hui.
