5908 8266
1156 523 1349 590 conualle.
1373 525 1410 592 ΙΝ
1434 523 1601 592 [ΟΑΝΝΕΜ
1622 525 1656 592 C.
1679 525 1767 592 XVII.

311 721 393 776 nupia
412 727 455 760 εῖ.
476 701 529 780 ῖῖῖ,
551 719 605 770 eos
627 701 783 770 removeri
806 721 825 766 a
851 701 969 786 duplici
991 703 1092 780 malo,
1115 701 1234 768 soilieet
1251 717 1429 784 perversae

357 775 408 816 Μ’
476 805 655 896 offertionis
678 817 708 874 et
733 795 868 874 erroris.
893 845 937 856 -
953 807 1032 874 Petit
1053 809 1166 892 igitur,
1181 823 1236 872 eos
1250 805 1428 872 conservari

323 1001 325 1004 Ι
354 928 455 974 ramum·
475 933 493 980 a
510 933 672 1000 perverso
686 911 866 1000 effectione,
886 911 926 978 ad
945 931 1042 996 quam
1058 911 1196 978 mundus
1213 911 1382 996 pertrahit,
1398 913 1428 978 in

475 1039 539 1108 quo
554 1021 733 1088 conversari
755 1019 927 1100 dehebant3
946 1025 1113 1104 propterea
1126 1017 1216 1084 dioit:
1241 1015 1311 1084 ivon
1329 1037 1427 1104 rope,

474 1135 511 1192 nt
536 1125 629 1192 tolles
653 1143 705 1190 eos
722 1123 759 1190 de
775 1125 917 1202 mendo,
940 1141 996 1208 per
1020 1129 1156 1190 mortem
1178 1121 1296 1190 soilioet
1310 1123 1428 1202 earnis,

474 1229 555 1294 sieut
568 1229 684 1294 dieitur
699 1227 739 1294 de
754 1227 879 1294 Henoeh
896 1227 1023 1294 Genesis
1040 1229 1191 1314 quint01:
1222 1251 1237 1284 ῖ
1252 1227 1429 1294 ambulavit

473 1335 599 1402 Henoeh
621 1351 693 1422 eum
719 1335 783 1400 Deo
815 1341 848 1400 et
881 1351 942 1400 non
968 1335 1131 1420 apparuit,
1165 1333 1239 1419 quia
1260 1333 1333 1402 tulit
1356 1351 1427 1400 eum

473 1441 557 1506 Dens
572 1467 604 1504 ε.
627 1441 672 1506 nd
693 1439 753 1504 hoo
777 1441 867 1516 tulit,
891 1447 928 1506 ut
950 1447 1093 1508 servaret
1109 1459 1125 1506 a
1143 1439 1237 1520 malo;
1254 1439 1428 1524 Sapientiae

362 1579 365 1586 .
473 1551 603 1630 quarto:
632 1547 783 1630 «Raptus
805 1551 869 1624 θεῖ,
885 1549 929 1612 ne'
942 1545 1060 1612 malitia
1075 1549 1215 1612 mutaret
1235 1545 1427 1612 intellectum

471 1651 582 1718 eins».
607 1651 673 1718 Non
695 1651 741 1718 sie
763 1651 888 1736 petebat
911 1669 965 1720 eos
988 1653 1125 1732 servari,
1152 1653 1205 1720 sed
1229 1651 1264 1720 in
1287 1653 1428 1730 mando,-

471 1755 541 1822 ideo
557 1755 679 1822 subdit:
705 1757 768 1822 Sed
791 1769 827 1824 nt
843 1777 951 1824 ser’oes
974 1777 1027 1824 eos
1046 1777 1068 1826 o
1084 1759 1181 1824 molo
1208 1759 1243 1822 Et
1263 1757 1345 1824 ratio
1366 1765 1427 1836 θεῖ,

471 1879 570 1948 quare
593 1861 707 1930 debent
730 1867 910 1932 conservari
933 1865 967 1932 in
989 1865 1122 1932 mundo:

560 1973 613 2038 28.
637 1973 739 2056 (vers,
774 1973 849 2056 ld).
881 1973 928 2038 De
958 1973 1083 2038 mundo
1116 1989 1184 2062 non
1214 1979 1311 2050 sent,
1343 1971 1430 2038 sieut

470 2079 552 2164 epoi
580 2099 646 2146 non
676 2099 752 2146 aum
785 2079 823 2146 de
853 2079 993 2158 mondo,
1027 2077 1143 2146 soilieet
1173 2077 1426 2158 conversatioem

471 2185 540 2252 ideo
563 2185 706 2270 petebat,
719 2203 784 2252 ¹eos
805 2185 919 2250 salvari
943 2191 975 2252 θῖ
997 2185 1136 2264 servari,
1154 2201 1191 2250 ne
1208 2189 1428 2252 converteren-

472 2297 525 2356 tur
548 2291 587 2356 ad
620 2291 774 2356 muudum
809 2309 866 2374 per
888 2307 1047 2370 amorem;
1082 2291 1119 2356 de
1155 2309 1218 2374 qua
1251 2291 1428 2358 servatione

471 2395 669 2482 Apoealypsis
690 2395 802 2464 tertio:
831 2421 848 2454 «
863 2395 942 2480 Quia
959 2397 1090 2464 servasti
1112 2395 1245 2462 verbum
1262 2395 1428 2482 patientiae

470 2519 571 2580 meae,
598 2501 729 2568 servabo
751 2507 784 2568 et
806 2519 864 2588 ego
894 2507 930 2568 te
947 2503 987 2568 ab
1010 2503 1092 2568 hora
1120 2503 1317 2582 tentationis,
1348 2521 1428 2588 qnae

470 2611 702 2692 superventura
723 2611 769 2674 est
786 2625 880 2692 super
897 2607 1005 2676 orbem
1024 2599 1219 2688 universum,
1235 2613 1356 2676 tentare
1372 2609 1427 2674 ha-

470 2711 605 2778 bitantes
627 2713 660 2778 in
694 2717 782 2780 terra
796 2739 827 2780 ῖ.
853 2713 903 2780 Sio
935 2713 1032 2800 petit,
1054 2733 1109 2782 eos
1143 2713 1305 2782 serveria
1340 2715 1427 2782 moto

322 2827 450 2874 seeundum·
466 2817 794 2906 praedamnationis,-
824 2819 902 2906 petit
931 2821 1042 2902 etiam,
1074 2821 1193 2890 servari
1217 2839 1235 2886 a
1257 2822 1347 2888 molo
1376 2841 1433 2888 er-

470 2925 579 3002 roria;
603 2931 734 3010 propter
756 2927 841 3010 quod
863 2925 956 2992 dioit:

558 3033 611 3098 29.
635 3031 738 3114 (Vers.
757 3033 832 3114 la).
851 3031 1032 3118 Sonotilieo
1046 3053 1101 3100 eos
1121 3031 1160 3100 e'n
1174 3033 1320 3100 verteme.
1343 3033 1426 3102 Sen-

470 3143 578 3214 etam,
602 3137 663 3204 hoo
698 3137 836 3206 estsine
868 3139 997 3220 terra³;
1021 3137 1252 3224 sanctificare,
1289 3139 1350 3208 hoe
1380 3145 1428 3208 θεῖ
1452 3211 1453 3216 ,

469 3243 623 3310 mundare
647 3249 677 3310 et
700 3245 852 3328 purgare
875 3245 1000 3310 veritos
1020 3251 1125 3312 autem
1151 3245 1227 3310 haee
1241 3251 1290 3312 θεῖ
1313 3245 1345 3312 in
1360 3265 1426 3314 ser-

470 3367 561 3414 mone
592 3347 668 3414 Dei·
689 3349 760 3416 ldeo
777 3349 873 3416 dioit:
902 3349 1014 3416 Sermo
1043 3357 1121 3416 ῖῖῖῖῖε
1152 3349 1277 3416 veritos
1305 3361 1353 3418 θεῖ
1360 3375 1372 3430 ;
1397 3359 1426 3418 θῖ

437 3517 440 3524 ,
470 3457 530 3524 hoo
551 3473 697 3522 sermone
721 3457 775 3522 Dei
799 3457 1035 3522 sanctificantur
1057 3455 1221 3540 discipuli,
1244 3457 1362 3536 idest,
1388 3457 1426 3524 ab

470 3579 579 3630 errore
602 3566 791 3646 purgantur.
823 3563 1065 3646 Chrysostomus
1078 3565 1108 3628 4:
1139 3589 1155 3620 (ε
1172 3559 1352 3646 Sonetiliee
1374 3583 1426 3628 eos

470 3667 504 3736 in
521 3667 675 3748 veritate,
698 3667 807 3748 idest,
833 3667 922 3736 erudi
947 3685 1015 3748 θοε,
1038 3667 1114 3736 doee
1135 3667 1317 3746 veritatem
1343 3677 1427 3736 reeta
1472 3745 1473 3748 Ἴ

470 3773 552 3842 enim
574 3773 721 3858 dogmata
736 3775 929 3840 sanctificant
944 3775 1080 3842 anienem
1092 3801 1122 3840 ε.
1145 3775 1235 3840 Novit
1256 3775 1341 3842 enim
1358 3793 1428 3842 ver-

469 3879 546 3946 bnm
568 3877 624 3946 Dei
656 3875 812 3964 purgare3
849 3879 918 3948 ideo
941 3881 1059 3948 dietum
1096 3885 1143 3948 est
1175 3897 1276 3964 snpra
1307 3879 1428 3946 decimo

470 3985 580 4068 quinto
593 3983 622 4048 ⁵:
646 3985 738 4050 «Vos
754 3985 862 4052 mnndi
879 3985 955 4052 estis
971 3979 1100 4074 propter
1123 4003 1315 4066 sermonem,
1334 4003 1427 4070 quem

470 4091 595 4156 loeutus
617 4107 687 4156 snm
706 4089 794 4158 vohis
809 4115 846 4172 »3
868 4099 901 4158 θῖ
923 4093 962 4158 ad
978 4093 1125 4178 Ephesios
1150 4091 1278 4176 quinto:
1307 4117 1325 4150 <c
1340 4091 1428 4158 Chri-

470 4201 538 4260 stus
567 4195 774 4262 sanctificavit
803 4195 984 4276 lindesiam,
1016 4197 1171 4264 mundans
1203 4215 1272 4264 eam
1303 4197 1428 4264 lavaero

469 4319 568 4384 aquae
585 4301 616 4366 in
632 4301 730 4392 verbo
750 4301 833 4368 vitae
848 4327 878 4366 ε.
905 4303 948 4370 De
965 4303 1209 4370 sanctificatione
1227 4303 1426 4382 huiusmodi,

470 4407 623 4486 secundae
647 4407 685 4474 ad
710 4407 908 4474 Timotheum
926 4409 1078 4476 seeundo:
1106 4407 1254 4492 «Siquis
1277 4409 1427 4474 eorunde-

540 4807 645 4862 1ῖΤθῖε.
665 4807 707 4862 tl.
729 4837 765 4848 --
790 4809 906 4872 Subinde
930 4813 1055 4876 allegatur
1076 4813 1137 4878 Sap.
1161 4809 1191 4878 i,
1213 4813 1252 4866 ll.
1279 4843 1314 4854 -
1339 4813 1425 4866 Glossa

412 4947 413 4950 ,
469 4895 651 4952 interlinearis
671 4897 712 4966 (ex
730 4897 855 4964 lugeret,
874 4901 901 4952 in
920 4901 987 4954 loan.
1007 4903 1106 4968 Evang.
1126 4907 1158 4954 tr.
1178 4903 1239 4954 lus.
1258 4917 1283 4954 n.
1301 4903 1353 4966 2.)ῖ
1367 4903 1428 4960 Non

392 5051 394 5056 ,
468 4995 547 5052 rope,
561 4987 594 5038 nt
610 4983 689 5038 tollor
709 4999 752 5040 eoa
772 4985 802 5040 de
821 4987 936 5054 melodo,
959 4987 1004 5042 ubi
1023 4991 1109 5044 adhue
1128 4991 1269 5044 necessarii
1287 4995 1360 5054 sunt,
1381 4991 1427 5044 etsi

468 5087 520 5126 non
539 5079 599 5124 sunt
615 5073 651 5124 de
668 5087 708 5126 eo.
727 5101 763 5112 -
781 5071 833 5128 Cir.
851 5075 917 5128 inira
935 5091 961 5128 n.
980 5077 1023 5128 34.

464 5187 465 5190 ¹
539 5157 549 5190 ²
569 5161 680 5224 Vulgata
701 5161 771 5216 sient
788 5165 813 5216 et
831 5175 887 5230 epo.
907 5191 943 5202 -
962 5167 1083 5232 Sequitur
1101 5167 1180 5230 Apoe.
1202 5167 1231 5228 3,
1253 5167 1294 5218 ro.

539 5245 549 5278 ³
568 5249 687 5314 Origen,
708 5251 732 5302 in
751 5251 833 5302 Levit.
852 5251 942 5302 homil.
962 5253 1002 5304 ll.
1022 5269 1048 5304 n.
1070 5257 1097 5318 l,
1115 5251 1161 5306 uhi
1179 5253 1291 5318 explieat
1309 5253 1371 5306 illud
1384 5255 1427 5304 Le-

464 5339 513 5406 vit.
536 5339 582 5404 ῖῖῖ,
602 5341 631 5392 t:
653 5337 747 5394 Sentii
764 5341 846 5394 estote·
868 5347 930 5404 eto,
950 5347 975 5394 et
992 5341 1070 5396 dicit:
1090 5341 1158 5410 Quid
1177 5349 1230 5394 est:
1249 5341 1314 5410 peto
1338 5345 1362 5396 el
1380 5353 1427 5410 epo

467 5427 579 5482 senoina
596 5429 703 5482 sumt...
724 5425 790 5480 sieut
807 5441 858 5492 ego
878 5431 975 5482 exeedo
993 5443 1100 5482 omnem
1124 5437 1272 5482 creaturam
1295 5437 1378 5500 atque
1394 5429 1427 5482 ab

468 5517 610 5584 universio,
629 5531 698 5584 quae
717 5521 873 5582 factasunt,
893 5533 1027 5584 segregor,
1045 5519 1081 5572 ita
1099 5525 1125 5572 et
1143 5533 1191 5572 vos
1204 5521 1335 5586 segregati
1346 5527 1428 5574 θεῖοῖθ

467 5603 501 5656 ab
521 5605 661 5670 omnihust‚
679 5607 796 5674 quinon
815 5613 876 5660 sunt
896 5609 976 5662 sancti
995 5623 1043 5662 nee
1063 5611 1117 5662 Deo
1130 5609 1217 5662 dicati.
1231 5609 1371 5676 segregari
1385 5625 1428 5662 au·
1453 5669 1455 5674 y

467 5699 519 5746 tem
540 5693 653 5746 dicimus
670 5707 724 5746 non
741 5695 820 5758 loeis,
840 5695 886 5746 sed
905 5695 1022 5760 aetihue,
1040 5711 1089 5750 nee
1112 5695 1281 5762 regionihtm,
1299 5699 1347 5752 sed
1364 5713 1428 5752 cou-

467 5779 677 5834 versationihus„
686 5779 805 5848 Denique
825 5787 850 5834 θῖ
867 5783 924 5848 ipse
938 5797 1025 5836 sermo
1038 5783 1065 5836 in
1079 5785 1175 5836 Graeca
1188 5783 1290 5846 lingua,
1304 5785 1379 5850 quod
1391 5783 1428 5838 di·

467 5865 534 5920 citur
547 5859 636 5934 ἅγιος,
650 5869 725 5932 quasi
737 5869 818 5920 eartrn
832 5871 934 5922 terram
947 5883 1005 5922 esse
1018 5871 1153 5934 signifieat.
1171 5869 1338 5934 Quicumque
1355 5869 1426 5920 enim

443 6021 444 6024 Ἴ
467 5967 495 6008 εθ
513 5955 707 6010 eonsecraverit
724 5957 792 6020 Deo,
810 5957 905 6010 merito
923 5965 993 6010 exoa
1014 5965 1125 6022 terram,
1145 5961 1214 6010 extra
1238 5959 1368 6010 mundum
1388 5959 1427 6010 vi-

467 6031 587 6110 debitur;
605 6049 691 6108 potest
710 6043 780 6096 enim
798 6049 825 6098 et
842 6047 900 6110 ipse
917 6047 1021 6100 dicere:
1039 6049 1124 6112 Super
1144 6050 1238 6098 terram
1263 6045 1426 6100 ambulantes

467 6131 693 6185 conversationem
719 6133 744 6184 in
770 6135 846 6188 caelis
870 6133 1000 6188 habemus
1019 6135 1078 6206 [cfr.
1097 6137 1161 6190 Phil.
1181 6137 1212 6198 3,
1230 6133 1284 6202 22]
1304 6139 1352 6188 θῖθ.
1373 6135 1424 6190 Glr.

467 6221 555 6274 Glossa
575 6217 718 6274 ordinario
734 6221 762 6274 in
788 6223 869 6276 Levit.
891 6225 937 6290 le,
958 6227 987 6288 2,
1013 6239 1083 6292 quae
1106 6225 1185 6280 etiam
1211 6221 1275 6274 ibid.
1298 6237 1380 6290 super
1399 6225 1427 6276 il·

466 6313 512 6364 lud
527 6311 574 6376 29,
590 6311 637 6364 ll:
656 6311 768 6364 Animal
785 6311 971 6380 immundum,
990 6313 1063 6382 qnod
1080 6311 1196 6370 Domino
1214 6311 1354 6366 immolari
1370 6327 1426 6368 noe

464 6403 552 6472 potest
569 6405 618 6452 eto.
644 6401 799 6466 (seeundum
826 6401 964 6456 liehanum
980 6403 1010 6454 in
1028 6407 1098 6456 huno
1122 6401 1197 6468 loe),
1216 6401 1266 6454 ait:
1283 6403 1425 6456 Sciendum

467 6491 520 6550 θεῖ,
539 6485 612 6552 quod
631 6487 701 6538 aliud
719 6493 759 6540 est
776 6487 956 6558 aaneepearr,
974 6491 1046 6544 aliud
1066 6497 1104 6544 θεῖ
1119 6493 1251 6562 εθῖῖθῖθθῖ
1266 6501 1337 6556 esse,
1354 6493 1426 6544 aliud

461 6575 521 6630 'Deo
539 6573 648 6644 offerri,
667 6577 739 6628 aliud
758 6575 807 6630 Dei
825 6591 888 6632 ease.
907 6579 984 6644 Quod
1004 6579 1074 6632 enim
1092 6577 1267 6636 sairotifioatur
1279 6583 1304 6630 θῖ
1321 6577 1435 6632 offertur'

461 6667 586 6716 ‘sanctum
605 6661 699 6730 incipit
715 6677 781 6728 esse,
798 6665 871 6730 quod
890 6679 943 6718 non
962 6673 1025 6734 erat,
1043 6673 1069 6720 θῖ
1087 6667 1213 6734 paulatim
1232 6673 1425 6730 augmentatur.

467 6751 544 6818 Quod
569 6757 687 6804 sanetum
713 6757 752 6804 est
771 6757 795 6804 et
814 6751 861 6806 Dei
880 6757 918 6808 θεῖ
936 6767 990 6808 noo
1010 6759 1067 6824 epet
1084 6757 1246 6826 enemente,
1265 6755 1328 6820 quia
1346 6759 1428 6820 perle-

468 6843 539 6892 ctum
557 6847 604 6892 θεῖ.

575 6945 603 7000 S.
620 6947 726 7000 Bonae.
744 6975 780 6986 -
798 6947 876 7000 Tom.
896 6949 939 7002 Vl.

2384 523 2448 590 473

1492 701 1575 768 verit
1597 719 1629 770 se
1654 703 1692 766 ab
1708 701 1790 782 istis,
1805 701 1866 766 erit
1881 715 1936 766 vas
1952 697 2196 780 mnotifioatum,
2212 699 2289 766 utile
2304 699 2450 780 Domino,

1492 806 1534 875 ad
1553 813 1648 874 omne
1668 825 1749 892 opus
1773 809 1890 874 bonum
1914 811 2059 892 paratum
2076 833 2106 870 ε.
2237 877 2240 882 ‚

1584 915 1635 982 30.
1661 915 1762 1000 (Vers.
1790 915 1864 996 l8.).
1895 913 1986 980 Sient
2010 919 2045 978 tn
2068 931 2119 978 me
2143 913 2274 980 miseni.
2297 913 2450 998 Tangitur
2486 931 2571 994 εεῖε,
2585 931 2612 976 ε

1493 1019 1545 1084 hio
1568 1019 1717 1100 tertium,
1739 1019 1857 1088 seilicet
1880 1019 1969 1086 rotie
1984 1019 2202 1098 enundiendi,
2225 1035 2307 1104 quae
2330 1017 2448 1104 duplex
2462 989 2612 1082 iiiiiimu'

1492 1129 1554 1202 θεῖ,
1592 1123 1709 1190 εθῖῖῖθθῖ
1741 1125 1954 1192 commissam
1988 1123 2036 1190 eis
2070 1123 2224 1214 officient
2246 1129 2277 1190 et
2306 1141 2373 1208 pro
2404 1123 2451 1188 eis

1492 1227 1641 1294 obtutam
1670 1229 1890 1314 soerirleiem.
1919 1231 2045 1298 Ratione
2078 1229 2247 1298 commissi
2276 1229 2376 1318 offleii
2397 1227 2451 1294 de·
2468 1249 2530 1294 εῖῖε
2544 1249 2565 1292 r.

1492 1333 1568 1402 hent
1592 1335 1712 1430 servari
1733 1339 1766 1400 et
1796 1335 2001 1416 sanotiiloari,
2033 1337 2106 1422 qnia
2132 1337 2217 1406 missi
2247 1345 2337 1404 erant
2366 1337 2450 1402 inter

1492 1441 1608 1520 malos;
1632 1439 1702 1504 ideo
1718 1439 1805 1506 elicit:
1832 1441 1926 1506 Sient
1949 1447 1983 1506 tn
1998 1461 2049 1508 me
2072 1441 2196 1510 misisti
2210 1443 2246 1510 t'n
2269 1441 2448 1522 mondino,

1491 1547 1532 1612 ad
1553 1545 1751 1630 passionem3
1776 1547 1849 1612 sio6
1865 1553 1906 1642 etx
1916 1567 1974 1630 epo
1988 1549 2070 1612 misi
2090 1569 2144 1616 eoa
2158 1549 2195 1616 in
2210 1551 2394 1630 mnndum,
2410 1549 2449 1616 ad

1491 1651 1672 1738 patiendum
1699 1651 1830 1732 seilicet3
1860 1643 1945 1720 unde
1975 1653 2124 1720 Matthaei
2153 1653 2290 1722 decimo:
2321 1681 2337 1714 «
2357 1657 2449 1734 Eone,

1491 1777 1549 1844 ego
1574 1759 1665 1824 mitto
1678 1777 1733 1826 vos
1758 1759 1840 1826 sieut
1853 1775 1927 1824 oves
1943 1757 1974 1822 in
1991 1757 2256 1844 mediolupornm
2270 1787 2298 1826 ῖ.
2322 1763 2449 1828 llatione
2467 1781 2529 1826 εῖῖε
2540 1779 2563 1824 a.

1490 1863 1590 1950 igitur
1611 1863 1713 1952 offleii
1739 1863 1870 1950 dignum
1895 1867 1979 1942 erat,
2012 1867 2046 1928 nt
2075 1871 2296 1944 servarentur;
2330 1867 2450 1934 ratione

1491 1969 1586 2036 etiam
1608 1969 1773 2056 soorifioit'
1793 1969 1913 2046 obtati·
1935 1969 2006 2034 ideo
2029 1969 2151 2038 subdit:
2180 1999 2198 2026 a

1576 2075 1634 2142 dl.
1658 2075 1758 2158 (Vers
1790 2075 1863 2158 la).
1894 2075 1930 2140 lit
1953 2093 2010 2158 epo
2036 2091 2102 2158 pro
2126 2073 2172 2140 eia
2203 2073 2372 2158 annalistae
2398 2095 2449 2142 nte

1491 2181 1622 2266 ipsam:
1647 2181 1889 2266 chrysostomus
1902 2179 1931 2246 ⁷:
1961 2205 1977 2238 «
2000 2179 2033 2246 ld
2055 2187 2121 2260 est,
2144 2179 2279 2248 hostiam
2310 2189 2448 2248 sanatam

1491 2287 1599 2354 offero.
1622 2287 1758 2352 Hostiae
1780 2305 1888 2354 omnes
1918 2293 2043 2354 sanetae
2074 2287 2259 2354 dicebantur
2274 2311 2305 2368 »3
2330 2287 2369 2356 al
2392 2291 2460 2356 llo-¹

1491 2411 1601 2460 manos
1622 2395 1827 2460 duodecimo:
1854 2419 1871 2452 ῖ
1888 2393 2069 2460 Exhibeatis
2102 2411 2235 2478 corpora
2268 2401 2370 2462 vestra
2394 2395 2451 2462 ho-
2501 2473 2502 2476 Ἴ

1491 2501 1585 2568 stiam
1607 2499 1781 2582 viventem,
1803 2505 1962 2578 sanatam,
1977 2499 2041 2566 Deo
2066 2501 2237 2586 placentem
2255 2525 2291 2580 »;
2316 2507 2346 2570 θῖ
2369 2503 2451 2568 siout

1490 2609 1566 2676 dieii
1589 2607 1831 2692 chrysostomus
1845 2607 1869 2686 ⁸,
1901 2631 1915 2664 «
1935 2605 2010 2692 quia
2042 2607 2217 2692 antiquius
2249 2609 2451 2676 sanotilimtio

1490 2718 1560 2782 erat
1583 2713 1612 2780 in
1643 2731 1701 2782 ove
1723 2713 1756 2780 in
1780 2719 1867 2800 typo,
1892 2729 1976 2778 nuno
2000 2719 2105 2780 autem
2130 2731 2192 2778 non
2222 2719 2271 2780 θεῖ
2292 2713 2326 2780 in
2357 2721 2449 2800 typo,

1491 2821 1545 2890 sed
1577 2821 1608 2888 in
1640 2821 1708 2904 ipsa
1733 2819 1884 2896 veritate3
1907 2817 1977 2886 ideo
2008 2819 2065 2884 ait:
2093 2819 2135 2886 Ut
2155 2821 2222 2886 sint
2249 2821 2452 2906 sonetirionti

1489 2929 1529 2994 in
1549 2925 1687 2994 ueritate
1703 2949 1740 3004 »,·
1764 2925 1801 2992 ad
1834 2925 1988 2992 Hebraeos
2012 2943 2110 2992 nono:
2142 2927 2202 2992 «Si
2225 2927 2303 2992 einis
2333 2927 2451 3020 vitulae

1490 3049 1640 3118 aspersos
1661 3037 1694 3100 et
1721 3031 1847 3118 sanguis
1877 3029 2039 3098 hireorum
2071 3031 2249 3118 inquinatos
2278 3033 2451 3100 sanotilieat

1489 3139 1530 3208 ad
1552 3137 1805 3206 emundationem
1830 3137 1950 3218 earnis3
1970 3137 2203 3222 quantomagis
2219 3139 2345 3222 sanguis
2360 3139 2450 3204 Chri-

1490 3247 1530 3314 sti
1553 3243 1736 3312 emundabit
1751 3243 1970 3310 conscientiam
1986 3247 2126 3310 nostram
2141 3241 2181 3310 ab
2201 3243 2348 3328 operibus
2364 3261 2449 3310 mor-

1489 3351 1554 3418 tuis
1577 3349 1614 3416 ad
1640 3349 1839 3418 serviendum
1861 3349 1925 3416 Deo
1949 3349 2120 3416 viventis?

1853 3561 2085 3646 Qunasuonus.

1583 3773 1635 3838 32.
1669 3773 1794 3856 Quaest.
1825 3775 1845 3838 l.
1879 3769 2047 3856 Quaeritur
2079 3771 2117 3838 de
2148 3771 2208 3838 hoo
2243 3773 2328 3858 quod
2357 3771 2449 3840 dioit:

1493 3877 1579 3946 Cum
1600 3895 1703 3944 essem
1724 3897 1800 3944 orem
1825 3877 1890 3956 eia,
1913 3895 1970 3964 epo
1992 3877 2169 3942 sanabant
2193 3895 2255 3944 eos.

1586 3986 1611 4049 l.
1637 3985 1770 4052 Videtur
1791 4003 1835 4052 ex
1857 3985 1916 4050 hoe
1941 3985 2074 4050 innuere
2096 3983 2129 4050 in
2151 4001 2186 4050 se
2200 3985 2448 4070 impotentiam,

1490 4089 1566 4176 quia
1589 4089 1618 4156 in
1644 4091 1712 4174 ipsa
1733 4089 1875 4156 absentia
1898 4107 1952 4156 eos
1973 4107 2101 4156 servare
2126 4107 2187 4156 non
2212 4097 2343 4174 poterat.

1582 4201 1610 4264 2.
1637 4195 1769 4264 Videtur
1790 4197 1886 4264 etiam
1905 4213 1947 4260 ex
1970 4195 2045 4276 hoe,
2063 4195 2148 4282 quod
2169 4213 2267 4280 opera
2288 4195 2449 4262 Trinitatis

1491 4303 1554 4370 sint
1577 4303 1674 4370 divisa
1687 4303 1701 4342 ⁹
1715 4307 1747 4368 θῖ
1770 4301 1947 4370 alternatim
1964 4301 2053 4382 liant,
2075 4303 2148 4386 quia
2163 4303 2255 4388 prius
2273 4301 2367 4370 Filius
2384 4319 2449 4368 ser-

1491 4407 1593 4488 vavit,
1616 4407 1710 4474 modo
1732 4413 1823 4492 rogat
1845 4409 1981 4486 Patrem,
2007 4413 2042 4474 ut
2066 4425 2118 4474 eos
2142 4413 2256 4474 servet.
2354 4495 2355 4498 Ἴ

1562 4811 1620 4864 4ln
1644 4817 1713 4868 loen.
1739 4813 1828 4866 hornil.
1853 4813 1896 4864 82.
1922 4811 1995 4880 (alias
2021 4809 2073 4878 8ῖ.)
2092 4825 2118 4862 n.
2141 4807 2334 4882 lesonetifieo
2358 4825 2401 4866 eos
2420 4811 2449 4866 in

1490 4901 1602 4958 ueritate
1621 4905 1683 4970 tuo,
1703 4907 1805 4956 sanctos
1829 4901 1911 4954 redde
1937 4899 2101 4966 pardonum
2129 4897 2240 4964 Spiritus
2258 4903 2283 4952 et
2308 4913 2355 4966 per
2379 4905 2448 4954 reeta

1490 4991 1630 5056 dogmata
1650 4997 1677 5044 ut
1697 5005 1757 5044 eum
1776 4991 1839 5044 dioit
1856 4987 1939 5062 [loen.
1958 4987 2007 5050 ῖ5,
2026 4987 2188 5056 3.]:Mnndi
2199 4985 2261 5042 eatis
2269 4991 2384 5056 propter
2395 5001 2449 5042 ser·

1490 5091 1611 5144 inertem,
1633 5095 1711 5148 prem
1730 5077 1836 5134 loeutus
1853 5089 1915 5132 snm
1929 5075 2025 5144 vobim·
2036 5077 2066 5128 id
2084 5077 2170 5142 ipsum
2189 5091 2259 5130 nune
2276 5077 2326 5130 ait:
2343 5075 2449 5130 lnstitne

1490 5169 1563 5230 illos,
1582 5167 1647 5220 dooe
1664 5167 1811 5222 veritatem.
1829 5167 1907 5236 Atqui
1926 5169 1975 5218 hoe
1995 5167 2121 5230 Spiritum
2144 5167 2227 5218 lacere
2247 5167 2317 5220 dicit.
2336 5165 2388 5220 Cirr
2404 5181 2449 5220 au·

1490 5259 1543 5306 tem
1558 5255 1620 5308 illud
1634 5257 1735 5308 epatre
1754 5269 1824 5308 uerno
1841 5255 1972 5320 postulati
1991 5255 2024 5307 Ut
2040 5267 2147 5308 rursum
2159 5255 2342 5320 aequalitatem
2354 5257 2448 5310 diseas.

1490 5343 1571 5394 Recta
1588 5343 1690 5410 quippe
1709 5343 1815 5396 debeo
1834 5343 1958 5410 dogmata
1976 5343 2091 5396 animam
2111 5343 2280 5400 sanctificant.

1563 5427 1666 5482 Εῖῖθῖε.
1688 5433 1720 5498 3;
1741 5435 1786 5484 etr.
1807 5431 1869 5482 ihid.
1890 5445 1913 5482 n.
1937 5431 1976 5482 lli.
1997 5457 2031 5468 —
2051 5427 2202 5496 Sequuntur
2214 5431 2277 5496 Eph.
2293 5431 2324 5498 5,
2337 5433 2381 5486 25.
2393 5445 2449 5500 seq.

1491 5525 1518 5572 et
1534 5521 1563 5572 ll.
1583 5519 1650 5572 Tim.
1669 5521 1701 5584 2,
1719 5521 1764 5574 2ῖ.

1562 5605 1574 5638 ⁶
1591 5611 1705 5674 Vulgata
1715 5615 1740 5662 et
1750 5609 1768 5662 C
1777 5607 1954 5662 omittuntsio.
1964 5605 2346 5672 -Subindeallegaturlllatth
2357 5609 2367 5660 t
2375 5609 2397 5672 0,
2406 5609 2415 5660 l
2424 5609 2449 5662 6.

1561 5695 1572 5728 ¹²
1592 5701 1619 5752 ln
1638 5701 1707 5752 loen.
1721 5699 1812 5752 homil.
1832 5701 1874 5752 82.
1894 5695 1967 5764 (alias
1987 5695 2040 5764 8ῖ.)
2061 5711 2085 5750 n.
2106 5695 2136 5748 l:
2155 5695 2223 5762 Quid
2238 5701 2290 5748 est:
2303 5695 2448 5766 sanctifico

1490 5801 1533 5842 rne
1556 5785 1668 5854 eponae?
1695 5785 1779 5836 Ollaro
1805 5785 1851 5836 tibi
1880 5781 2035 5836 sacrificium
2065 5777 2196 5850 [isaiae]
2226 5783 2357 5836 Sacrificio
2384 5797 2448 5836 vero

1490 5867 1579 5926 omnia
1598 5879 1687 5926 sancta
1706 5873 1836 5938 dicuntur,
1853 5877 1881 5926 et
1898 5869 2006 5936 propria
2023 5875 2126 5936 saneta,
2144 5883 2213 5936 quae
2231 5871 2285 5922 Deo
2299 5875 2447 5922 consecrata

1481 5969 1558 6022 ,sont
1577 5961 1644 6018 Cum
1661 5963 1731 6016 enim
1752 5963 1815 6016 olim
1832 5961 1859 6012 in
1878 5959 1963 6024 figura
1981 5959 2150 6012 sanctificatio
2169 5965 2238 6012 esset
2256 5959 2281 6010 in
2300 5971 2366 6024 ove,
2379 5971 2448 6016 nunc
2473 5983 2476 5988 ·

1490 6059 1579 6108 autem
1597 6067 1650 6104 non
1669 6051 1697 6104 in
1715 6051 1815 6116 ligura,
1834 6051 1881 6104 sed
1900 6049 1925 6100 in
1945 6049 2002 6114 ipsa
2021 6049 2130 6100 veritate
2148 6047 2193 6112 sit;
2211 6049 2271 6100 ideo
2285 6049 2334 6100 ait:
2349 6047 2385 6100 Ut
2393 6045 2448 6102 sint

1489 6139 1652 6212 sonotifiouti
1668 6139 1699 6194 in
1717 6139 1828 6196 veritate
1844 6141 1901 6194 too.
1920 6167 1956 6178 -
1973 6139 2097 6204 Sequitur
2116 6139 2193 6190 Rom.
2211 6137 2259 6200 te,
2282 6137 2306 6188 t.

1562 6225 1659 6282 8ῖῖῖῖῖθ
1684 6233 1773 6280 notam
1799 6225 2008 6292 praecedentem.
2031 6225 2138 6280 Plurimi
2162 6223 2241 6276 codd.
2265 6227 2326 6286 post
2348 6221 2377 6276 in
2401 6235 2448 6276 ooe

1481 6317 1612 6370 omittunt
1631 6315 1659 6370 in
1673 6307 1755 6386 eppo,
1772 6331 1822 6382 pro
1839 6327 1893 6382 quo
1911 6315 1954 6368 ed.
1972 6319 2005 6368 nt
2022 6311 2051 6380 ip
2069 6315 2144 6382 eppe,
2157 6313 2289 6364 Gomanus
2303 6309 2447 6380 etintppo

1490 6409 1516 6460 et
1531 6403 1633 6474 epora.
1653 6405 1701 6457 lid.
1718 6417 1779 6456 eum
1798 6405 1914 6456 Gorraoo
1936 6406 1959 6453 θῖ
1978 6403 2091 6464 Vulgata
2110 6403 2169 6452 ante
2194 6397 2356 6466 sonodpeeti
2376 6401 2448 6454 addit

1490 6495 1516 6546 et
1538 6489 1606 6562 ipsi;
1633 6493 1710 6544 eodd.
1734 6495 1881 6558 sequuntur
1905 6487 2042 6540 lectionem
2068 6485 2256 6550 chrysostomi.
2276 6511 2313 6526 -
2330 6485 2448 6540 Subinde

1490 6583 1617 6646 allegetur
1636 6577 1715 6630 Hebe.
1734 6579 1766 6644 9,
1785 6577 1828 6630 l3.
1847 6589 1901 6642 seq.

1562 6665 1656 6720 Βῖῖῖῖῖῖῖ
1685 6667 1830 6720 secundum
1858 6663 1994 6718 venalem
2018 6661 2072 6716 sint
2093 6661 2226 6730 indebita·
2252 6665 2298 6718 etr.
2321 6669 2385 6718 torn
2408 6667 2446 6718 lll.

1491 6771 1552 6824 pag.
1575 6755 1622 6820 ῖ2,
1641 6759 1703 6808 nota
1720 6755 1748 6808 2.
1817 6763 1818 6766 ’

2306 6949 2337 7000 uo
