5908 8266
1163 543 1353 612 conuelli.
1378 547 1415 612 lN
1438 543 1656 610 scriturum
1677 543 1710 610 C.
1734 545 1770 610 X.

485 725 603 804 mitae,
622 725 716 794 idest
739 727 948 812 operationes,
973 741 1086 788 eorum
1109 721 1168 808 qui
1186 721 1224 786 lu
1238 719 1338 786 terris
1352 727 1440 798 suut,

485 831 515 898 id
539 837 585 898 est
610 833 791 912 bominum,
813 839 846 898 et
868 833 928 898 boo
950 847 1007 914 per
1034 825 1262 894 revocationem
1283 845 1305 890 u
1332 825 1440 904 malm

486 937 607 1006 loannis
638 937 758 1006 decimo
793 937 926 1004 sextol:
962 961 979 992 o
995 933 1048 1000 llle
1080 937 1191 1016 arguet
1215 931 1367 996 mundum
1403 931 1440 996 dc

485 1049 658 1128 peccato-»3
682 1049 713 1108 θῖ
736 1039 927 1108 benedicit:
951 1037 1101 1104 Semitce
1114 1055 1230 1102 eorum
1252 1035 1311 1122 qm'
1325 1037 1362 1102 iu
1377 1043 1447 1102 ter-¹

485 1149 535 1216 ris
556 1157 650 1226 suut,
675 1147 705 1212 id
729 1149 775 1212 est
799 1143 994 1228 peccantium
1018 1143 1050 1208 in
1074 1147 1176 1220 terra;
1193 1141 1335 1208 wsemitae
1358 1141 1439 1206 euim

484 1255 667 1342 angelorum
690 1251 885 1336 peccantium
910 1249 1024 1334 corrigi
1049 1267 1110 1314 non
1125 1253 1266 1330 possunt.
1295 1249 1335 1318 dt
1355 1267 1439 1336 quoe

485 1357 545 1424 tibi
562 1357 692 1442 plurem
713 1355 902 1422 didicerunt
923 1351 1083 1432 bominac,
1109 1369 1165 1438 per
1187 1351 1437 1420 informationem

484 1465 518 1530 in
542 1463 642 1540 doom-
659 1461 787 1528 ‘loannis
808 1459 928 1528 decimo
949 1467 1081 1546 quarto:
1113 1457 1279 1544 «Spiritus
1301 1459 1439 1542 paracle-

485 1573 536 1634 tus
565 1573 635 1646 etc,
660 1567 782 1634 docebit
806 1585 861 1634 ros
882 1567 1032 1634 omnia».

571 1671 672 1756 ruens.
698 1671 772 1758 la).
791 1669 879 1738 Num
890 1693 951 1760 par
967 1673 1167 1760 scpimtium
1181 1675 1239 1736 etc.
1256 1669 1339 1736 Bene
1353 1667 1436 1734 dini:

337 1801 463 1846 anteriso.
485 1779 522 1842 Gt
545 1777 594 1844 alc
617 1787 782 1846 correctae
803 1787 882 1846 aaut
904 1787 978 1860 etc.;
998 1797 1080 1846 uum
1091 1795 1154 1864 per
1169 1775 1368 1862 cupientium
1382 1795 1438 1840 sc-

483 1883 557 1950 onti
576 1891 675 1964 suot,
698 1885 814 1954 scilicet
849 1905 867 1952 a
893 1885 1041 1952 caecitate
1073 1881 1251 1950 intellectus
1274 1887 1305 1948 et
1328 1899 1437 1948 corru-

2402 543 2459 608 tal

1505 721 1610 804 ptione
1633 721 1764 788 allectus
1773 745 1781 802 ;
1797 715 2001 786 Ecclesiastici
2018 715 2166 802 vigesimo
2182 721 2296 802 quarto
2309 715 2340 782 ²:
2369 743 2386 776 «
2401 715 2463 802 Ego

1504 827 1594 910 quasi
1610 825 1728 892 durius
1742 825 1882 904 Dorix»,
1899 823 1983 910 quod
1998 819 2234 908 interpretatur
2244 821 2463 888 medicamen-

1505 935 1574 996 tum
1598 931 1828 1016 paueret-iouis.
1854 929 2058 1018 Qrcicumquc
2078 927 2279 1014 placuerum
2301 925 2379 1006 tibi,
2398 925 2461 992 Do-

1503 1035 1603 1114 mine,
1619 1033 1836 1120 upriuctpio,
1854 1035 1998 1102 «scilicet
2015 1033 2121 1100 mundi
2137 1061 2166 1114 l,
2184 1033 2357 1102 secundum
2374 1031 2462 1098 Glos-

1503 1157 1569 1204 sam
1583 1141 1610 1218 3;
1634 1139 1716 1204 infra
1748 1137 1869 1206 decimo
1904 1147 2009 1206 sexto:
2039 1139 2190 1206 «Etenim
2225 1155 2329 1224 neque
2361 1135 2462 1204 herba

1503 1263 1606 1330 neque
1628 1245 1783 1330 malagma
1804 1245 1925 1312 sanant
1949 1261 2001 1310 eos
2018 1273 2033 1304 »
2052 1251 2139 1324 etc.;w
2156 1245 2187 1310 in
2213 1245 2348 1312 Psalmo:
2375 1269 2391 1302 «
2407 1243 2462 1310 lli-

1503 1351 1544 1418 sit
1566 1351 1699 1418 verbum
1724 1367 1816 1418 suum
1834 1355 1863 1416 et
1880 1351 2001 1416 sanavit
2022 1369 2075 1416 eos
2090 1375 2121 1430 »3
2139 1351 2380 1418 proverbiorum
2398 1357 2462 1416 ter-

1502 1457 1559 1524 tio:
1589 1457 1748 1542 «Lignum
1772 1457 1853 1522 ritae
1867 1461 1916 1522 est
1930 1455 1980 1522 his
1995 1455 2050 1540 qui
2066 1457 2332 1540 apprehenderint
2347 1475 2415 1522 eam
2428 1483 2460 1522 o.

1502 1563 1577 1630 Hinc
1601 1569 1665 1642 est,
1679 1561 1764 1648 quod
1781 1579 1872 1630 canes
1896 1561 2089 1644 spiritualer,
2111 1561 2144 1626 id
2159 1567 2207 1628 est
2222 1563 2391 1648 sapientiae
2405 1561 2460 1628 do-

1501 1675 1605 1736 ctores
1626 1675 1659 1736 θῖ
1680 1669 1926 1754 praedicatores,
1951 1665 2066 1732 habent
2098 1667 2220 1750 linguas
2241 1667 2460 1746 medicinalem

1500 1781 1533 1842 et
1554 1775 1629 1842 dicit
1653 1795 1782 1856 omues,
1796 1775 1885 1860 quia,
1903 1773 2076 1840 εθθεεθεῖεεεθ
2092 1773 2336 1858 augustinum-4,
2351 1773 2460 1840 eadem
2488 1819 2490 1824 ·
2518 1769 2520 1824 1
2548 1815 2562 1822 κ,
2618 1765 2619 1768 ’
2689 1825 2693 1832 .

1500 1879 1578 1948 tides
1601 1881 1778 1948 llediatoris
1799 1879 1929 1948 salvavit
1955 1879 2115 1964 antiquos,
2134 1895 2215 1964 quae
2230 1879 2330 1946 salvat
2345 1883 2375 1944 at
2392 1897 2458 1946 nosr

1354 2129 1537 2194 Carnulum
1559 2129 1596 2194 X.

570 2379 660 2446 Haec
683 2377 774 2446 illum
799 2385 857 2446 etc.
885 2377 918 2444 ln
942 2377 1201 2464 praecedentibus
1225 2377 1347 2444 monuit
1369 2393 1438 2462 spe-

332 2503 464 2568 omuoge·
483 2483 602 2550 cialiter
625 2491 762 2552 rectores
786 2485 824 2550 ad
849 2485 1073 2572 acquirendum
1100 2483 1301 2568 sapientiam,
1324 2489 1356 2550 et
1378 2485 1437 2550 hoc

352 2559 439 2604 Μ*
482 2605 538 2674 per
562 2589 696 2656 rationes
721 2595 841 2656 sumtas
864 2609 906 2656 en
929 2589 1068 2674 periculo
1100 2587 1190 2656 cilicii
1224 2607 1334 2656 eorum
1358 2607 1437 2674 quos

481 2701 603 2772 monet,
626 2695 744 2762 scilicet
764 2695 901 2782 capitulo
925 2701 1032 2776 sexto,
1057 2695 1210 2774 secundo,
1229 2713 1285 2780 per
1301 2695 1437 2762 rationes

481 2805 600 2866 sumtas
615 2801 654 2866 ab
670 2801 738 2868 eius
752 2803 917 2886 exemplo,
933 2801 987 2888 qui
1003 2809 1125 2894 monet,
1142 2803 1294 2886 septimo,
1309 2807 1435 2882 convo,

480 2925 561 2974 nono
584 2905 730 2992 capitulo.
754 2907 808 2976 llic
831 2907 924 2974 tertio
947 2909 1094 2976 hortator
1117 2925 1171 2976 eos
1199 2907 1239 2974 ad
1266 2909 1326 2974 hoc
1355 2907 1436 2974 idern

480 3031 536 3098 per
560 3013 695 3080 rationes
719 3019 838 3082 sumtas
861 3013 1014 3082 annuitis
1038 3013 1200 3102 effectibus
1224 3021 1251 3080 et
1276 3013 1436 3100 beneficiis

479 3117 666 3202 sapientiae,
689 3119 728 3184 ad
751 3137 847 3204 quam
870 3127 985 3186 monet.
1009 3121 1062 3188 Est
1085 3123 1190 3188 autem
1216 3121 1365 3204 sapientia
1381 3119 1436 3186 be-

480 3223 577 3292 nefica
594 3233 625 3292 et
638 3225 819 3310 sopientes,
838 3227 954 3294 scilicet
971 3227 1086 3294 amicos
1103 3245 1192 3304 suos,
1214 3225 1434 3312 promouendo

478 3338 508 3397 θῖ
531 3331 720 3418 irtrlpleutcs
743 3331 939 3400 aduersarios
961 3333 1148 3418 sapientium
1171 3331 1434 3418 puniendoldeo

477 3435 578 3520 primo
605 3437 669 3520 agit
690 3437 729 3504 de
752 3437 911 3504 benellciis
933 3439 1164 3522 pertinentibus
1184 3439 1228 3504 ad,
1247 3439 1434 3504 amicorum

479 3541 806 3628 Dripromoticmrrc,
829 3543 945 3610 scilicet
961 3545 994 3610 in
1016 3543 1154 3628 capitulo
1177 3543 1253 3622 isto;
1279 3543 1432 3622 secunde,

477 3647 514 3714 de
537 3647 765 3732 pertinentibus
789 3649 1002 3732 principaliter
1017 3649 1057 3714 ad
1072 3649 1349 3716 aduersariorum
1368 3667 1432 3734 pu-

477 3751 650 3832 oitiouem,
676 3753 792 3820 scilicet
815 3753 950 3838 capitulo
976 3753 1138 3820 undecimo
1163 3761 1192 3820 et
1216 3753 1369 3838 deinceps.

486 3963 591 4030 Tertio
616 3963 770 4030 bortatur
799 3965 844 4030 od
874 3965 1072 4050 supicmtt'um
1105 3963 1344 4052 acquirendum
1370 3985 1432 4050 per

563 4071 710 4138 rationes
734 4077 864 4138 sumtus
889 4069 932 4136 ud
963 4071 1035 4138 eius
1060 4069 1245 4156 eslbctz'bus,
1269 4079 1299 4136 θῖ
1317 4071 1431 4156 primo

564 4195 586 4242 u
616 4175 776 4260 beneficiis
804 4177 1044 4262 pertinentibus
1073 4177 1121 4244 ud
1151 4177 1340 4244 amicornm
1373 4177 1432 4244 uel·

561 4283 809 4368 promotionem.

562 4495 594 4560 ln
611 4495 711 4580 prima
729 4495 829 4580 primo
853 4495 1041 4562 determinat
1061 4493 1211 4562 beneficia
1235 4494 1347 4560 collata
1361 4495 1449 4562 sin-2

440 4617 441 4620 ’
471 4599 842 4690 putur'c'duepercouis:
865 4599 1019 4678 secunde,
1045 4597 1194 4666 beneliuia
1211 4599 1431 4666 exhibituum

470 4705 615 4792 populo:
638 4705 729 4772 Haec
749 4705 911 4792 poputum
934 4705 1072 4772 iustum.

536 4933 634 5006 Prinna,
653 4933 684 4988 de
701 4933 831 4988 benefieiis
852 4931 955 4988 collatis
975 4947 1020 4986 sax
1040 4931 1218 5002 singularibus
1237 4931 1361 5002 personis.
1419 4979 1420 4982 ,

559 5128 591 5192 ln
615 5125 716 5212 prima
739 5127 873 5194 ostendit
892 5127 1044 5194 beneficia
1058 5127 1226 5214 sapientiae
1241 5127 1272 5192 in
1290 5145 1347 5194 sen
1364 5129 1427 5196 sin-

470 5233 633 5320 gularibus
645 5231 787 5316 personis
803 5233 1056 5298 patriarcharum
1071 5231 1275 5314 antiquorum
1289 5257 1296 5296 :
1311 5233 1425 5316 primo,

471 5339 503 5404 in
525 5353 660 5422 persona
690 5335 787 5416 ldae,
812 5353 884 5402 cunr
908 5335 999 5402 dicit:
1023 5337 1113 5402 Horo
1135 5335 1249 5416 illum,
1273 5335 1333 5422 qui
1352 5337 1425 5422 pri-

470 5465 547 5512 mus
569 5449 645 5524 etc.;
670 5441 823 5522 secundo,
848 5441 880 5508 in
903 5459 1038 5526 persona
1060 5443 1139 5518 Noe,
1164 5439 1224 5506 ibi:
1242 5439 1293 5506 Ab
1309 5437 1372 5506 boc
1387 5449 1426 5506 ut

470 5551 621 5630 remum
643 5547 753 5628 tertie,
776 5547 810 5614 in
825 5565 958 5634 persona
974 5547 1131 5614 Abrabae:
1149 5545 1283 5612 Haeret
1298 5545 1333 5614 iu
1349 5565 1425 5614 cou-

323 5255 452 5302 subdivisio.

540 5893 550 5924 ¹
569 5895 644 5950 Vers.
662 5899 693 5964 83
711 5897 776 5950 ibid.
797 5895 843 5962 ll,
864 5897 906 5948 26.
926 5901 963 5950 θεῖ
982 5911 1038 5962 seq.
1057 5899 1137 5950 locus.
1151 5925 1185 5934 ...
1196 5899 1332 5950 interiuse
1346 5897 1424 5950 codd.

468 5983 651 6048 supplevimus
669 5983 698 6038 in
715 5989 808 6052 terrm·
824 5983 935 6040 semitae
952 5983 1023 6038 euim
1042 5985 1202 6052 nupciarum
1218 5985 1397 6052 peccantium.

538 6067 550 6100 ²
569 6071 643 6124 Vers.
664 6071 710 6124 ll:
731 6075 784 6138 Ego
805 6075 879 6140 quasi
897 6073 971 6126 tlurii
992 6073 1096 6140 Dioryx.
1115 6073 1192 6126 Gard.
1210 6073 1287 6136 liugn
1305 6075 1331 6126 ln
1344 6075 1425 6140 expli·

467 6159 569 6212 catione
587 6159 666 6210 buius
683 6161 733 6212 loci
751 6163 862 6214 eandem
881 6161 1119 6226 interpretationem
1136 6161 1219 6212 allert.

538 6241 549 6274 ³
567 6245 666 6310 Nempe
680 6247 885 6304 interlinearem.
900 6279 935 6290 -·
948 6253 1098 6316 Sequuntur
1112 6253 1173 6312 Sap.
1187 6247 1233 6314 lu,
1247 6247 1278 6298 ῖ2
1288 6264 1295 6316 ;
1307 6251 1347 6302 Ρε.
1360 6251 1422 6318 lue,

467 6337 511 6406 20.
528 6339 555 6386 θῖ
572 6333 649 6384 Ρεοε.
669 6335 698 6400 3,
718 6335 761 6386 ¹l8.
1029 6397 1031 6400 ¹

536 6417 636 6472 ⁴Libr.
656 6421 745 6474 XVlll.
764 6421 798 6472 de
815 6421 873 6476 Cin.
890 6425 951 6492 Dei,
971 6439 995 6478 c.
1014 6425 1062 6478 ll:
1081 6423 1131 6490 Qui
1150 6427 1277 6474 venturus
1296 6425 1321 6476 ln
1346 6439 1423 6478 carne

466 6511 504 6562 sio
521 6507 634 6574 antiquis
652 6507 754 6560 Sanctis
771 6511 1011 6578 praenuntiabatur,
1030 6509 1257 6580 quemadmodum
1281 6511 1359 6568 nobis
1376 6529 1422 6568 ve·

1500 2395 1600 2442 seusu
1630 2371 1851 2462 auperdiuc⁵,·
1881 2381 2020 2460 quarto,
2044 2373 2077 2440 in
2107 2391 2241 2458 persona
2273 2373 2345 2440 Lot:
2368 2373 2460 2466 Haec

1500 2483 1626 2548 iustum
1658 2499 1680 2548 c
1707 2479 1942 2566 pereuntium
1974 2479 2103 2566 quinto,
2126 2479 2159 2544 in
2183 2497 2318 2564 persona
2345 2479 2457 2546 laceb:
2524 2485 2527 2494 ’

1499 2587 1590 2652 Ηθθθ
1613 2595 1725 2654 nutem
1742 2583 1932 2674 profugum
1956 2593 2033 2666 etc.;
2066 2591 2173 2666 sexto,
2199 2585 2230 2650 in
2255 2571 2458 2670 personale

1499 2693 1599 2778 seph:
1621 2693 1713 2758 Hcec
1734 2691 1905 2758 uenditum
1926 2691 2061 2758 iustum.

1589 2797 1620 2866 lo
1645 2797 1746 2884 prima
1763 2797 1851 2866 ,lidae
1872 2779 2007 2864 ostendit
2032 2797 2218 2866 beneficium
2249 2797 2353 2890 primo
2374 2815 2457 2890 pref
2474 2805 2621 2904 „2353le

1500 2903 1584 2982 tior,
1610 2903 1746 2970 secundo
1769 2911 1935 2984 necturna:¹
1959 2905 1998 2968 Et
2021 2905 2134 2970 adunit
2159 2909 2217 2970 etc.
2474 2913 2516 3010 εἷο
2555 2915 2619 2958 caira-

1590 3009 1689 3094 (Vers.
1719 3013 1771 3092 l).
1802 3009 1893 3076 Ηθεθ
1922 3007 2027 3076 iilum.
2051 3009 2131 3076 Bene
2156 3009 2273 3088 dixil,
2289 3009 2373 3094 quod
2396 2979 2620 3118 perssxgqgigigtit·

1497 3113 1698 3200 cupientium
1710 3115 1826 3180 cunuti
1840 3123 1919 3182 cient
1932 3133 2061 3194 omnen,
2079 3115 2162 3202 quod
2174 3121 2333 3202 patetper
2348 3133 2457 3208 exem·
2474 3103 2580 3170 Primum?

1497 3221 1557 3302 pla.
1591 3219 1680 3286 Haec
1712 3221 1812 3300 enim,
1846 3219 1962 3288 scilicet
1991 3219 2160 3306 sapientia,
2192 3221 2304 3300 ilium,
2339 3221 2457 3290 scilicet

1497 3327 1610 3406 Adam,
1642 3329 1701 3416 qui
1720 3329 1872 3414 prtinus,
1904 3327 2042 3394 omnium
2074 3329 2255 3406 bominum,
2286 3325 2456 3414 formatus

1497 3435 1543 3500 est
1565 3453 1589 3500 o
1614 3433 1697 3514 Deo,
1727 3433 1845 3502 scilicet
1866 3433 2067 3514 immediate;
2093 3433 2145 3502 lob
2168 3433 2331 3502 decimolz
2359 3461 2375 3494 <c
2393 3437 2455 3502 lla-

1496 3559 1557 3606 nus
1581 3547 1653 3606 tuae
1676 3539 1818 3608 fecerunt
1842 3555 1892 3604 me
1908 3565 1926 3598 o
1952 3545 2010 3604 etc.
2030 3539 2131 3604 Potor
2148 3539 2237 3606 orbis
2261 3549 2453 3620 ternorum,

1496 3645 1528 3712 id
1550 3651 1599 3712 θεῖ
1620 3645 1718 3714 totius
1739 3645 1863 3730 generis
1894 3645 2023 3710 humani
2046 3643 2191 3726 iuturus,
2217 3645 2382 3712 Malachiae
2406 3663 2454 3712 se-

1496 3751 1616 3816 cundo:
1646 3775 1662 3808 «
1677 3737 1824 3836 Nunquid
1856 3767 1918 3814 non
1944 3769 2030 3816 unus
2052 3757 2108 3818 est
2121 3759 2212 3836 paler
2233 3751 2375 3818 omnium
2399 3769 2453 3820 no-

1496 3859 1599 3920 strum
1613 3859 1650 3920 »t
1686 3853 1769 3920 Cum
1803 3855 1895 3922 sotus
1928 3863 2007 3920 essct
2042 3863 2193 3934 creatus,
2231 3857 2347 3924 scilicet
2381 3861 2454 3922 ante

1495 3957 1712 4026 formationem
1724 3947 1890 4040 mulieris;v
1901 3959 2027 4026 Genesis
2042 3961 2196 4028 secundo:
2219 3963 2315 4030 «Non
2337 3969 2382 4030 est
2399 3963 2454 4030 bo-

1494 4081 1591 4144 num,
1616 4065 1774 4132 hominem
1797 4085 1864 4134 esse
1888 4065 1989 4132 solum
2007 4065 2248 4148 »Notandum
2274 4069 2357 4154 quod
2379 4065 2451 4154 fcr-
2471 4077 2599 4122 Noenum·

1493 4177 1606 4236 metris
1628 4171 1744 4238 dicitur
1775 4191 1815 4240 ex
1840 4179 1928 4260 parte
1952 4173 2113 4258 corporis;
2139 4171 2223 4240 unde
2246 4173 2372 4240 Genesis
2404 4191 2451 4242 se-

1493 4277 1638 4342 cundol:
1669 4303 1683 4336 a
1699 4279 1856 4347 Formavit
1886 4279 1983 4366 igitur
2013 4279 2112 4346 Deus
2127 4279 2285 4346 hominem
2307 4279 2347 4348 de
2378 4281 2451 4348 limo

1493 4390 1597 4450 terrae
1613 4407 1643 4462 »3
1661 4391 1690 4450 et
1706 4393 1855 4466 creatus,
1871 4403 1914 4452 ex
1928 4393 2017 4470 parte
2033 4387 2171 4480 animam
2188 4387 2314 4454 Genesis
2330 4387 2450 4472 primo:

1497 4515 1512 4548 «
1522 4489 1644 4558 Creavit
1656 4491 1740 4582 Deus
1756 4489 1915 4558 hominem
1931 4491 1971 4558 ad
1986 4491 2153 4576 imaginem
2168 4497 2198 4558 et
2209 4491 2448 4562 ‘similitudinem

1492 4613 1621 4662 suam»
1659 4603 1716 4664 etc.
1753 4597 1836 4664 Gom
1869 4597 1979 4678 solus,
2009 4597 2157 4684 inquam,
2187 4605 2319 4664 erectus
2351 4605 2448 4678 esset,

1491 4703 1686 4782 custodiuit,
1715 4703 1832 4770 scilicet
1862 4723 1880 4770 a
1911 4711 2037 4790 peccato
2067 4705 2099 4770 in
2131 4705 2275 4772 terrestri
2304 4704 2448 4788 paradiso

1490 4809 1523 4876 in
1553 4815 1636 4876 statu
1667 4809 1869 4878 innocentiae.
1909 4811 2045 4877 «Posuit
2075 4811 2159 4878 enim
2191 4827 2264 4878 eum
2295 4809 2327 4876 in
2358 4821 2448 4894 para-

1490 4915 1574 4996 diso,
1607 4921 1642 4984 ut
1674 4921 1860 5002 operaretur
1891 4923 1923 4984 θῖ
1952 4915 2124 4984 custodiret
2156 4917 2242 4984 illum
2260 4945 2291 4996 a,
2322 4915 2448 4984 Genesis

1490 5023 1637 5088 secundo.
1698 5025 1700 5028 ’

1578 5127 1679 5212 (Vers.
1704 5127 1758 5212 2.).
1786 5131 1825 5194 m
1848 5127 1961 5194 adunit
1991 5129 2104 5206 illum,
2134 5127 2253 5194 'scilicet
2282 5129 2342 5194 iam
2366 5127 2448 5194 iacta

1489 5231 1638 5310 muliere,
1670 5233 1814 5300 effectum
1848 5241 2127 5318 transgressorem,
2159 5233 2286 5302 Genesis
2309 5233 2446 5314 tertiat,

1490 5355 1511 5400 c
1535 5335 1647 5404 delicto
1670 5357 1749 5416 suo,
1776 5339 1893 5406 scilicet
1916 5357 1973 5422 per
1994 5339 2219 5406 immissionem
2239 5341 2445 5422 poenitentiae

1489 5448 1519 5507 et
1544 5441 1757 5510 remissionem
1787 5445 1906 5530 culpae.
1931 5443 1968 5510 Et
1990 5443 2186 5524 noandum,
2207 5445 2292 5530 quod
2314 5447 2365 5512 bic
2390 5447 2445 5512 ha·
2466 5455 2529 5500 lola-

1488 5547 1581 5614 betur
1605 5549 1788 5632 expressius
1809 5549 1848 5618 de
1871 5551 2061 5634 poenitentia
2085 5549 2165 5620 Adae
2186 5569 2283 5638 quam
2297 5553 2379 5620 alibi.
2409 5557 2447 5620 Εῖ
2465 5563 2592 5606 seillam.

1487 5899 1682 5968 Nonnunquam
1700 5901 1784 5952 solent
1802 5899 1828 5950 in
1847 5911 1922 5952 sauro
1940 5899 2049 5966 Eloquio
2075 5913 2122 5966 per.
2147 5913 2226 5956 cumas
2252 5903 2445 5966 praedicatores

1488 5989 1838 6056 intelligl;connmereoi1n
1856 5989 1960 6054 lingua,
1979 5989 2043 6040 dum
2063 5989 2152 6054 lingit,
2171 5995 2244 6042 curat
2264 5996 2313 6041 etc.

1558 6073 1569 6104 ⁶
1588 6077 1623 6128 lta
1641 6077 1721 6142 etiam
1733 6079 1804 6130 card.
1816 6077 1893 6142 Hugo
1907 6079 1932 6128 et
1943 6077 2076 6142 Lyranus;
2090 6077 2202 6142 Vulgata
2216 6075 2445 6142 necopinaque

1487 6165 1564 6216 eliam
1592 6165 1696 6216 interius
1721 6171 1782 6218 ante
1800 6165 1953 6234 profugum
1977 6163 2070 6218 omittit
2095 6169 2200 6230 nutem,
2226 6165 2298 6232 quod
2323 6163 2445 6216 exhibent

1487 6253 1557 6306 card.
1576 6253 1653 6316 Hugo
1673 6257 1697 6304 et
1715 6253 1845 6316 Lycaeus.

1557 6335 1650 6402 ⁶Cap.
1671 6339 1701 6406 9,
1722 6341 1764 6392 le.

1557 6423 1566 6454 ⁷
1587 6427 1662 6478 Vers.
1675 6427 1700 6478 8.
1718 6453 1753 6466 -·
1772 6429 1923 6492 Sequrmtur
1941 6427 2048 6478 Malacb.
2063 6427 2094 6492 2,
2108 6427 2156 6492 l0;
2174 6427 2238 6478 Gen.
2258 6427 2289 6492 2,
2309 6427 2351 6478 l8.
2370 6425 2442 6494 (edd.

1486 6517 1554 6568 bunc
1572 6513 1661 6566 locrrm
1684 6517 1710 6564 et
1734 6511 1830 6566 verba:
1849 6511 2020 6578 Notandum,
2040 6511 2112 6580 quod
2127 6511 2265 6580 seiunctus
2290 6511 2441 6568 diciturne

465 6599 534 6652 nisse
553 6595 684 6648 nuntiatus
701 6601 754 6658 est,
773 6601 803 6648 ul
820 6611 871 6648 una
890 6599 1037 6664 eademque
1061 6613 1108 6664 per
1127 6599 1213 6664 ipsum
1239 6597 1305 6652 tides
1329 6615 1422 6656 omues
1481 6607 1561 6672 purte
1579 6599 1700 6668 corporis
1721 6601 1863 6668 omittunt).

466 6685 494 6736 in
518 6683 565 6736 Dei
590 6681 736 6748 civilatem,
761 6683 814 6734 Dei
831 6681 955 6748 domum,
988 6685 1034 6734 Dei
1062 6684 1188 6754 templum
1214 6685 1421 6748 praedestinatos

466 6773 592 6840 perducat
617 6771 650 6824 ad
675 6773 768 6824 Deum.
791 6769 843 6824 Gir.
869 6773 906 6824 lll.
933 6773 1003 6824 Sent.
1022 6773 1050 6826 d.
1068 6773 1111 6826 25.
1130 6785 1152 6824 a.
1175 6775 1197 6826 l.
1217 6787 1245 6840 q.
1262 6775 1290 6828 2.
1307 6781 1332 6828 et
1352 6793 1374 6832 a.
1394 6781 1421 6832 2.

467 6877 493 6930 q,
513 6863 537 6916 l,
559 6875 633 6928 seqq,
652 6889 687 6900 -
706 6859 830 6926 Gregor.,
851 6859 878 6912 ll.
896 6859 990 6914 llomil.
1010 6859 1035 6910 in
1055 6861 1153 6924 Erang.
1167 6863 1255 6916 lromil.
1277 6865 1320 6918 ab.
1340 6881 1368 6920 n.
1388 6869 1419 6920 l:

1556 6687 1565 6718 ⁸
1585 6691 1661 6742 Vers.
1678 6689 1710 6752 7;
1730 6687 1794 6742 ibid.
1813 6691 1837 6754 l,
1857 6687 1899 6740 27.
1919 6691 1942 6740 et
1962 6691 1991 6754 2,
2012 6689 2054 6740 lb.
2072 6651 2132 6742 suut
2152 6653 2204 6742 duo
2225 6701 2298 6756 seqq.
2317 6691 2376 6744 loci.

1555 6775 1660 6832 9ῖῖθεε.
1679 6779 1704 6830 6.
1723 6805 1758 6816 -
1777 6779 1866 6830 Glossa
1889 6775 2087 6830 interlinearis:
2111 6777 2145 6830 Et
2170 6775 2264 6832 adunit
2283 6779 2374 6848 illum,
2396 6797 2442 6848 par

1487 6865 1686 6934 poenitentiam,
1705 6863 1835 6920 adelicia
1853 6877 1912 6920 suo.
1930 6863 1982 6918 Clr.
1999 6863 2130 6918 itabanos.
2187 6919 2189 6922 .
