5908 8266
552 501 615 614 rra

547 735 593 792 est
618 727 723 806 Deus,
746 725 778 792 id
802 731 848 792 est
871 725 1010 812 cognitor
1036 733 1159 806 certus,
1182 727 1263 794 sicut
1289 727 1374 794 testis
1398 729 1435 794 de
1453 747 1501 808 re,

547 851 606 916 pro
628 851 691 916 qua
714 833 774 898 lert
806 831 1036 910 testimouium;
1060 831 1207 898 leremiae
1231 833 1378 918 vigesimo
1404 853 1501 902 nono:

552 965 567 998 r
584 939 645 1022 Ego
671 957 741 1004 sum
763 935 853 1004 testis
874 943 907 1004 θῖ
929 937 1044 1014 iader,
1066 937 1140 1004 dicit
1159 939 1308 1006 Dominus
1325 967 1356 1006 ».
1375 943 1501 1010 Eleor-

546 1041 598 1110 dis
621 1043 727 1122 illins,
750 1041 782 1106 id
805 1047 853 1108 θεῖ
874 1043 1097 1128 cogitationum
1120 1043 1160 1112 de
1181 1045 1276 1112 coede
1298 1049 1499 1130 exeuntium,

545 1149 689 1215 Matthaei
713 1147 833 1216 decimo
857 1149 984 1232 quinto;
1006 1157 1177 1216 scrutator
1199 1159 1245 1218 est
1268 1173 1382 1232 uerus,
1402 1155 1431 1222 id
1454 1163 1501 1222 θεῖ

544 1253 710 1340 inquisitor
736 1253 921 1334 infallibilis;
944 1253 1029 1321 uude
1049 1255 1169 1340 primae
1190 1259 1230 1324 ad
1252 1259 1429 1328 Corinthios
1454 1281 1500 1328 se-

545 1361 666 1426 cundo:
693 1359 861 1442 «Spiritus
890 1361 993 1426 onania
1025 1369 1203 1444 scrutatur,
1229 1367 1320 1432 etiam
1346 1367 1500 1452 protunda

544 1465 599 1532 Dei
616 1489 645 1544 »;
672 1467 746 1532 item
770 1465 918 1532 leremiae
950 1467 1071 1534 oentrno
1101 1471 1248 1556 septimo:
1280 1473 1372 1556 «Ego
1396 1469 1500 1536 Donni-

543 1591 605 1640 uus
638 1579 783 1640 scrutans
816 1571 912 1640 corda
937 1579 970 1640 θῖ
998 1577 1134 1660 probans
1172 1595 1261 1644 renes
1279 1601 1308 1656 »;
1343 1577 1497 1640 Psalmns:

550 1673 732 1746 «Scrutaus
753 1679 849 1744 corda
871 1685 902 1746 θῖ
926 1697 1016 1748 renes
1040 1683 1122 1748 Dens
1138 1709 1170 1748 ».
1195 1685 1237 1748 Εῖ
1259 1679 1393 1764 linquae
1416 1679 1497 1756 eins,

543 1785 642 1851 idest
668 1785 877 1866 locutionum,
903 1807 984 1874 quae
1005 1789 1113 1874 lingua
1133 1789 1325 1862 formantur,
1351 1785 1497 1862 auclitor,

543 1891 573 1958 id
596 1899 642 1960 est
667 1895 806 1980 coguitor
829 1895 1029 1962 immediatus
1052 1885 1326 1978 sine‘narratione
1351 1889 1497 1970 alterius;

543 1997 726 2066 Psalmus1:
765 2003 855 2084 «Qui
892 2001 1043 2090 plautavit
1070 2015 1198 2074 aurem,
1217 2037 1218 2040 =
1236 2015 1298 2060 non
1333 1997 1437 2062 audiet
1454 2003 1497 2060 »l

542 2105 630 2192 quasi
656 2105 753 2174 dicat:
778 2107 830 2174 sic.
858 2109 891 2174 Et
926 2105 1112 2182 notandum,
1143 2101 1228 2186 quod
1262 2099 1351 2186 ponit
1379 2101 1497 2190 instru-

540 2219 644 2278 menta
669 2233 726 2300 pro
749 2213 984 2296 operationibus
1004 2211 1046 2276 ab
1067 2207 1143 2294 ipsis
1178 2207 1435 2290 procedentibus,
1463 2225 1497 2274 ea

540 2321 639 2402 quod,
674 2319 754 2386 sicut
785 2319 992 2384 iustrumenta
1025 2313 1235 2380 immedialius
1262 2331 1296 2380 εθ
1318 2313 1434 2378 habeut
1458 2313 1494 2378 ad

527 2425 676 2492 animam
698 2441 793 2510 quarn
823 2441 933 2488 eorum
965 2419 1179 2504 operationes,
1204 2419 1248 2486 sic
1280 2421 1362 2486 Deus
1385 2417 1495 2486 imme-

539 2531 672 2610 diatius,
694 2547 791 2614 quam
807 2527 921 2612 aliquis
935 2527 1031 2606 alius,
1049 2525 1206 2612 cognoscit
1229 2543 1338 2592 orrrnes
1362 2525 1496 2592 hominis

539 2643 643 2714 actus,
671 2643 734 2702 tam
756 2633 923 2700 interiores
944 2651 1040 2716 quam
1063 2633 1266 2700 exteriores..

542 2773 543 2778 ε
628 2743 729 2826 (Vens.
754 2739 808 2822 7.).
828 2737 996 2822 Quoniam
1010 2737 1153 2824 spiritus
1170 2737 1305 2804 Domini
1319 2745 1389 2816 etc,
1408 2737 1495 2822 quasi

538 2849 681 2916 interret:
705 2845 891 2924 benedixi,
917 2843 999 2930 quod
1024 2845 1083 2910 hoc
1107 2839 1209 2928 potest
1238 2843 1384 2928 spiritus;
1418 2861 1496 2930 qno-

538 2955 630 3020 niam
653 2953 795 3038 spiritus
819 2949 972 3028 Domini,
995 2951 1223 3028 intransitive,
1245 2949 1278 3014 id
1301 2957 1362 3028 est,
1377 2949 1430 3032 qui
1449 2955 1496 3014 est

540 3061 708 3138 Dominus,
735 3057 909 3128 secuudum
926 3055 1001 3122 illud
1018 3057 1175 3122 Athanasii
1188 3057 1220 3122 2:
1242 3083 1256 3114 «
1275 3055 1424 3122 Dominus
1439 3057 1495 3122 Pa-

539 3175 605 3248 ter,
627 3167 772 3248 dominus
796 3163 904 3242 Filius,
929 3163 1072 3230 domiuus
1098 3161 1233 3248 Spiritus
1255 3169 1381 3230 sanctus
1398 3187 1428 3242 »3
1445 3163 1495 3230 rel

539 3273 730 3352 transitive,
753 3269 785 3336 id
815 3276 863 3336 θεῖ
896 3269 1042 3354 spiritus,
1065 3269 1120 3354 qui
1153 3275 1199 3338 θεῖ
1233 3269 1422 3350 eDoruiuo,
1447 3287 1494 3336 sc-

539 3381 678 3448 cundum
711 3377 790 3446 illud
821 3377 916 3442 lsaiae
950 3377 1145 3462 sexagesimo
1179 3375 1299 3460 primo:
1328 3401 1345 3434 «
1361 3375 1494 3460 Spiritus

539 3485 659 3552 Domini
684 3503 780 3570 snper
803 3469 854 3548 me
869 3509 884 3540 2>
915 3489 984 3562 etc.;
1007 3483 1101 3560 item,
1135 3483 1281 3548 loannes:
1310 3509 1326 3540 «
1345 3483 1494 3566 Spiritum

540 3591 695 3670 vertutis,
721 3589 773 3676 qui
800 3609 816 3654 a
840 3591 929 3656 Patre
946 3587 1088 3674 procedit
1101 3615 1128 3652 ».
1148 3587 1291 3672 Repleoit
1304 3587 1416 3654 orbem
1431 3595 1494 3654 terr-

536 3715 678 3774 rarum,
700 3717 758 3764 sua
782 3695 957 3782 praeseutia
982 3695 1076 3762 rehus
1102 3695 1246 3762 omnibns
1270 3695 1441 3762 assistendo
1463 3701 1494 3762 et

536 3809 584 3872 θεῖ’
596 3801 798 3882 continebam
821 3801 969 3868 leremiae
992 3799 1140 3886 vigesimo
1157 3801 1292 3866 tortior:
1313 3827 1330 3858 <c
1347 3801 1493 3886 Nunquid

536 3929 598 3976 non
622 3911 743 3976 caelum
764 3913 798 3974 et
818 3911 936 3974 terram
960 3925 1016 3992 ego
1034 3907 1147 3992 impleo
1160 3913 1194 3972 »t
1211 3907 1302 3992 quia,
1318 3907 1491 3974 secundum

536 4015 740 4102 diagonium,
770 4013 917 4100 «ubique
939 4019 987 4080 est
1008 4013 1111 4094 Deus,
1135 4013 1220 4080 intra
1241 4013 1346 4078 omnia
1367 4031 1430 4080 nou
1446 4013 1493 4080 iu-

536 4125 657 4202 clusus
683 4127 774 4188 extra
798 4121 900 4186 omnia
924 4139 986 4186 non
1009 4121 1178 4200 exclusus,
1196 4139 1295 4206 supra
1310 4121 1415 4186 omnia
1430 4139 1491 4186 nou

500 4301 504 4310 ,
536 4229 653 4308 θῖθῖθε,
680 4229 759 4294 intra
791 4229 892 4294 omnia
923 4247 986 4294 non
1015 4229 1183 4312 depressus
1201 4255 1231 4292 n.
1249 4229 1300 4292 -Εῖ
1324 4225 1383 4292 boe
1407 4229 1494 4316 quod

536 4327 675 4402 coratibet
698 4333 831 4412 omma,
858 4333 975 4400 scilicet
990 4333 1124 4418 Spiritus
1141 4341 1269 4400 sanctus
1292 4333 1397 4400 omnia
1420 4351 1493 4404 con<

536 4441 637 4508 linens
662 4459 719 4508 sua
741 4439 879 4526 potentia
902 4439 1123 4506 consecrando.
1154 4439 1240 4506 Sicut
1266 4439 1351 4506 enim
1379 4439 1492 4522 probat

535 4547 683 4612 Boethius
704 4545 738 4610 in
760 4543 840 4610 libro
857 4545 893 4610 de
911 4543 1123 4610 Consolatione
1136 4545 1161 4622 4,
1175 4535 1201 4600 'r
1220 4541 1356 4610 rrrrrndus
1371 4561 1413 4610 ex
1429 4549 1491 4608 tam

533 4651 666 4718 diversis
689 4649 918 4736 contrariisque
939 4649 1082 4734 partibus
1099 4651 1137 4716 in
1161 4663 1256 4718 ranam
1281 4649 1413 4736 formam
1428 4667 1491 4716 nou

535 4757 744 4838 convenisset,
767 4763 799 4822 et
821 4757 987 4824 coniuncta
1008 4757 1128 4824 discors
1159 4755 1321 4822 diversitas
1346 4753 1491 4820 dissocia-

536 4871 601 4946 ret,
626 4865 684 4934 nisi
708 4871 792 4934 esset
812 4883 915 4944 nnus,
939 4865 992 4950 qui
1022 4865 1227 4948 coniungeret
1255 4869 1289 4928 et
1313 4863 1398 4948 quod
1422 4879 1492 4928 cou-

535 4973 637 5038 textrit
671 4973 843 5040 contineret
858 4955 887 5036 i.
922 4971 1101 5038 Seleuciam
1130 4967 1225 5036 leabet
1254 4969 1359 5048 uocis,
1382 4967 1414 5034 id
1443 4975 1491 5036 est

531 5079 674 5144 omnium
690 5079 882 5146 locutionum
901 5085 932 5144 θῖ
947 5077 1137 5162 linguarum,
1151 5077 1254 5142 omnia
1267 5075 1489 5162 cognoscendo.

605 5585 614 5616 ¹
633 5587 728 5640 Psalnr.
746 5585 793 5648 93,
812 5585 837 5636 9,
1438 5657 1439 5660 Ἴ

604 5675 660 5728 ²ln
685 5673 810 5740 Synrbolo
830 5671 1009 5742 Quicumque,
1037 5675 1109 5740 quod
1135 5673 1227 5738 vtgtrit
1253 5669 1410 5736 Tapsensis,
1436 5685 1490 5722 non

532 5765 681 5828 Athanasii,
693 5779 750 5816 θεεθ
765 5763 868 5816 dicitur.
881 5789 918 5802 -
931 5765 1081 5828 Sequuntur
1095 5761 1152 5813 lsai.
1166 5761 1192 5812 fil
1208 5801 1214 5826 ,
1229 5761 1251 5810 l.
1265 5765 1290 5812 et
1302 5761 1371 5810 loen.
1386 5759 1433 5820 la,
1448 5759 1491 5810 26.

607 5849 706 5906 ⁸Vers
729 5849 771 5906 el.
790 5879 823 5888 -
844 5853 918 5916 Quae
935 5851 1011 5914 paulo
1034 5849 1138 5900 interius
1151 5847 1269 5912 Gregorii
1292 5861 1350 5898 esse
1367 5845 1490 5898 dicuntur

533 5941 589 6008 ipse
608 5937 800 5994 sententialiter
818 5937 923 5990 cullibet
940 5939 968 5990 ll.
987 5939 1074 6004 llo-eal.
1094 5951 1117 5988 e.
1136 5937 1178 5988 ta.
1199 5951 1226 5986 n.
1244 5935 1288 5986 20.
1307 5933 1362 5998 (etr.
1380 5939 1443 5984 tom.
1457 5933 1489 5984 V.

532 6043 594 6094 pag.
615 6029 663 6094 Sl,
683 6033 744 6080 nota
762 6025 809 6094 3.l.
826 6029 855 6076 ln
881 6025 1008 6090 opusculo
1038 6025 1069 6076 de
1098 6021 1384 6074 Emoniia-Divinitetis
1415 6019 1490 6084 (inter

533 6133 614 6184 opera
625 6115 759 6182 burgast),
773 6113 849 6166 cuius
862 6113 978 6178 primum
991 6113 1132 6178 capitulum
1147 6117 1262 6164 sumtum
1277 6115 1314 6162 est
1328 6123 1358 6162 ea
1370 6107 1488 6160 Eucherii

530 6207 726 6274 (Lugdunensis
744 6203 822 6268 episc.
843 6205 864 6268 i
883 6201 944 6268 450)
965 6203 1032 6254 libro
1049 6203 1231 6258 Formularum
1255 6197 1396 6264 spiritualis
1421 6197 1489 6250 intel·

530 6295 666 6362 ligentiac,
685 6297 807 6360 leguntur
825 6289 923 6344 rerba:
941 6291 1032 6344 Ecetra
1049 6287 1140 6344 omnia
1154 6291 1204 6354 est,
1221 6287 1267 6342 sed
1280 6299 1333 6340 aon
1346 6285 1488 6348 obclusus,

531 6381 606 6438 iutra
625 6383 716 6438 omnia
736 6383 788 6448 θεῖ,
806 6379 855 6434 sed
878 6395 934 6434 naon
964 6377 1095 6434 incinctus,
1121 6379 1220 6432 Eadem
1247 6381 1389 6430 occurrunt
1417 6373 1488 6438 apud

530 6473 634 6536 lsidor.,
655 6473 674 6524 l.
691 6475 760 6524 Sent.
781 6485 804 6524 c.
823 6473 849 6522 2.
867 6485 891 6522 n.
913 6471 935 6536 3,
954 6475 981 6522 et
998 6467 1113 6532 illenim,
1130 6469 1160 6518 ll.
1178 6467 1212 6518 de
1228 6467 1290 6518 Fide
1303 6467 1329 6518 S.
1343 6463 1413 6518 Tria.
1426 6477 1448 6514 e.
1464 6461 1488 6512 l.

602 6557 699 6612 *Liba
721 6555 758 6614 lll.
779 6573 857 6624 prosa
878 6559 924 6610 le:
943 6557 1054 6610 blundus
1073 6557 1115 6610 hie
1132 6571 1163 6608 ex
1182 6561 1236 6608 tem
1253 6555 1365 6608 dirersis
1389 6557 1488 6606 contra·

530 6647 627 6712 riisque
645 6649 764 6710 partibus
779 6647 805 6698 in
817 6661 898 6700 unam
917 6651 1028 6700 sormam
1043 6647 1150 6698 inirrime
1163 6645 1341 6710 convenisset,
1358 6641 1406 6694 nisi
1420 6653 1488 6692 unus

530 6739 612 6796 esset,
635 6737 680 6800 qul
699 6741 752 6788 tam
771 6737 876 6788 diversa
893 6735 1063 6800 coniungeret
1070 6755 1077 6798 3
1098 6735 1234 6788 conirmcta
1251 6747 1315 6786 vero
1336 6737 1486 6784 naturarum

530 6821 586 6884 ipsa
607 6821 755 6888 diversitas,
777 6821 887 6874 invicem
917 6823 1030 6888 discam,
1054 6823 1206 6876 dissociaret
1234 6827 1311 6890 atque
1341 6821 1486 6882 divelleret,

528 6907 578 6962 nisi
599 6923 668 6962 rinus
686 6903 765 6974 θεεθῖ,
786 6909 831 6974 qui
851 6911 923 6974 quod
941 6911 1030 6962 nesciit
1049 6911 1200 6962 contineret.
1221 6937 1254 6950 ·-
1274 6911 1363 6962 Glossa
1379 6905 1485 6962 ordina·

1240 551 1431 618 colluitur.
1458 553 1493 620 lu
1518 553 1734 624 sterculum
1758 557 1790 624 C.
1815 561 1837 626 1.

1566 733 1614 798 Ex
1651 737 1710 802 hoc
1742 741 1845 820 patet,
1880 737 1965 822 quod
1994 743 2097 822 potest
2131 753 2317 818 cognoscere
2350 741 2382 800 et
2409 737 2523 820 punire

1565 839 1686 920 omnia,
1713 845 1776 906 tam
1798 839 1879 906 tacta
1902 847 2031 926 propter
2054 839 2264 908 universalem
2295 841 2520 922 praesentiam,

1566 965 1663 1032 quam
1684 947 1769 1012 dicta
1790 949 1920 1030 propter
1943 947 2154 1014 universalem
2176 945 2328 1012 notitiam.

1596 1127 1600 1138 ⁶
1656 1051 1719 1116 hlia
1733 1049 1888 1132 expositio
1901 1049 1948 1114 vel
1966 1053 2138 1118 secundum
2155 1051 2292 1118 Glossam
2305 1049 2334 1114 ⁵:
2350 1049 2418 1116 Hoc
2435 1051 2523 1138 quod
2540 1061 2688 1162 aliquanst-

1565 1157 1707 1222 continet
1728 1151 1857 1230 omnia,
1887 1179 1903 1210 «
1918 1153 1950 1218 id
1967 1163 2014 1220 θεῖ
2029 1157 2163 1240 Spiritus
2185 1163 2331 1234 sauctuS,
2345 1157 2400 1240 qui
2423 1157 2522 1222 conti·
2612 1151 2617 1160 '

1565 1267 1617 1328 net
1640 1259 1761 1336 omnia,
1786 1259 1815 1324 id
1841 1265 1887 1326 est
1910 1259 2077 1328 Ecclesiam
2094 1291 2123 1344 n,
2149 1271 2239 1332 extra
2256 1281 2350 1348 quam
2374 1263 2459 1348 quod
2474 1269 2522 1328 θεῖ

1562 1363 1643 1430 nihil
1666 1371 1730 1442 est,
1754 1363 1837 1430 sicut
1865 1369 1959 1430 extra
1988 1385 2094 1434 arcam
2128 1371 2201 1436 Noe,
2225 1367 2404 1436 Seleuciam
2426 1365 2522 1434 babet

1563 1469 1671 1548 uocis,
1696 1469 1877 1536 cacesoliter
1909 1471 2083 1556 loquendo,
2111 1499 2127 1532 «
2144 1475 2173 1542 id
2198 1483 2271 1556 est,
2285 1475 2520 1562 intelligentiam

1565 1573 1744 1658 Scripturas
1780 1583 1917 1658 praestat
1957 1577 2136 1644 hominihus
2151 1607 2166 1638 a
2181 1605 2198 1668 3,
2228 1583 2278 1646 uel
2311 1581 2520 1668 formaliter.-

1563 1679 1741 1746 Scientiam
1766 1679 1860 1748 babet
1881 1683 1984 1760 uocis,
2006 1709 2023 1740 <t
2038 1681 2068 1748 id
2086 1691 2142 1764 θεῖ,
2158 1685 2295 1754 eiusdem
2312 1687 2459 1756 scientiae
2473 1697 2521 1754 est

1562 1805 1635 1854 oum
1663 1805 1751 1868 rom,
1777 1787 1806 1854 id
1832 1793 1878 1854 est
1902 1807 1973 1856 curn
1996 1787 2099 1856 Verbo
2114 1815 2148 1868 s,
2170 1791 2202 1856 id
2225 1799 2273 1858 est
2293 1793 2379 1872 Filio,
2402 1793 2520 1880 dequo

1562 1893 1683 1960 loannis
1707 1893 1827 1978 primo:
1853 1919 1867 1952 ε
1886 1895 1917 1958 ln
1940 1893 2095 1978 principio
2117 1901 2185 1960 erat
2208 1895 2374 1962 Verbum»
2404 1903 2461 1964 etc.

1652 1999 1833 2086 Alleqorice
1854 1999 2028 2066 secuudum
2049 1999 2190 2066 Glossam
2213 2005 2315 2086 potest
2342 2003 2459 2088 exponi
2480 2003 2520 2068 dc
2546 2015 2656 2112 ffixrositio

1562 2109 1736 2192 tencporali
1757 2109 1902 2176 allocuta
1925 2107 2074 2192 Spiritus
2096 2109 2213 2174 saneti.
2236 2109 2274 2174 Et
2296 2111 2399 2192 primo
2418 2111 2519 2196 tangi·
2536 2081 2548 2112 ἢ
2567 2081 2658 2124 agona

1562 2221 1615 2278 tur
1636 2233 1784 2300 persona
1805 2213 1919 2294 missi,
1943 2233 2017 2282 cum
2039 2213 2169 2282 dicitur:
2187 2213 2336 2300 Spiritus
2342 2239 2353 2294 ;
2370 2217 2517 2296 secundo,

1561 2317 1629 2384 eius
1654 2327 1788 2386 aeterna
1803 2321 1917 2406 oripo:
1937 2321 2070 2388 Doraim'
2078 2345 2090 2400 ;
2105 2321 2215 2402 tertio,
2232 2323 2421 2406 temporalis
2437 2325 2517 2390 enes-

1559 2423 1629 2488 θῖθ.·
1655 2425 1815 2510 Rspice-ih
1847 2433 1976 2510 quarta,
2003 2427 2175 2494 wmissionis
2203 2425 2448 2514 eltanisestatio:
2478 2433 2518 2494 Et

1560 2525 1619 2594 boe
1633 2531 1730 2622 quod
1752 2531 1893 2596 eo'ntiuet
1915 2533 2037 2598 omnia.

1650 2637 1730 2702 Dicit
1752 2655 1842 2722 ergo:
1866 2639 2014 2722 Spiritus
2039 2641 2172 2724 Domini
2195 2641 2345 2728 replcae't;
2368 2643 2515 2710 Glossur:

1565 2769 1582 2800 <t
1598 2741 1685 2810 donis
1703 2767 1732 2822 »;
1757 2741 1866 2810 orbem
1892 2753 2081 2824 terrorum,
2109 2771 2125 2804 r
2142 2747 2171 2812 id
2196 2754 2241 2814 est
2265 2747 2431 2814 Ecclesiam
2460 2767 2517 2834 per

1534 2867 1669 2936 ‚omnes
1696 2855 1797 2916 terras
1832 2849 2037 2930 dilatatam»,
2069 2857 2103 2918 nt
2135 2851 2209 2918 dicit
2238 2851 2354 2918 Glossa.
2389 2855 2427 2918 Et
2458 2853 2517 2922 boc

1559 2957 1649 3042 quael
1680 2953 1821 3020 eorttimt
1850 2955 1982 3032 omnia;
2012 2957 2146 3024 «idest
2174 2957 2286 3036 homo,
2316 2957 2369 3044 qui
2405 2977 2517 3026 conre-

1558 3059 1708 3128 aicnliam
1731 3061 1827 3128 hahet
1849 3079 1920 3128 cum
1945 3063 2029 3128 omni
2054 3071 2202 3130 creatura
2216 3091 2247 3142 »‚
2280 3067 2516 3152 propterquod
2563 3087 2565 3090 ·

1558 3165 1653 3234 blarci
1680 3167 1791 3232 ultimo
1814 3167 1921 3232 omnis
1944 3175 2102 3234 ereatura
2124 3171 2314 3254 appellatur,
2342 3173 2514 3238 secundum

1558 3271 1755 3358 Gregorium.
1775 3275 1953 3340 Scientiam
1967 3273 2061 3342 babet
2077 3277 2180 3354 uocis·
2197 3277 2316 3344 Glossa:
2339 3303 2353 3334 «
2370 3277 2515 3344 Diuersa-

1536 3397 1632 3446 rum
1656 3379 1837 3466 linguarum
1859 3401 1877 3446 a
1901 3383 2020 3464 Spiritu
2039 3389 2145 3450 sancto
2160 3411 2191 3462 a,
2216 3389 2251 3450 ut
2275 3389 2358 3468 patet
2382 3385 2513 3452 hctuuur

1558 3484 1706 3552 secanda
1724 3523 1767 3532 -
1786 3485 1866 3554 Orbi
1881 3505 1956 3554 rere
1973 3495 2144 3554 terrarum
2159 3497 2359 3574 comparatur
2383 3489 2516 3556 Ecclesia
2533 3497 2668 3608 coaiSilil

1558 3591 1718 3674 primitiva
1733 3593 1836 3676 primo
1851 3599 1979 3678 propter
2001 3593 2058 3660 sui
2081 3593 2325 3674 clilatationem,
2342 3597 2514 3688 secundum
2532 3605 2581 3702 ἓξὲξ
2598 3607 2667 3700 ‘3¹³3

1557 3697 1636 3764 illud
1663 3699 1771 3764 Psalmi
1786 3699 1815 3764 ⁷:
1847 3725 1860 3758 α
1877 3699 1910 3764 ln
1932 3719 2056 3766 ornnem
2082 3707 2199 3766 terram
2223 3699 2322 3766 exirit
2346 3719 2442 3766 sourrs
2462 3717 2513 3768 eo·
2532 3711 2636 3756 rationes·

1557 3823 1631 3872 rum
1650 3831 1678 3870 a.
1703 3841 1743 3854 -
1766 3805 1921 3884 Secundo,
1946 3813 2076 3890 propter
2092 3807 2148 3872 sui
2158 3803 2408 3892 perfectionem,
2433 3825 2514 3892 quae

1556 3929 1614 3996 per
1631 3911 1717 3978 orbis
1732 3911 1955 3978 rotunditatem
1971 3911 2172 3998 intelligitnr;
2190 3911 2388 3980 Canticorum
2405 3917 2513 3980 sexto:

1562 4043 1578 4076 t<
1595 4019 1661 4084 Una
1683 4025 1731 4084 est
1753 4019 1900 4084 crolnmba
1922 4037 2006 4098 rhea,
2031 4019 2167 4102 perlecta
2191 4037 2261 4086 mea
2276 4043 2305 4082 n.
2333 4055 2373 4066 -—
2399 4019 2513 4098 Tertio,

1556 4127 1686 4206 propter
1710 4123 1767 4188 seri
1781 4121 2011 4202 stabelitatenc,·
2028 4123 2227 4206 Ecclesiastae
2241 4121 2364 4208 primo:
2390 4151 2404 4182 «
2415 4125 2514 4190 Terra

1556 4227 1640 4294 enim
1675 4229 1707 4292 in
1737 4235 1902 4294 aeteruum
1932 4235 1993 4296 stat
2014 4255 2043 4294 a.
2070 4265 2110 4278 -
2136 4231 2268 4314 Quarto,
2298 4236 2427 4314 propter
2458 4229 2515 4296 sui

1556 4333 1830 4418 compressionem
1853 4343 1881 4400 et
1905 4335 2121 4412 attritionem
2146 4337 2267 4420 primae
2282 4335 2321 4400 ad
2337 4335 2514 4402 Corinthios

1556 4449 1700 4524 quarto:
1719 4465 1733 4498 «
1745 4441 1840 4520 Puto,
1863 4441 1948 4526 quod
1964 4443 2047 4508 Deus
2075 4461 2130 4508 nos
2155 4443 2314 4526 apostolos
2330 4443 2514 4510 nouissimos

1556 4545 1692 4610 ostendit
1716 4549 1863 4628 anqrram
1880 4547 1974 4612 morti
1994 4547 2195 4614 destinatos»
2224 4555 2299 4628 etc.;
2326 4547 2406 4614 siccat
2428 4552 2514 4616 terra

1556 4649 1761 4716 nouissimum
1776 4655 1821 4716 cst
1835 4667 2022 4734 corporum,
2039 4653 2121 4718 unde
2135 4653 2173 4718 ab
2190 4653 2337 4718 erunibus
2351 4653 2466 4719 teritur
2482 4661 2514 4718 et

1555 4755 1769 4820 conculcatur.
1787 4793 1827 4802 -
1846 4757 1974 4838 Quinto,
1990 4765 2119 4842 propter
2144 4757 2286 4824 betulam
2305 4757 2434 4844 generis
2457 4777 2513 4824 su-

1554 4861 1781 4928 stentationem
1808 4861 2130 4946 etuiuifieatioaem,
2156 4865 2289 4950 quiade
2321 4869 2406 4932 terra
2437 4865 2514 4932 vivit

1555 4973 1587 5034 θῖ
1609 4973 1626 5034 θ
1652 4975 1736 5036 terra
1759 4965 1971 5048 sustentatur,
1995 4969 2079 5036 sicut
2104 4971 2145 5036 ab
2174 4969 2309 5038 Ecclesia
2336 4971 2511 5054 prirnitira;

1556 5075 1608 5140 lob
1624 5093 1707 5142 nono
1719 5075 1749 5138 8:
1774 5101 1788 5132 n
1800 5075 1864 5142 Sub
1881 5093 1944 5162 quo
1961 5081 2135 5144 currantur
2152 5077 2205 5162 qui
2223 5081 2347 5162 portant
2358 5077 2467 5144 orbem
2479 5105 2511 5158 a,

1553 5573 1641 5636 ria'ln
1662 5585 1727 5634 haee
1743 5579 1826 5632 verbe
1847 5579 1881 5634 Et
1899 5579 1947 5634 boc
1967 5579 2038 5648 quod
2051 5577 2171 5632 *corelinet
2195 5575 2299 5640 arania,
2321 5575 2395 5628 dicit:
2420 5575 2449 5628 id
2472 5585 2512 5630 θεῖ

1555 5671 1680 5738 Spiritus,
1700 5669 1743 5738 qui
1764 5671 1851 5722 orinia
1871 5669 2001 5732 gubernat
2021 5673 2045 5720 et
2063 5669 2143 5732 regit3
2160 5669 2217 5720 rel:
2234 5665 2280 5732 qui
2297 5665 2406 5734 attinpit
2422 5681 2441 5720 a
2459 5667 2511 5738 pirre

1553 5773 1641 5828 usque
1654 5759 1689 5812 ad
1708 5759 1788 5828 finem
1807 5759 1879 5822 [Sap.
1899 5759 1926 5822 8,
1949 5755 2013 5822 l.]...
2030 5759 2072 5808 rol
2092 5753 2163 5822 quod
2180 5753 2295 5808 coutirret
2314 5741 2417 5820 euteria,
2432 5755 2511 5810 idest

1555 5847 1666 5910 Spiritus
1684 5851 1801 5910 sanctus,
1821 5843 1865 5912 qni
1885 5843 1971 5894 onrrria
1989 5843 2073 5908 replet
2091 5855 2138 5894 sua
2156 5843 2275 5894 essentia.

1624 5931 1636 5960 ⁵
1657 5933 1757 5986 Scilicet
1777 5929 1959 5996 ordinariam,
1979 5945 2009 5982 ex
2029 5943 2080 5996 qua
2099 5931 2176 5982 etiam
2196 5937 2233 5984 est
2257 5929 2350 5994 drrpler
2375 5931 2510 5996 explicatio

1553 6019 1697 6072 uerborum
1715 6017 1853 6074 scientiam
1865 6017 1943 6072 babel
1956 6017 2035 6072 racis.
2048 6045 2084 6056 -
2094 6017 2211 6072 Subinde
2223 6019 2347 6084 allegator
2358 6021 2427 6072 loen.
2444 6021 2471 6084 ῖ,
2484 6021 2510 6072 ῖ.

1625 6103 1637 6134 ⁸
1656 6108 1725 6160 llaec
1742 6113 1769 6160 et
1787 6123 1843 6176 seq.
1862 6107 1952 6158 Glossa
1972 6109 2010 6158 est
2028 6103 2223 6174 interlinearis,
2243 6107 2313 6160 duae
2331 6109 2436 6160 clossae
2451 6105 2509 6160 sub·

1553 6197 1614 6248 inde
1643 6197 1767 6262 allegatae
1793 6191 2091 6258 suntoruincriae,i11
2111 6209 2225 6260 quarum
2254 6197 2343 6248 ultima
2371 6197 2509 6260 respicitur

1552 6285 1608 6338 Αθῖ.
1628 6287 1659 6350 2,
1679 6287 1709 6338 i:
1728 6287 1758 6338 Et
1776 6287 1867 6352 repleti
1886 6291 1946 6338 suut
1965 6297 2056 6336 oannes
2085 6285 2181 6350 Spiritu
2204 6293 2292 6340 sancto
2318 6295 2343 6340 et
2366 6293 2509 6350 coeperunt
2529 6283 2532 6290 '

1552 6373 1623 6440 loqui
1653 6375 1731 6428 variis
1753 6373 1850 6440 linguis
1867 6377 1917 6426 θῖθ.
1934 6401 1971 6412 -
1988 6371 2098 6428 interius
2123 6375 2262 6440 respicitur
2288 6375 2365 6428 llaec.
2387 6377 2427 6438 lt,
2458 6375 2507 6426 l5:

1551 6463 1674 6516 Euntes...
1693 6465 1842 6528 praedicate
1854 6466 1903 6515 eto.
1917 6461 2045 6514 Sententia
2064 6465 2181 6528 Gregorii
2203 6463 2312 6518 habetur
2331 6465 2357 6515 ll.
2375 6461 2507 6516 Humilia

1551 6551 1653 6614 Eraug.
1665 6553 1754 6606 homil,
1768 6555 1810 6606 29.
1825 6567 1851 6604 a.
1865 6553 1897 6602 Ξῖ
1912 6541 2004 6602 Oeneus
2018 6555 2160 6608 creaturae
2171 6553 2280 6606 nomine
2291 6551 2409 6616 signatur
2418 6553 2507 6602 homo.

1622 6635 1746 6694 7Ρεθῖῖθ.
1769 6643 1815 6706 l8,
1842 6641 1866 6692 5.
1895 6667 1929 6678 -
1958 6641 2106 6706 Sequuntur
2134 6641 2207 6694 Cant.
2226 6641 2256 6708 o,
2276 6641 2306 6702 83
2326 6641 2408 6692 Ecclo.
2427 6639 2457 6704 l,
2477 6635 2507 6688 l:

1552 6729 1633 6780 Terra
1653 6735 1739 6782 autern
1760 6731 1787 6782 in
1805 6735 1870 6794 etc.;
1891 6729 1908 6780 l.
1926 6727 1984 6782 Cor.
2006 6729 2037 6794 i,
2055 6729 2081 6782 9.
2128 6731 2129 6736 ’

1621 6811 1728 6872 ⁸Vers
1751 6821 1799 6884 l33
1826 6821 1872 6870 clr.
1898 6819 2022 6882 Gregor„
2046 6817 2073 6870 in
2097 6821 2166 6870 huuc
2190 6819 2285 6872 locuni.
2305 6815 2507 6880 -Sequuntur

1550 6905 1593 6956 Ρε.
1607 6903 1658 6972 74,
1673 6905 1702 6972 l;
1715 6907 1780 6960 Gen.
1793 6907 1802 6958 l
1817 6947 1824 6974 ,
1838 6905 1879 6958 ll.
1893 6911 1917 6958 et
1929 6907 1962 6970 2,
1975 6905 2005 6970 6,
2021 6905 2065 6958 nbi
2079 6919 2125 6972 pro
2141 6905 2170 6960 de
2183 6909 2260 6960 terra
2272 6903 2383 6968 Vulgata
2396 6913 2409 6952 e
2422 6899 2505 6954 terra.
