5908 8266
428 1267 458 1312 lle
473 1269 557 1322 quarto.

427 1583 554 1648 Liberalitas

411 1649 555 1682 conmunica-

413 1691 486 1736 tionis.

583 551 645 618 rec
747 511 748 516 Ν

578 727 746 806 omnium,
768 727 885 794 seilicet
908 727 1080 806 bonorum,
1106 735 1211 794 muter
1243 737 1308 804 est;
1330 727 1536 794 Ecclesiastici

578 833 727 920 vigesimo
761 837 895 916 quarto:
928 833 1027 916 «Ego
1062 839 1164 898 mater
1197 833 1326 918 pulcrae
1363 833 1536 902 dilectionis

578 947 608 1006 et
642 939 762 1004 timoris
786 965 803 996 »
833 943 915 1016 etc.;
953 937 1028 1004 item
1067 937 1203 1004 ibidem:
1240 965 1254 998 «
1278 941 1311 1004 ln
1347 959 1396 1008 me
1436 939 1537 1026 gratia

577 1043 678 1112 omnis
693 1071 707 1104 u
739 1049 796 1112 etc.

666 1153 773 1234 Quum
797 1151 868 1216 sicne
887 1149 1015 1234 (lotione
1040 1156 1097 1218 etc.
1130 1151 1185 1220 Hic
1205 1155 1309 1238 primo
1331 1155 1473 1240 tangitur
1496 1153 1535 1220 ii-

576 1257 732 1326 beroiitcs
755 1257 1045 1324 communicationis
1067 1259 1250 1346 sapientiam
1275 1261 1429 1342 seeundo,
1444 1259 1534 1326 rotie

576 1361 864 1430 communicandi:
888 1361 1046 1448 rudandus
1067 1367 1154 1432 enim
1179 1365 1367 1432 thesaurus.

665 1471 764 1556 (Vers.
802 1469 875 1550 ts).
910 1459 1015 1554 Quem
1050 1471 1120 1540 sine
1148 1473 1297 1556 fictione,
1326 1471 1359 1538 id
1388 1477 1436 1538 est
1469 1473 1535 1536 toto

575 1577 684 1656 corde,
698 1573 820 1654 dilicti,
837 1575 954 1656 sciam,
973 1579 1057 1663 quod
1077 1577 1242 1664 «Spiritus
1256 1579 1382 1644 sanatos
1398 1571 1536 1658 discipli-

575 1703 634 1752 nae
656 1681 783 1768 ellugiet
814 1681 923 1748 fictum
939 1709 974 1762 »‚
998 1701 1095 1768 supra
1125 1683 1269 1766 primo¹;
1297 1681 1369 1746 item
1402 1679 1534 1744 Prover-

574 1789 699 1856 biorum
714 1787 867 1856 secundo:
894 1813 910 1846 <t
925 1787 952 1856 Si
969 1787 1140 1874 quaesieris
1166 1805 1235 1854 eam
1250 1785 1340 1870 quasi
1357 1785 1533 1870 pecuniam,

574 1899 605 1962 et
628 1895 708 1962 sicut
733 1895 895 1962 thesauros
920 1893 1062 1962 elioderis
1084 1893 1170 1958 illam
1187 1919 1201 1950 »
1232 1897 1290 1958 eto.
1319 1891 1362 1956 Et
1388 1889 1459 1956 sice
1483 1889 1533 1956 in-

572 2001 665 2068 ec'diu
699 2001 919 2078 contradicito,
942 1999 1060 2066 scilicet
1082 1997 1173 2064 utilia
1200 2015 1263 2062 non
1301 1997 1533 2078 subtrahendo,

573 2127 670 2194 supra
704 2113 813 2174 sexto:
841 2131 858 2162 c<
878 2105 986 2190 Neque
1014 2121 1086 2168 cum
1121 2091 1239 2170 inuidia
1260 2103 1438 2172 tabescente
1474 2105 1534 2172 iter

574 2215 696 2282 habebo
712 2237 744 2294 >›;
766 2211 840 2278 item
872 2207 1113 2276 proverbiorum
1143 2207 1271 2294 quinto:
1302 2235 1316 2268 c
1343 2211 1533 2278 Deriuentur

571 2321 672 2388 tontes
695 2315 956 2384 tollerasset
981 2313 1177 2380 honestatem
1199 2315 1306 2396 iliius,
1336 2315 1368 2384 id
1391 2323 1438 2384 est
1461 2319 1533 2404 pul-

482 2411 485 2416 ’
572 2423 869 2502 εεῖῖεῖῖίεθεε,ἐοε
890 2421 1071 2498 abscondo,
1099 2421 1202 2488 uerbis
1227 2395 1369 2490 obsinrts
1384 2423 1531 2504 veland03

422 3071 484 3115 ltatio
497 3083 552 3116 com·

419 3125 550 3170 municandi.

573 2527 777 2600 Ecclesiastici
812 2531 927 2612 quarto
942 2527 973 2592 2:
1003 2553 1018 2584 <r
1043 2527 1108 2594 Non
1140 2527 1313 2596 abscondas
1349 2529 1531 2614 sapientiam

569 2645 655 2704 tuam
680 2637 710 2702 in
734 2634 846 2701 decore
868 2631 936 2700 eius
950 2657 987 2712 »3
1018 2629 1094 2698 item
1124 2633 1328 2700 Ecclesiastici
1358 2633 1530 2720 vigesimo:

574 2769 590 2802 ε
608 2741 761 2828 Sapientia
782 2741 933 2808 absconsa
955 2745 987 2804 et
1012 2739 1182 2806 thesaurus
1205 2739 1341 2820 imisue,
1363 2759 1443 2824 quae
1469 2741 1530 2806 uti-

569 2849 639 2916 litas
663 2849 694 2914 in
710 2845 906 2932 utrisqnelt
1485 2903 1488 2912 ,

659 2957 758 3038 (Vers.
779 2951 852 3038 ῖίι.).
873 2951 1026 3036 trepiditas
1043 2951 1127 3016 enim
1144 2949 1322 3016 tltescturus
1338 2959 1395 3028 est,
1414 2951 1442 3016 in
1461 2951 1529 3032 illa,

569 3059 776 3134 homicidum
801 3057 883 3124 unde
908 3063 938 3122 et
969 3053 1211 3122 inexhauribilis
1235 3063 1282 3122 est
1307 3073 1364 3140 per
1388 3073 1530 3122 conamu-

568 3167 769 3242 nieationem3
796 3169 825 3230 et
849 3161 918 3228 ideo
940 3161 1014 3228 dicit
1040 3161 1161 3228 Tullius
1177 3161 1198 3252 ³,
1225 3161 1307 3246 qnod
1332 3161 1461 3228 scientia
1482 3171 1530 3228 est

567 3273 681 3340 nobilis
702 3273 873 3338 thesaurus
895 3269 1035 3346 animae,
1058 3285 1139 3352 quae
1163 3267 1331 3334 distributa
1355 3267 1466 3352 recipit
1481 3269 1528 3334 in-

568 3385 762 3472 crementum
787 3383 816 3444 et
839 3395 971 3444 auarum
999 3373 1185 3458 dedignatur
1209 3391 1434 3460 possessorem
1468 3375 1527 3442 nisi

566 3485 762 3572 publicetur,
789 3481 933 3550 elabitur.
956 3479 1196 3566 augustinaes:
1228 3479 1358 3548 «Omne
1388 3481 1527 3562 bonum,

567 3593 651 3680 quod
668 3593 766 3658 dando
784 3609 846 3656 non
869 3587 990 3668 delicit,
1006 3587 1033 3654 si
1049 3589 1184 3656 habetur
1199 3595 1231 3656 et
1245 3605 1308 3654 non
1323 3587 1431 3668 datur,
1448 3609 1527 3656 non-

566 3699 642 3766 dum
658 3699 811 3774 habetur,
835 3694 971 3782 qualiter
993 3695 1173 3762 habendum
1196 3701 1243 3762 θεῖ
1265 3719 1296 3774 »;
1321 3693 1526 3764 Ecclesiastici

567 3803 684 3890 primo:
713 3801 876 3868 «Omnem
899 3801 1028 3868 domum
1050 3801 1134 3866 illius
1150 3801 1328 3884 implebita
1352 3803 1526 3886 generatio-

566 3909 679 3990 nibm,
702 3917 735 3976 et
756 3907 952 3992 receptacula
977 3923 994 3972 a
1016 3903 1176 3972 thesauris
1197 3905 1283 3972 illius
1298 3933 1328 3970 a.
1356 3907 1440 3988 Quo,
1467 3905 1526 3974 sei-

566 4013 636 4082 licet
662 4015 810 4080 thesauro
846 4013 1032 4096 sapientiae,
1059 4011 1119 4100 qui
1142 4011 1196 4076 usi
1219 4019 1314 4090 sitiat,
1352 4013 1525 4080 secuudum

566 4120 650 4186 illam
677 4137 708 4186 se
741 4119 893 4202 regendo,
923 4115 1104 4202 participes
1133 4115 1220 4202 facti
1247 4123 1325 4182 cunt
1357 4115 1526 4184 armcitiue

568 4225 627 4292 Dei
632 4249 643 4302 ;
669 4225 751 4294 unde
774 4223 857 4290 infra
878 4223 1030 4290 eodern⁵z
1052 4223 1199 4290 «Amicos
1223 4223 1278 4290 Dei
1301 4229 1332 4288 et
1355 4223 1525 4308 prophetas
1574 4245 1575 4248 ¹

565 4331 729 4398 constituit
743 4357 771 4394 u.
803 4331 944 4412 Propter
968 4327 1179 4412 discipliuae,
1204 4329 1305 4396 idest
1337 4329 1524 4412 sapientiae,

565 4439 671 4516 dono,
698 4451 779 4520 [piae
809 4435 926 4500 hahent
955 4451 1018 4520 raon
1043 4451 1100 4518 per
1122 4451 1212 4500 suam
1239 4433 1445 4514 industriam,
1471 4435 1525 4502 sed

566 4543 700 4628 Spiritus
725 4541 822 4610 sancti
854 4539 1122 4620 distributionem,
1155 4541 1329 4606 secuudum
1358 4541 1436 4606 illud
1459 4541 1524 4626 pri-

565 4667 633 4716 mae
658 4649 695 4716 ad
720 4647 896 4714 Corinthios
919 4631 1119 4712 duodecimo:
1151 4671 1166 4704 «
1181 4647 1260 4712 Haec
1289 4643 1393 4712 omnia
1409 4673 1438 4724 »,
1465 4647 1524 4712 sci-

565 4753 636 4820 licet
660 4755 741 4820 dona
770 4751 958 4838 gratiarum,
988 4757 1170 4838 «operatur
1199 4763 1286 4816 unus
1313 4757 1410 4836 atque
1439 4749 1522 4818 idem

565 4859 714 4946 Spiritus
731 4859 871 4928 dividens
886 4859 1033 4942 singulte,
1048 4861 1143 4942 prout
1160 4857 1269 4924 uult».
1286 4855 1522 4936 Coruotertduti,

563 4969 597 5036 id
619 4973 667 5036 θεῖ
685 4965 946 5036 commendabiles
971 4965 1087 5046 allecti,
1111 4963 1228 5032 seilicet
1245 4963 1309 5030 Deo
1334 4971 1364 5030 et
1388 4963 1524 5030 homini-

564 5077 636 5154 hus;
664 5073 816 5144 secundae
832 5073 870 5138 ad
886 5071 1062 5138 Corinthios
1079 5071 1214 5138 decimo:
1242 5097 1257 5130 a
1272 5071 1338 5138 Non
1360 5071 1443 5138 enirn
1469 5071 1523 5156 qui

564 5181 725 5266 seipsum
755 5177 968 5258 commendat,
991 5177 1044 5244 ille
1070 5177 1223 5264 probatus
1244 5185 1308 5256 est,
1343 5177 1397 5244 sed
1427 5195 1521 5262 quem

563 5289 648 5354 Deus
672 5283 866 5354 commendat
881 5309 912 5350 a.

634 5669 642 5700 ²
666 5673 740 5726 Vers.
761 5669 787 5722 5.
805 5699 841 5708 —
860 5671 1009 5738 Sequuntur
1029 5671 1106 5720 Prov.
1124 5669 1156 5732 2,
1175 5667 1200 5720 l.
1220 5683 1288 5736 seq.;
1302 5671 1363 5736 Sap.
1384 5671 1415 5736 6,
1434 5669 1478 5722 25.
1496 5675 1523 5722 θῖ

563 5763 640 5814 Pror.
662 5761 689 5826 5,
711 5761 752 5812 ld.

633 5845 738 5902 2’ῖῖθεε
756 5849 804 5910 28,
823 5845 869 5898 uhi
894 5861 942 5910 pro
969 5843 1026 5900 eius
1045 5845 1157 5908 Vulgata
1179 5859 1247 5910 sum·
1269 5845 1332 5898 ibid.
1352 5847 1401 5910 ab,
1421 5847 1464 5898 32.
1482 5851 1523 5898 θεῖ

562 5949 618 6002 seq.
638 5937 719 5990 locus.

632 6019 646 6050 ³
664 6023 714 6078 Clr.
733 6023 819 6074 Oratio
843 6033 891 6086 pro
912 6021 1004 6074 hrchia
1025 6027 1113 6086 poeta,
1133 6035 1156 6072 θ.
1175 6021 1206 6082 6,
1225 6017 1271 6072 irbi
1289 6019 1458 6086 reprehendit
1475 6033 1521 6072 eos

562 6113 610 6182 qni
626 6113 747 6166 scientias
766 6113 852 6164 solum
869 6109 920 6162 sibi
939 6111 1002 6176 ipsis
1028 6115 1180 6176 comparant
1201 6109 1241 6170 ita,
1265 6129 1278 6156 ιι
1292 6115 1319 6160 ut
1339 6109 1401 6160 nihil
1420 6107 1523 6172 possint

562 6215 594 6254 ex
612 6201 652 6254 his
671 6215 757 6268 neque
778 6199 810 6252 ad
837 6213 1003 6252 communem
1032 6201 1122 6252 allerre
1148 6201 1259 6250 fructum
1284 6211 1370 6266 neque
1395 6197 1419 6248 in
1448 6211 1521 6260 aspe·

562 6299 632 6344 ctum
653 6291 792 6356 lucemque
808 6287 965 6354 prolerre».
983 6287 1040 6340 Lib.
1051 6287 1068 6338 l.
1083 6289 1115 6342 de
1129 6287 1202 6340 offic.
1217 6301 1237 6338 c.
1253 6287 1293 6338 42.
1307 6287 1397 6352 docet,
1414 6285 1520 6348 ciliciis,

561 6393 629 6444 quae
649 6377 776 6430 maiorem
794 6377 906 6428 εῖΥθεεεῖ
923 6377 1077 6444 utilitatem,
1103 6391 1161 6428 esse
1184 6375 1410 6428 annumerandam
1427 6373 1521 6426 doctri·

560 6479 622 6518 nam
641 6483 732 6520 rerum
751 6469 928 6520 honestarum.
947 6463 1002 6519 Lib.
1024 6467 1059 6518 lll.
1081 6467 1113 6520 de
1131 6465 1215 6518 Finib.
1234 6479 1256 6518 c.
1279 6465 1319 6518 ts.
1333 6461 1458 6526 ostendit,
1476 6477 1521 6512 ne·

560 6557 643 6608 turalo
668 6571 738 6622 esse,
764 6575 779 6602 c
793 6561 819 6608 ut
843 6557 969 6620 prodesse
991 6555 1104 6610 velimus
1127 6555 1361 6622 quamplurimis,
1380 6551 1521 6618 imprimis-

560 6655 614 6708 que
632 6645 750 6700 docendo
764 6665 790 6698 u.
807 6671 845 6684 -
862 6645 912 6698 Pro
929 6641 992 6698 dicit
1013 6643 1117 6700 Tullius
1137 6645 1200 6698 edd.
1218 6641 1325 6698 dicitur.

631 6729 732 6784 ⁴Libr.
755 6733 774 6782 l.
797 6733 831 6784 de
855 6733 940 6786 Doctr.
968 6733 1119 6796 ciminianu,
1142 6749 1164 6786 c.
1184 6733 1211 6786 l.
1234 6747 1261 6784 u.
1282 6733 1308 6784 l:
1329 6731 1419 6788 Omnis
1448 6729 1518 6782 enim

560 6829 618 6882 ree,
637 6833 706 6884 quae
726 6821 811 6872 dando
832 6833 883 6872 oon
903 6821 1002 6882 delicit,
1023 6821 1088 6874 dum
1106 6821 1219 6874 habetur
1236 6827 1263 6872 et
1281 6835 1335 6872 non
1352 6821 1439 6882 datur,
1458 6833 1520 6872 non·

560 6905 624 6958 dum
645 6905 768 6970 habetur,
788 6909 921 6974 quomodo
940 6907 1061 6960 habenda
1081 6913 1126 6962 est.
1140 6909 1311 6976 -Sequitur
1331 6911 1407 6962 Eceli.
1428 6908 1454 6976 l,
1472 6909 1517 6962 al.

1255 551 1446 620 COMMENT.
1473 553 1508 618 IN
1533 551 1748 620 stPthTlhh
1772 555 1803 620 C.
1829 555 1888 622 vll.

1743 729 1830 786 Tertio
1850 729 1979 802 ostendit,
1997 747 2013 786 a
2034 749 2079 804 quc
2099 729 2253 800 sapientiam
2273 729 2404 786 didicerit.

1688 905 1771 974 illidi
1794 915 1905 974 uectem
1927 907 2013 974 dedit
2038 911 2124 974 Deus
2156 907 2262 974 dicere
2285 913 2343 974 etc.
2366 909 2420 976 Hic
2451 915 2553 976 osten·
2573 931 2663 978 orliaco.

1599 1013 1661 1094 dit,
1684 1031 1703 1076 a
1727 1031 1791 1096 qno
1820 1011 2001 1096 sapientiam
2026 1013 2184 1094 didicerit;
2218 1019 2247 1082 θῖ
2278 1013 2379 1098 primo
2403 1013 2553 1094 ostendit,
2665 1045 2666 1048 ¹

1599 1117 1895 1204 quassandarum
1920 1121 2071 1198 secundo,
2099 1121 2202 1208 qualia
2225 1117 2348 1186 docuit:
2370 1121 2445 1206 lpse
2468 1121 2553 1188 enim

1598 1217 1682 1286 inihi
1703 1227 1781 1300 etc.;
1805 1223 1913 1304 tertio,
1935 1241 1992 1308 per
2025 1227 2108 1310 quod
2129 1224 2268 1292 medium
2299 1223 2404 1308 ipsum
2425 1223 2552 1292 docuit:

1601 1325 1755 1394 Omnium
1781 1327 1867 1394 accim
1890 1329 2016 1416 artisces
2040 1337 2097 1400 etc.

1916 1537 2015 1610 Primo,
2036 1539 2094 1610 quis
2112 1541 2236 1598 docuerit.

1685 1735 1787 1818 (Vers.
1825 1733 2007 1816 lahslite·
2033 1743 2143 1802 eutem
2167 1743 2225 1804 ete.
2257 1739 2339 1804 Bene
2360 1737 2445 1804 dixi:
2480 1739 2551 1820 Quo
2567 1757 2718 1814 exposuerit

1597 1841 1656 1932 qui
1676 1841 1733 1908 osi
1752 1847 1833 1908 scot
1855 1847 1927 1920 etc.;
1952 1859 2009 1926 ego
2025 1847 2130 1908 antem
2148 1859 2226 1910 usus
2240 1859 2326 1922 sum3
2351 1851 2476 1922 eutem,
2492 1861 2551 1928 pro

1597 1949 1686 2036 quia;
1711 1945 1795 2014 midi
1823 1945 1911 2014 dedit
1941 1947 2030 2012 Deus
2051 1947 2175 2026 dicere,
2201 1949 2232 2014 id
2262 1953 2307 2014 θεῖ
2340 1965 2401 2014 non
2428 1953 2550 2014 tantum

1597 2055 1692 2134 scire,
1730 2055 1784 2120 sed
1817 2053 1912 2120 etiam
1945 2053 2057 2120 docere
2070 2077 2078 2132 ;
2114 2053 2210 2120 Isaiae
2243 2051 2502 2142 quinquagesimo
2519 2053 2548 2118 ⁶:

1603 2159 1785 2228 «Dominus
1806 2159 1891 2226 dedit
1921 2159 1997 2224 mihi
2023 2159 2162 2244 linguam
2187 2157 2359 2236 eruditam,
2388 2163 2423 2224 εῖ
2455 2157 2549 2226 seiam

1597 2273 1772 2334 sustentare
1796 2283 1884 2346 euin,
1911 2265 1964 2352 qui
1998 2267 2106 2352 lapsus
2139 2271 2203 2344 est,
2237 2263 2337 2330 verbo
2351 2291 2381 2328 u.
2417 2265 2547 2346 Dicere,

1596 2375 1740 2456 inquam,
1764 2393 1803 2438 eac
1826 2373 2000 2452 sententie,
2026 2373 2055 2438 id
2079 2379 2125 2440 est
2145 2369 2324 2440 delinitione
2345 2369 2452 2452 dmm
2476 2373 2548 2438 Pro-

1595 2477 1779 2546 uerbiorum
1808 2477 2013 2546 duodecimo:
2048 2505 2062 2538 «
2088 2479 2215 2546 labium
2246 2477 2388 2546 veritatis
2420 2477 2547 2546 firmum

1587 2583 1656 2650 ¹erit
1674 2583 1704 2648 in
1729 2591 1967 2668 perpetuum»;
1984 2585 2138 2650 Psalmus:
2162 2585 2230 2652 «οε
2252 2583 2327 2650 iusti
2347 2583 2548 2652 meditabitur

1595 2687 1791 2774 sapientiam,
1814 2687 1847 2754 e't
1874 2687 1982 2770 lingua
2004 2687 2072 2754 eius
2103 2689 2256 2784 loquetur
2285 2689 2435 2756 iudicium
2452 2717 2486 2770 s,
2519 2689 2547 2756 id

2598 1811 2678 1856 terahs.

1594 2799 1639 2860 est
1664 2795 1786 2858 firmam
1817 2793 2012 2860 sententiam.
2040 2795 2078 2858 nt
2106 2813 2329 2880 praesumere.
2357 2795 2546 2876 Notandum,
2561 2819 2713 2874 euprepiae-

1593 2899 1677 2984 quod
1707 2905 1753 2966 θεῖ
1785 2897 1977 2984 praesumtio
2003 2899 2238 2986 arrepuntiue,
2276 2899 2312 2966 de
2348 2919 2411 2984 qua
2446 2903 2546 2970 Iudith

2589 2873 2673 2916 sumtis.

1592 3005 1725 3074 sextoi:
1754 3005 2023 3070 «praesumentes
2045 3005 2084 3072 de
2106 3023 2140 3072 se
2163 3011 2194 3072 et
2216 3005 2328 3072 desua
2349 3005 2551 3092 virtuteglo
2651 3079 2652 3082 ,

1592 3113 1709 3180 riantes
1732 3111 1878 3178 humilias
1896 3137 1924 3176 s.
1942 3111 1979 3176 Et
2001 3117 2048 3178 θεῖ
2063 3113 2257 3196 praesumtio
2281 3111 2493 3198 confidentiae
2510 3115 2546 3182 de

1591 3217 1709 3284 virtute
1731 3215 1836 3284 diuina
1858 3223 1889 3284 et
1905 3215 2131 3296 misericordia,
2156 3219 2194 3284 de
2211 3237 2274 3304 qna
2294 3217 2421 3284 ibidem:
2453 3221 2544 3288 «Non

1591 3323 1784 3408 derelinquis
1812 3329 2048 3406 praesumentes
2080 3323 2116 3390 de
2141 3331 2171 3390 te
2193 3351 2209 3384 t)
2236 3329 2313 3402 etc.;
2340 3323 2411 3390 item
2443 3323 2544 3392 iudith

1592 3449 1689 3498 nono:
1721 3455 1736 3488 «
1760 3429 1880 3494 Exaudi
1916 3447 1966 3496 me
1988 3431 2136 3496 miseram
2170 3431 2211 3498 de
2243 3437 2298 3496 tua
2334 3429 2546 3498 misericordia

1591 3539 1888 3620 praesumentem».
1916 3535 2203 3620 repraesumere,
2228 3533 2258 3600 id
2281 3541 2328 3600 θεῖ
2354 3535 2544 3614 confidenter

1590 3649 1696 3728 agere,
1715 3639 1834 3724 dipnu,
1857 3641 1974 3706 scilieet
1989 3659 2099 3726 opera,
2123 3639 2244 3708 hortem
2261 3659 2345 3728 qtcoe
2363 3639 2448 3706 midi
2462 3641 2544 3708 don·

1591 3755 1657 3828 tur,
1680 3747 1713 3812 id
1733 3753 1782 3812 est
1803 3747 1907 3814 locere
1928 3765 2025 3832 opera
2047 3755 2176 3814 strenua
2204 3755 2233 3816 et
2256 3747 2412 3826 decentia,
2433 3765 2543 3814 secun-

1589 3857 1665 3924 dum
1686 3855 1769 3922 dena
1790 3853 1866 3920 mihi
1884 3855 2011 3932 oollam
2033 3881 2048 3912 «
2066 3853 2116 3920 eui
2133 3855 2215 3920 enim
2231 3855 2303 3938 plus
2327 3853 2542 3934 committitur,

1589 3961 1661 4046 plus
1686 3959 1726 4026 ab
1753 3977 1790 4024 θε
1818 3959 2001 4042 requiretur
2018 3959 2030 3998 ⁸
2045 3985 2077 4024 ».
2116 3959 2282 4040 Quantom
2312 3957 2397 4044 ipse,
2427 3959 2543 4026 scilicet
2647 3969 2649 3972 ’

1589 4067 1685 4144 Dens,
1712 4065 1893 4148 supientiae
1916 4065 1986 4130 doec
2002 4073 2064 4142 est,·
2081 4064 2202 4132 Glossa:
2225 4091 2238 4124 a
2257 4065 2288 4130 ld
2312 4071 2357 4130 θεῖ
2383 4071 2499 4130 auctor
2513 4091 2541 4144 »;

1589 4169 1791 4236 Ecclesiastici
1815 4169 1932 4254 primo:
1965 4169 2103 4236 «Omnis
2126 4169 2277 4256 sapientia
2298 4169 2465 4236 aDomino
2478 4169 2543 4238 Deo

1588 4281 1635 4342 est
1650 4303 1680 4340 ».
1706 4277 1782 4342 ltem
1804 4277 1921 4352 dotor;
1946 4277 2043 4342 lacobi
2068 4277 2187 4362 primo:
2218 4277 2283 4342 «Si
2308 4277 2380 4362 quis
2402 4281 2540 4344 vestrum

1588 4381 1704 4466 indiget
1727 4383 1894 4466 sapientia,
1921 4383 2058 4466 postulet
2084 4403 2101 4448 a
2127 4385 2226 4450 Deo»
2260 4391 2317 4450 etc.
2347 4385 2389 4450 Et
2411 4383 2542 4470 supien-

1589 4475 1672 4554 tiom
1696 4487 1896 4568 emendator,
1919 4487 1951 4552 id
1975 4495 2022 4554 θεῖ
2044 4495 2229 4566 corrasor,-
2252 4489 2451 4574 dpocalypsis
2480 4493 2543 4556 ter-

1589 4593 1650 4659 tio:
1679 4619 1695 4652 ε
1712 4595 1775 4678 Ego
1804 4609 1884 4676 quos
1915 4611 1984 4658 amo
2016 4613 2113 4678 arguo
2131 4619 2147 4654 »
2180 4603 2256 4674 ete,
2287 4595 2404 4662 scilicet
2435 4595 2460 4662 si
2490 4613 2543 4662 eos

1588 4717 1695 4766 errare
1718 4701 1750 4766 in
1774 4699 1878 4784 aliquo
1903 4699 2068 4784 contingat.

1765 4839 1928 4910 Quandoque
1949 4841 2034 4894 bonus
2052 4843 2175 4896 dormitat
2195 4845 2325 4896 Homerus
2334 4839 2352 4896 ⁹.

1675 4967 1749 5032 ltem
1775 4967 1979 5052 Augustinus:
1997 4967 2109 5034 Errare
2126 4973 2248 5054 potero,
2267 4967 2444 5036 haereticus
2462 4987 2542 5036 nun-

1588 5089 1681 5158 quam
1708 5089 1772 5138 ero.

1676 5177 1777 5262 (Vers.
1797 5179 1870 5262 ld).
1898 5179 1938 5272 lo
1958 5199 2063 5246 hierio
2080 5179 2165 5248 euim
2183 5179 2274 5246 iliius
2288 5185 2346 5246 eto.
2365 5181 2446 5246 Bene
2460 5179 2541 5260 dixi,

1588 5285 1671 5370 quod
1694 5285 1766 5350 (ictae
1788 5293 1836 5352 est
1856 5293 1885 5350 et
1908 5287 2097 5354 emendator
2118 5285 2340 5372 sapientiem,-
2372 5287 2406 5352 in
2438 5307 2541 5354 mucce

1657 5667 1668 5698 ⁵
1688 5673 1763 5724 Vers,
1782 5671 1825 5724 27.
1843 5633 1955 5724 -ΙΒεε
1973 5683 2046 5738 seqq.
2066 5669 2114 5722 loci
2141 5673 2201 5722 saint
2223 5669 2240 5722 l.
2261 5667 2318 5722 Cor.
2339 5669 2388 5734 ῖ2,
2406 5671 2450 5724 ll.
2466 5677 2493 5724 et
2514 5673 2540 5724 ll.

1588 5757 1647 5810 Cor.
1667 5759 1713 5822 tlt,
1732 5757 1775 5810 ld.

1657 5843 1668 5872 ⁶
1688 5847 1763 5898 Vera.
1782 5845 1805 5898 l.
1825 5875 1859 5882 —
1880 5849 2029 5912 Sequuntur
2047 5845 2124 5898 Pron.
2146 5847 2193 5908 la,
2213 5847 2256 5898 le.
2273 5851 2298 5898 θῖ
2317 5849 2355 5900 Ρε.
2377 5849 2424 5910 36,
2444 5849 2484 5900 30.

1658 5929 1762 5984 'Vera
1781 5935 1829 5996 ts,
1854 5933 1899 5986 ubi
1926 5935 2006 5986 eliam
2033 5939 2073 5986 est
2098 5947 2154 6002 seq.
2178 5937 2268 6002 locus;
2292 5935 2384 5990 tertius
2410 5941 2450 5988 est
2475 5935 2539 5988 ibid.

1586 6021 1614 6082 9,
1635 6019 1681 6072 lt:
1702 6021 1798 6074 Exarrdi
1818 6035 1860 6074 me
1879 6023 2001 6074 miseram
2021 6021 2206 6086 deprecantem
2223 6029 2250 6076 et
2268 6023 2301 6074 de
2320 6027 2369 6074 etc.

1656 6105 1665 6134 ³
1685 6109 1747 6162 Luc.
1763 6111 1808 6172 ld,
1830 6109 1881 6162 ts:
1899 6107 1974 6162 Omni
1993 6114 2095 6174 aedem,
2108 6111 2151 6164 cui
2168 6113 2280 6164 multum
2300 6113 2391 6164 detrun
2410 6117 2463 6176 est,
2475 6113 2539 6164 mul·

1585 6201 1639 6248 tum
1664 6203 1804 6262 quaeretur
1823 6197 1856 6250 ab
1877 6213 1920 6260 ee,
1942 6205 1967 6250 et
1991 6199 2034 6252 cui
2058 6203 2312 6254 commendaverunt
2336 6201 2460 6266 multum,
2479 6203 2538 6266 pitis

1586 6287 1673 6348 petent
1697 6285 1730 6338 ab
1757 6299 1795 6338 eo.
1821 6315 1856 6324 —
1882 6287 2031 6354 Sequuntur
2058 6289 2147 6342 Glossa
2174 6287 2355 6344 coecitatem-te
2383 6287 2538 6356 thebanus:

1585 6371 1735 6444 Sapientiae
1755 6375 1813 6430 dua:
1832 6377 1902 6428 Deus
1919 6381 1971 6440 est,
1991 6377 2115 6444 quoniam
2138 6379 2302 6444 omnipotens
2325 6379 2398 6428 Pater
2423 6377 2539 6428 incarna-

1585 6463 1660 6518 tionis
1679 6467 1804 6530 unigeuiti
1823 6466 1878 6528 Filii
1898 6465 1938 6518 sui
1957 6473 2046 6520 auctor
2066 6473 2101 6520 est
2123 6449 2198 6534 etc.);
2216 6467 2291 6520 Eceli.
2315 6467 2337 6530 l,
2357 6465 2386 6530 ῖς
2405 6465 2455 6518 Ιεθ.
2474 6467 2499 6532 ῖ,
2513 6465 2537 6518 5.

1584 6557 1608 6604 et
1628 6553 1707 6620 Apoc.
1727 6557 1758 6618 3,
1778 6557 1818 6608 tlt.
2432 6569 2437 6580 ”

1654 6637 1664 6668 ⁹
1682 6641 1780 6708 Horat,
1797 6643 1878 6710 Epist.
1898 6643 1931 6698 ad
1949 6645 2053 6698 Pisones
2074 6645 2139 6714 (sive
2157 6645 2191 6698 de
2209 6643 2270 6696 hrte
2287 6641 2367 6710 poet.)
2387 6659 2412 6694 r.
2429 6643 2489 6696 359.
2504 6669 2538 6682 -

1583 6729 1620 6782 Βθ
1645 6743 1700 6796 seq.
1724 6733 1848 6786 sententia
1877 6733 2028 6800 Αεςεεῖὶεί,
2053 6749 2101 6800 pro
2130 6749 2183 6802 qua
2209 6733 2335 6796 allegatur
2362 6735 2380 6786 l.
2404 6733 2439 6784 de
2465 6733 2537 6784 Trio.

1584 6831 1605 6868 c.
1626 6815 1679 6870 l-l.
1700 6817 1739 6886 (eu
1765 6821 1861 6888 quibus
1892 6821 1977 6888 colligi
2006 6827 2103 6888 potest,
2123 6821 2277 6888 praesertim
2301 6833 2332 6876 ex
2354 6835 2379 6874 c.
2396 6821 2421 6872 3.
2441 6837 2464 6874 u.
2485 6821 2536 6888 5.),

1583 6905 1644 6958 uide
1661 6911 1725 6960 tom
1743 6911 1785 6962 lV.
1804 6923 1866 6974 pag.
1887 6911 1954 6974 3l3,
1970 6917 2031 6964 nota
2051 6913 2077 6964 8.
