5908 8266
1047 619 1239 684 eduntur.
1264 619 1301 686 lN
1325 617 1595 684 6466444466.
1622 619 1695 686 XIX.

473 793 575 878 (Vers.
597 795 653 882 4.).
677 797 825 862 Ducebat
846 801 915 874 eto,
941 793 1044 880 quasi:
1061 799 1092 860 et
1106 809 1259 878 congrum
1279 793 1340 858 du-

256 919 365 972 06446.
386 899 476 966 66464
497 901 582 970 euim
606 901 678 970 44166
702 903 747 968 ad
770 899 857 966 duur
880 899 996 984 646664,
1020 899 1138 966 66141664
1158 897 1340 964 obstinatio-

2293 619 2356 684 mo
2375 711 2376 716 .

1403 793 1632 878 submergeret,
1646 793 1726 880 iguis
1740 813 1802 860 non
1811 793 2019 870 combureret,
2032 809 2088 860 nec
2106 791 2266 876 spinarum
2283 811 2359 858 acu-

1403 896 1443 962 lei
1474 898 1722 964 vulnerarent».
1751 901 1830 982 4666,
1862 897 1946 978 4166,
1969 907 2148 976 64664646,
2174 897 2358 964 desererem

386 1007 432 1074 nis
457 1013 486 1074 64
512 1007 754 1084 submersionis,
778 1005 884 1090 dipua
905 1005 1092 1084 6666664466,
1109 1021 1171 1068 666
1195 1001 1338 1068 fortunae
1399 1003 1584 1088 praereptis
1608 1003 1743 1080 tuiaid
1764 1011 1812 1072 est
1833 1009 1906 1070 tuae
1931 1003 2117 1070 ordinationi
2133 1009 2163 1068 et
2180 1001 2355 1082 voluntati3

386 1115 432 1180 vel
456 1105 528 1192 fati',
551 1113 605 1180 sed
628 1113 750 1178 divinae
773 1109 918 1174 iustitiae.

472 1221 532 1286 Suo
554 1233 694 1286 aaaron:
719 1215 797 1300 Quia
821 1215 996 1282 voluntarie
1019 1215 1057 1280 ad
1082 1215 1141 1280 boc
1155 1211 1338 1288 tendebant,

221 1337 368 1433 466ἰῖ6664-
383 1343 446 1392 uon
469 1343 543 1410 ergo
559 1315 760 1390 'necessitate
881 1413 882 1416 Ἴ

321 1423 326 1434 “
472 1427 662 1506 Dicendum,
686 1425 772 1510 quod
794 1443 855 1492 non
878 1425 938 1492 luit
960 1423 1128 1492 necessitas
1144 1421 1338 1502 coactionis,

383 1535 436 1602 sed
461 1531 741 1600 immutabilitatis
755 1533 777 1598 ¹.
841 1575 842 1578 ,
954 1599 955 1604 ,

472 1639 696 1722 Sannorum:
720 1637 799 1722 Quia
823 1641 966 1722 poterant
980 1635 1143 1720 poenitere
1156 1639 1188 1702 et
1204 1633 1248 1700 sio
1265 1651 1338 1720 poe-

236 1759 362 1816 06666464.
383 1761 456 1810 nam
478 1741 563 1810 illam
587 1741 696 1810 4444146.
799 1745 800 1748 ¹

468 1849 660 1928 Dicendum,
684 1849 769 1936 quod
791 1853 954 1934 poterant,
976 1847 1031 1914 sed
1062 1845 1217 1912 nolebant.
1254 1845 1338 1912 Unde

279 1971 363 2026 664.
382 1953 549 2020 necessitas
571 1953 624 2018 illa
640 1961 708 2020 erat
723 1969 916 2038 consequens
938 1951 1149 2030 voluntatem,
1165 1967 1228 2014 non
1251 1955 1338 2014 ante-

385 2059 495 2128 cedens
517 2059 539 2124 4.
563 2059 636 2126 Vei:
665 2059 727 2126 oon
758 2065 903 2144 poterant
931 2059 1086 2142 complete
1108 2073 1165 2142 per
1202 2073 1252 2134 se,
1280 2071 1338 2122 666

384 2169 490 2248 664646
514 2165 660 2232 46464664
680 2163 736 2230 Dei
759 2163 924 2242 auxilium.

475 2273 515 2338 dt
537 2269 657 2338 borum
679 2289 765 2358 quae
788 2269 993 2346 acciderant,
1019 2269 1136 2336 scilicet
1165 2261 1339 2354 multarum

384 2377 548 2464 plagarum
578 2395 636 2460 pro
668 2375 841 2442 retentione
869 2373 1007 2440 tiliorum
1043 2373 1137 2440 lsrael
1164 2371 1338 2450 illatarum,

384 2483 483 2548 Exodi
506 2483 657 2566 septime,
679 2485 803 2572 octavo,
828 2479 1067 2558 nonadecima
1091 2485 1120 2544 64
1144 2477 1338 2554 4664661446,

384 2587 725 2656 commemoratione-m
758 2585 969 2666 amittebant,
1002 2587 1035 2652 id
1067 2591 1113 2652 est
1149 2583 1338 2670 perdebant,

383 2695 441 2762 etsi
477 2713 539 2760 oon
573 2693 700 2770 habita,
725 2699 828 2758 tamen
852 2697 940 2772 acto3
966 2690 1015 2758 vel
1044 2695 1157 2776 opere,
1187 2689 1242 2756 etsi
1277 2707 1339 2754 non

278 2805 279 2808 ’
323 2871 325 2876 ,
383 2799 492 2880 66446;
518 2797 597 2866 0666
618 2797 739 2866 4661646
761 2795 897 2864 4644463ε
920 2821 935 2854 «
952 2797 1160 2864 Elevaverunt
1174 2813 1229 2860 cor
1244 2811 1339 2860 strum

383 2913 416 2974 64
436 2905 525 2974 obliti
548 2911 621 2970 sunt
642 2903 703 2970 mei
716 2929 745 2968 4.
769 2903 807 2968 m
822 2921 908 2990 quae
929 2903 1064 2968 deerant
1080 2899 1263 2980 tormentis,
1281 2899 1340 2966 sci-

384 3011 454 3078 licet
478 3007 748 3096 praecedentibus,
773 3007 913 3074 nondum
934 3007 1018 3072 enim
1042 3011 1131 3072 erant
1148 3003 1352 3072 sufficienler

383 3115 501 3202 puniti;
525 3113 662 3200 repleret
678 3113 825 3198 punitio,
851 3113 967 3178 soilioet
989 3129 1140 3196 sequeus,
1158 3115 1188 3178 et
1201 3109 1339 3196 ¹ponitur

384 3223 415 3306 ly
438 3229 476 3286 ut
489 3219 714 3298 66666664146,
737 3237 800 3286 666
822 3217 998 3286 causaliter.

473 3327 572 3410 (llers.
600 3327 654 3408 5.).
689 3327 730 3390 lit
752 3325 900 3410 populus
929 3325 1059 3412 quidem
1093 3331 1188 3400 tuuc,
1223 3323 1338 3388 scilieet

383 3433 580 3510 israeliticus,
605 3431 806 3498 mirabiliter
829 3431 1005 3508 4464464464,
1031 3429 1148 3496 66111664
1171 3445 1228 3512 664
1250 3445 1338 3496 mare

383 3539 529 3622 rubram
544 3535 624 3602 sicco
648 3535 792 3622 vestigio;
815 3535 899 3602 unde
923 3535 1019 3602 Exodi
1047 3535 1168 3602 decimo
1183 3533 1336 3620 quintal:

387 3643 485 3708 «41411
515 3641 610 3708 lsrael
642 3641 884 3708 ambulaverant
919 3657 975 3724 664
1009 3641 1127 3706 simum
1167 3639 1197 3704 in
1235 3639 1338 3722 medio

383 3745 450 3812 eius
467 3771 498 3808 ».
522 3743 575 3810 4444
598 3751 723 3822 autem,
748 3743 865 3808 seilicet
886 3743 1040 3828 Aegyptii,
1062 3761 1184 3808 nouom
1199 3751 1338 3808 mortem

384 3849 580 3928 iuoeuireut,
607 3849 723 3916 scilieet
746 3867 863 3916 664664
886 3849 1038 3916 moriendi
1055 3847 1203 3928 modum,
1220 3847 1338 3916 scilicet

383 3973 440 4042 per
462 3955 682 4024 nriraoolosam
706 3955 972 4036 submersionem
989 3955 1121 4046 ibidem:
1147 3955 1337 4038 «Ingressus

384 4067 432 4128 est
459 4081 606 4148 eques»,
636 4061 668 4126 id
698 4069 745 4126 est
779 4061 955 4144 equitatus,
986 4063 1185 4140 «Pharao»,
1208 4061 1336 4146 genitivi

383 4187 493 4250 casus,
522 4195 539 4228 «
555 4187 626 4234 oum
650 4165 800 4234 curribus
822 4173 854 4234 et
876 4167 1090 4254 equitibusin
1114 4183 1215 4246 mare,
1240 4172 1270 4233 et
1286 4185 1335 4234 re-

382 4273 476 4342 duxit
499 4291 594 4358 66664
618 4291 671 4338 666
693 4273 844 4340 Dominus
867 4291 965 4358 aquas
989 4273 1083 4340 maris
1099 4301 1129 4338 6.

627 4499 756 4570 Secundo,
774 4463 898 4554 liberatio
915 4499 1093 4556 Hebraeorum.

440 4761 442 4766 .
474 4695 588 4762 Omm'o·
605 4697 698 4792 ¹em'm
721 4703 779 4762 etc.
805 4695 858 4762 dio
881 4695 1018 4780 tangitur
1048 4695 1275 4764 Hebraeorum
1299 4697 1335 4762 14-

216 4807 320 4880 464664
331 4817 371 4862 ru·
384 4801 525 4882 doratio,
551 4807 587 4870 et·
604 4801 705 4888 primo
722 4801 758 4868 46
770 4801 939 4888 66664644·
961 4801 1116 4882 6666646,
1133 4801 1170 4870 iu
1184 4801 1334 4888 speciali:

245 4873 336 4926 mmm*
383 4905 471 4974 Nam
495 4907 605 4974 nubes.

470 5013 571 5096 (Vers.
597 5011 650 5096 6.).
680 5011 793 5078 Omnia
823 5011 909 5078 euim
939 5017 1013 5090 eta,
1046 5011 1134 5098 quasi
1166 5011 1248 5078 dicat
1274 5011 1334 5080 sic:

282 5135 363 5178 4666.
383 5117 518 5204 aegyptti
544 5125 618 5186 sunt
641 5117 815 5198 submersi,
837 5124 870 5184 64
892 5118 1049 5184 israelitae
1074 5117 1211 5198 liberati;
1230 5117 1335 5184 omnia

383 5225 468 5290 euim
493 5233 669 5300 creatura,
693 5223 724 5290 id
749 5229 795 5290 est
825 5223 929 5290 omnia
958 5225 1129 5302 elementa,
1160 5223 1205 5290 od
1237 5243 1336 5290 suum

382 5349 486 5416 pertua
517 5329 559 5394 ab
589 5329 700 5408 iuitr'o,
724 5329 841 5394 scilicet
875 5329 1035 5408 habitum,
1068 5321 1353 5416 refigurabatur,

383 5437 412 5502 id
437 5443 501 5516 est,
524 5437 640 5502 iterum
668 5431 921 5514 assimilabatur,
945 5433 977 5500 16
1000 5437 1061 5502 466
1091 5435 1223 5514 66141664,
1253 5435 1335 5520 6664

383 5561 445 5608 666
467 5541 597 5620 nocebat
621 5541 723 5620 bonis,
754 5541 834 5608 sicut
857 5557 914 5608 nec
944 5539 975 5606 io
1008 5545 1090 5608 stata
1124 5539 1333 5622 innocentiam

383 5647 465 5716 unde
489 5645 666 5714 isidorust:
697 5647 758 5714 «Si
781 5647 876 5714 laomo
898 5665 960 5714 non
985 5653 1159 5734 peccasset,
1176 5665 1259 5732 aqua
1272 5665 1335 5714 non

454 6033 534 6090 ι044.
547 6039 576 6090 tt
593 6039 663 6090 Seot.
683 6039 709 6094 d.
727 6037 753 6090 7.
772 6053 799 6104 p.
819 6041 836 6092 l.
854 6053 879 6092 a.
898 6041 922 6090 2.
943 6055 967 6106 q.
987 6043 1012 6094 4.
1031 6041 1066 6094 ad
1084 6041 1109 6092 3.
1130 6047 1154 6090 64
1172 6041 1199 6092 d.
1211 6039 1256 6090 25.
1268 6051 1295 6104 p.
1307 6041 1335 6092 ll.

383 6141 409 6196 q.
428 6127 456 6178 2.
473 6125 499 6178 in
518 6139 592 6194 6646.

452 6211 550 6268 ²Vide
569 6217 586 6268 l.
605 6217 674 6268 Sent.
693 6217 719 6268 d.
738 6217 780 6268 38.
800 6229 825 6268 6.
842 6217 870 6268 4.
888 6233 915 6284 q.
938 6219 962 6270 4.
979 6217 1007 6270 in
1024 6231 1098 6282 corp.

454 6297 558 6354 34646.
584 6303 612 6354 b.
627 6331 661 6342 -
680 6305 717 6356 De
742 6305 932 6370 significatione
956 6303 983 6376 46
1008 6305 1053 6358 etr.
1081 6315 1160 6368 supra
1189 6315 1252 6368 pag.
1271 6303 1334 6370 444,

383 6395 441 6446 6646
462 6391 484 6456 4.
504 6391 528 6442 46
547 6391 607 6444 tine.

453 6475 558 6532 ‘Vera
578 6481 624 6544 to,
643 6479 708 6534 ibid.
727 6487 768 6534 est
785 6495 842 6550 seq.
856 6483 945 6536 locus.

452 6561 463 6592 ⁵
481 6565 520 6616 De
537 6567 630 6622 ordine
647 6573 840 6634 creaturarum,
858 6583 882 6622 6.
902 6570 943 6622 40.
962 6585 988 6622 6.
1007 6571 1031 6620 8.
1044 6565 1134 6622 Verba
1151 6565 1213 6618 vide
1231 6571 1295 6620 tom.
1308 6571 1335 6622 ll.

342 6687 344 6690 -
383 6667 444 6722 pag.
464 6651 529 6718 405,
548 6661 609 6706 6646
630 6657 654 6706 b.
966 6709 968 6712 .

455 6739 579 6794 ¹⁵Psalm.
598 6743 662 6808 448,
682 6747 708 6798 6.
719 6775 756 6784 --
772 6747 837 6796 Tres
853 6759 928 6812 seqq.
949 6745 997 6798 loci
1016 6751 1076 6798 sunt
1092 6745 1141 6796 464.
1158 6741 1190 6806 5,
1210 6745 1261 6818 225
1279 6745 1335 6798 lsai.

383 6833 414 6896 8,
434 6831 477 6882 l8.
497 6835 524 6882 64
541 6829 618 6882 Prov.
639 6835 667 6894 4,
686 6833 712 6884 7.

454 6915 464 6948 ²
482 6919 557 6972 Vers.
572 6919 619 6970 ab:
635 6921 708 6974 Stetit
725 6921 790 6974 inter
809 6927 893 6976 666446
910 6921 1099 6988 Aegyptiorum
1113 6925 1233 6974 64666446
1248 6923 1335 6990 464664,

1402 1105 1435 1170 16
1451 1105 1614 1172 Psalmot:
1637 1109 1776 1174 «Statuit
1802 1127 1836 1176 ea
1859 1111 1891 1176 in
1913 1117 2078 1176 aeternum
2093 1113 2126 1176 et
2140 1109 2172 1174 in
2197 1109 2358 1174 saeculam

1403 1211 1536 1290 saeculi,
1572 1217 1775 1296 praeceptum
1811 1213 1933 1298 posuit,
1963 1221 1996 1280 et
2028 1233 2090 1280 non
2127 1211 2310 1298 praeteribit
2325 1237 2357 1292 »3

1401 1313 1476 1380 item
1501 1315 1647 1382 ieremiae
1669 1315 1794 1402 quinto:
1818 1316 1906 1402 «Qui
1925 1317 2015 1402 posui
2037 1335 2166 1384 arenam
2188 1317 2358 1384 terminum

1401 1421 1513 1500 mario,
1535 1427 1737 1506 praeceptum
1767 1423 2009 1506 sempiternum,
2031 1423 2118 1508 quod
2132 1443 2194 1490 non
2216 1429 2358 1520 praeter-

1401 1525 1505 1592 ibit».
1535 1527 1577 1594 444
1591 1529 1695 1612 puerr'
1722 1529 1791 1606 tul,
1818 1527 1934 1596 scilicet
1960 1529 2088 1596 Hebraei
2123 1531 2178 1596 tibi
2207 1529 2355 1610 subiecti3

1402 1633 1497 1698 isaiae
1527 1639 1656 1700 octavo:
1688 1661 1704 1694 «
1719 1635 1815 1716 Ecce,
1838 1653 1895 1720 ego
1926 1639 1956 1702 et
1987 1635 2077 1720 paeri
2109 1637 2170 1702 mei
2187 1661 2221 1716 »3
2251 1645 2324 1702 eust
2342 1673 2357 1682 -

1402 1737 1554 1806 diruatur
1589 1741 1717 1818 illaesi:
1749 1741 1989 1808 proverbiorum
2024 1741 2183 1808 secundo:
2214 1769 2231 1800 «
2248 1743 2357 1810 Custo-

1402 1843 1464 1912 diet
1479 1851 1641 1912 rectorum
1662 1847 1796 1912 salutem
1820 1855 1850 1912 et
1875 1851 2016 1930 proteget
2037 1845 2214 1930 gradientes
2238 1847 2357 1932 simpli-

1403 1949 1479 2018 citer
1496 1977 1527 2016 a.

1490 2057 1590 2140 (Vers.
1616 2057 1669 2140 7.).
1697 2055 1785 2122 Nam
1808 2055 1927 2134 nubea,
1952 2055 2109 2122 66146646
2133 2059 2196 2122 066
2217 2075 2275 2142 664
2296 2057 2355 2122 46-
2375 2071 2482 2116 secunao.

1402 2161 1462 2246 geli
1483 2161 1695 2230 ministerium
1716 2161 1800 2240 data,
1826 2161 1959 2230 illorum
1990 2171 2124 2242 eastra,
2155 2161 2272 2230 6614664
2299 2163 2355 2230 lle-

1402 2265 1586 2348 braeorum,
1609 2267 1839 2348 obumbrabat,
1871 2293 1887 2326 «
1901 2273 1986 2336 stans
2015 2267 2095 2336 inter
2120 2275 2221 2336 castre
2246 2285 2356 2336 eorum

1403 2377 1432 2440 et
1457 2381 1557 2440 castra
1580 2375 1819 2460 Aegyptiorum,
1841 2375 1886 2440 ita
1907 2379 1945 2440 ut
1967 2379 2031 2440 4646
2054 2381 2145 2442 66646
2165 2375 2205 2440 64
2228 2393 2281 2440 666
2305 2393 2355 2442 66-

1402 2479 1513 2544 cedere
1528 2497 1589 2544 non
1607 2479 1746 2546 valerent
1758 2507 1788 2560 6,
1805 2487 1842 2546 64
1856 2485 1943 2566 66464
1958 2477 2054 2546 Exodi
2072 2479 2191 2546 decimo
2211 2481 2354 2566 quartol.

1403 2585 1445 2650 Et
1466 2603 1505 2650 66
1529 2603 1638 2672 aqua,
1661 2585 1693 2650 id
1716 2591 1764 2650 est
1785 2591 1854 2670 post
1870 2601 1999 2668 aquam,
2024 2583 2103 2650 sicut
2128 2597 2201 2652 oum
2222 2585 2355 2652 dicitur:

1403 2707 1444 2756 ex
1466 2707 1557 2754 mane
1582 2689 1615 2754 tit
1640 2689 1800 2770 meridies
1820 2689 1849 2758 14
1866 2695 1914 2758 664
1928 2697 2008 2774 post.
2028 2693 2078 2756 Du
2093 2709 2200 2780 aqua,
2216 2691 2355 2776 inquam,

1403 2815 1486 2882 quae
1518 2803 1593 2860 orate
1625 2803 1717 2876 erat,
1747 2797 1779 2862 144
1814 2797 1899 2876 1666,
1930 2815 1987 2880 664
2022 2815 2115 2882 quem
2144 2797 2354 2878 transierunt3

1403 2907 1493 2966 terro
1517 2899 1678 2986 apparuit
1702 2901 1815 2980 arida,
1830 2901 1950 2970 scillcet
1972 2921 2029 2986 664
2056 2903 2166 2968 ilatum
2192 2903 2274 2968 venti
2298 2919 2355 2968 ex-

1403 3003 1526 3084 6166646,
1548 3013 1586 3070 64
1607 3011 1692 3090 66464
1715 3007 1812 3074 Exodi
1837 3007 1957 3074 decimo
1979 3007 2127 3092 quarto⁸.
2159 3011 2199 3074 lit
2214 3007 2250 3074 r'u
2265 3007 2357 3074 mari

1402 3109 1525 3190 rubro,
1559 3111 1676 3178 scilicet
1707 3113 1819 3194 diviso,
1853 3119 1891 3180 at
1922 3119 2010 3196 patet
2043 3115 2180 3196 ibidem,
2215 3115 2288 3182 item
2324 3115 2355 3182 in

1402 3217 1539 3284 Psalmo:
1556 3237 1585 3276 ’4
1601 3217 1660 3302 Qui
1682 3219 1787 3286 divisit
1808 3237 1897 3286 mare
1926 3221 2063 3286 rubrum
2087 3221 2117 3286 in
2143 3219 2307 3290 divisiones
2324 3247 2353 3304 ³³3

1401 3321 1469 3402 oia,
1481 3323 1766 3410 scilicetapparuit,
1778 3325 1848 3392 siue
1863 3325 2105 3412 impedimento,
2123 3327 2238 3394 scilicet
2255 3345 2355 3412 aquae

1402 3429 1450 3494 vel
1487 3429 1561 3508 luti,
1603 3431 1776 3498 secundam
1812 3431 1891 3498 illud
1921 3431 2049 3498 Psalmi:
2087 3457 2102 3490 «
2118 3433 2152 3498 46
2189 3433 2268 3500 mari
2304 3433 2355 3502 via

1401 3537 1483 3600 tua»
1511 3541 1589 3614 eto.;
1619 3535 1761 3602 Habaouo
1792 3535 1905 3618 tertio:
1931 3561 1947 3594 «
1965 3537 2051 3604 Viam
2084 3537 2181 3604 iecisti
2213 3539 2244 3604 46
2275 3539 2354 3604 44641

1400 3643 1489 3724 equis
1513 3641 1576 3706 tuis
1592 3665 1621 3718 »;
1639 3641 1713 3706 item
1730 3643 1823 3708 isaiae
1847 3643 2105 3728 quinquagesimo
2120 3643 2241 3728 primo:
2273 3645 2354 3712 «Po-

1401 3745 1489 3812 suisti
1514 3745 1704 3828 protundum
1728 3745 1938 3824 ormisdam,
1956 3751 1991 3812 ut
2015 3749 2173 3814 transeant
2189 3749 2353 3816 liberati».

1402 3851 1441 3914 Dt
1465 3867 1604 3934 campus
1622 3851 1834 3934 germinans,
1857 3849 1890 3916 id
1912 3859 1960 3918 est
1982 3851 2033 3918 via
2055 3853 2148 3934 64666
2168 3859 2200 3918 64
2222 3853 2355 3922 4616646-

1400 3955 1485 4036 bilis,
1508 3955 1670 4040 61664664
1693 3973 1839 4042 campum
1861 3955 2106 4042 germinantem,
2129 3959 2169 4024 de
2179 3957 2354 4046 profundo

1399 4061 1521 4140 nimio,
1545 4061 1575 4126 id
1600 4067 1647 4128 est
1661 4067 1731 4146 post
1745 4061 1873 4134 nimiam
1890 4063 2132 4148 profunditatem
2150 4083 2249 4152 aquae
2265 4065 2355 4152 prius

1400 4167 1563 4234 existentis
1586 4167 1710 4234 ibidem.
2229 4249 2230 4252 Ἴ

1489 4273 1589 4358 (Vers.
1606 4265 1670 4358 8.).
1695 4275 1761 4338 Per
1784 4293 1897 4362 quem,
1922 4273 2039 4342 scillcet
2060 4293 2224 4360 campum,
2247 4277 2355 4344 omnir

1399 4379 1502 4458 natio,
1519 4379 1635 4446 scilicet
1660 4381 1888 4460 Hebraeorum,
1914 4381 2156 4462 transmittet
2179 4381 2353 4464 transiret,

1399 4485 1662 4570 persequentibus
1691 4485 1856 4570 Aegyptiis.
1895 4487 1986 4570 Quae
2021 4487 2207 4574 tegebatur,
2231 4489 2261 4556 id
2288 4495 2353 4570 est,

1400 4589 1640 4674 protegebatur,
1659 4597 1719 4656 tua
1733 4609 1855 4672 mauu,
1871 4591 1965 4658 idest
1977 4593 2122 4678 potentia
2129 4617 2143 4672 ,·
2166 4595 2261 4660 466166
2278 4615 2355 4682 qua-

1399 4695 1573 4782 dragesimo
1598 4697 1723 4790 oonolz
1751 4723 1767 4756 6
1781 4699 1813 4762 46
1838 4699 1950 4766 ambra
1974 4717 2086 4766 manus
2109 4717 2184 4768 suae
2205 4703 2355 4786 'protexit

1399 4819 1449 4868 me
1466 4827 1497 4880 6,
1521 4801 1569 4868 464
1595 4801 1691 4882 Filio,
1709 4809 1744 4870 at
1759 4801 1793 4870 in
1808 4803 1944 4870 Psalmo:
1969 4803 2107 4870 «Emitte
2121 4799 2249 4870 manum
2267 4811 2354 4872 tuam

1399 4905 1439 4974 440
1460 4909 1523 4972 allo
1541 4933 1555 4966 4)
1583 4913 1641 4974 eto.

1694 5133 1797 5206 Tertio,
1817 5131 1964 5202 gratiaram
1984 5133 2061 5190 66114.

1497 5329 1646 5396 4446466466
1664 5336 1721 5398 etc.
1746 5329 1800 5398 Hic
1822 5329 2025 5416 subiungitur
2046 5331 2241 5418 gratiarum
2256 5333 2355 5414 aetio,
2372 5349 2519 5448 suffla..

1398 5437 1503 5522 primo
1530 5455 1587 5520 pro
1616 5435 1842 5502 Hebraeorum
1874 5435 2062 5506 liberatione
2069 5461 2082 5516 ,·
2114 5439 2266 5518 seeundo,
2297 5457 2355 5524 pro
2486 5435 2491 5446 '

1400 5539 1640 5630 Aegyptiorum
1659 5541 1831 5628 punitione
1864 5545 1911 5612 vel
1934 5545 2168 5612 submersione:
2192 5547 2234 5610 Et
2254 5563 2355 5612 6666·Ι

1400 5649 1511 5714 tiones.
1541 5691 1542 5694 ,

1398 6045 1425 6094 et
1443 6047 1498 6094 6464
1516 6041 1599 6094 nubes
1619 6043 1756 6094 tenebrose
1774 6047 1801 6096 et
1818 6041 1967 6096 illuminans
1986 6049 2106 6108 noctem,
2120 6043 2155 6096 ita
2176 6047 2202 6096 ut
2222 6043 2254 6094 64
2273 6057 2303 6096 66
2320 6043 2356 6094 in·

1399 6129 1485 6184 vicem
1505 6135 1558 6184 toto
1576 6131 1659 6184 noctis
1678 6125 1796 6196 tempore
1819 6131 1944 6184 accedere
1961 6135 2010 6184 etc.
2030 6157 2066 6170 -
2084 6133 2210 6196 Superius
2230 6145 2278 6196 pro
2297 6129 2357 6184 illo-

1398 6231 1477 6286 rum,
1500 6219 1573 6286 quod
1600 6217 1722 6272 exhibent
1750 6219 1826 6272 etiam
1856 6217 1927 6274 card.
1945 6219 2022 6284 dago
2046 6223 2070 6270 et
2092 6205 2223 6284 4446666,
2243 6217 2356 6282 Vulgata

1399 6307 1680 6372 eorum-bristou,
1697 6309 1724 6360 ll.
1745 6309 1856 6374 Metapb.
1875 6312 1934 6360 text.
1950 6307 1977 6358 7.
1998 6307 2031 6376 (1.
2051 6307 2165 6370 brevior,
2183 6321 2205 6358 c.
2224 6305 2259 6374 4.)
2279 6307 2361 6374 dicit,

1398 6395 1471 6460 quod
1490 6397 1519 6448 tit
1539 6415 1554 6442 «
1566 6397 1623 6448 dies
1640 6409 1671 6448 eu
1690 6395 1804 6448 dicento
1823 6389 2160 6464 [4646464464166-4641664
2177 6391 2280 6460 mane],
2293 6407 2356 6460 quo·

1399 6483 1470 6536 niam
1490 6489 1549 6550 post
1567 6487 1617 6536 boo
1635 6489 1674 6534 est
1684 6503 1691 6546 ;
1709 6499 1792 6550 quare
1810 6493 1858 6538 466
1877 6483 2019 6536 4116664646
2039 6497 2070 6534 eu
2089 6481 2132 6534 die
2144 6499 2172 6532 o.

1470 6565 1482 6598 ⁸
1502 6571 1576 6624 4646.
1594 6571 1638 6634 at,
1655 6569 1702 6622 ubi
1720 6571 1799 6624 etiam
1817 6577 1857 6624 est
1875 6583 1930 6638 seq.
1949 6571 2040 6624 loeas:
2058 6567 2200 6634 Divisaque
2219 6571 2257 6622 est
2276 6583 2355 6638 aqua.

1399 6657 1566 6712 -Subinde
1589 6659 1734 6724 allegantur
1757 6661 1799 6712 Pa.
1819 6661 1884 6724 435,
1904 6659 1946 6710 43.
1964 6661 1992 6710 64
2008 6655 2058 6724 46,
2076 6655 2125 6718 ao,
2143 6655 2242 6708 Habeo.
2260 6657 2291 6722 3,
2312 6657 2355 6712 45.
2407 6729 2408 6734 ¹

1400 6751 1426 6800 et
1445 6747 1501 6800 lsai.
1520 6745 1564 6814 dl,
1583 6745 1626 6800 40.
1903 6805 1905 6808 ,

1470 6829 1482 6862 ⁹
1502 6835 1575 6886 Vers.
1594 6835 1622 6886 2.
1638 6861 1674 6874 -
1692 6835 1815 6902 Sequitur
1838 6835 1879 6886 Ps.
1899 6829 1964 6896 443,
1984 6829 2081 6884 44144.
2102 6833 2355 6902 adgrauatae:

1401 6923 1444 6990 44,
1464 6923 1509 6976 48.
