5916 8276
456 683 495 750 Vi
1259 689 1538 760 Pantauchum
1560 695 1593 758 C.
1618 695 1639 758 l.

386 875 387 880 ¹
458 859 492 912 ita
520 859 676 928 inscriptum
704 859 819 918 Summa
844 863 1035 920 collectionum
1053 869 1102 918 etc.
1112 885 1119 928 ;
1139 865 1209 920 aiitnd
1229 873 1284 920 est:
1302 865 1416 920 Postilla

458 963 486 1020 iu
503 967 682 1038 Evangelium
702 967 818 1022 loouuis.
839 971 942 1034 Incipit:
961 969 1093 1040 :balneati
1109 971 1146 1024 od
1161 975 1318 1040 preceptum
1337 977 1416 1028 litam

458 1071 603 1128 eleoobitur
620 1073 738 1142 apellat
755 1103 792 1114 -
810 1075 877 1128 Satis
896 1075 991 1130 mirum
1007 1083 1059 1138 est,
1079 1079 1152 1142 quod
1170 1085 1196 1130 at
1214 1079 1239 1130 in
1259 1081 1414 1144 apographo

457 1185 482 1232 et
500 1179 527 1230 in
545 1179 634 1234 litteris
662 1179 831 1234 substitutum
859 1181 893 1234 sit
911 1195 1006 1236 noman
1026 1185 1240 1248 bonaventurae,
1259 1183 1346 1250 primo
1370 1199 1414 1238 no·

456 1285 528 1338 mbae
546 1285 649 1340 deletot
827 1337 830 1344 ,

527 1391 579 1442 Sed
597 1391 638 1444 his
656 1405 711 1444 non
728 1391 907 1458 obstantibuS,
925 1393 1044 1448 Oudinus
1065 1393 1124 1462 (loc.
1145 1395 1185 1448 cit.
1200 1395 1249 1448 col.
1263 1395 1335 1460 398),
1348 1395 1413 1448 Sbe-

455 1495 522 1546 raiaa
543 1493 602 1562 (loc.
616 1497 660 1550 cit.
674 1511 736 1562 pag.
757 1479 805 1550 tao
819 1499 861 1568 b),
877 1501 974 1552 bonelli
987 1499 1089 1568 (Prode.
1101 1501 1152 1552 col.
1166 1481 1229 1568 ela)
1243 1508 1413 1564 censuerunt,

381 1645 384 1650 .
455 1603 569 1656 eundem
588 1617 646 1658 esse
664 1605 784 1670 spurium
794 1625 801 1668 ;
822 1607 935 1658 editores
955 1607 1046 1660 Veneti
1067 1605 1125 1674 (loc.
1146 1607 1187 1658 cit.
1201 1619 1263 1670 pag.
1277 1607 1321 1674 92)
1335 1607 1368 1660 de
1381 1623 1412 1662 eo

455 1707 582 1762 dubitant.

525 1817 599 1870 Certe
617 1833 671 1872 nan
689 1825 789 1884 spectat
805 1819 839 1872 ad
859 1819 885 1870 S.
904 1821 1122 1872 bonaventuram.
1141 1819 1215 1872 Ratio
1232 1823 1411 1886 peremptoria

453 1931 504 1990 est,
529 1925 602 1990 qttnd
620 1925 686 1978 alins
706 1925 913 1980 Commentarius
937 1925 1017 1990 longe
1034 1925 1156 1978 diversus
1174 1925 1245 1976 etin
1264 1927 1314 1976 hoc
1338 1931 1410 1978 tomo

452 2031 597 2096 impressus
616 2033 642 2084 S.
662 2033 767 2084 boeiori
784 2037 855 2084 cerlo
875 2033 1003 2084 vindicari
1022 2037 1117 2098 polest.
1137 2033 1218 2084 Nemo
1236 2037 1325 2084 autem
1343 2035 1410 2086 affir-

453 2135 547 2200 mabit,
568 2139 654 2204 ipsum
674 2139 810 2204 scripsisse
829 2137 962 2204 duplicem
980 2141 1010 2192 in
1029 2141 1149 2192 ioannem
1175 2137 1408 2192 Commentarium.

427 2259 429 2270 ³
452 2249 573 2312 iusuper,
591 2245 636 2312 qui
656 2243 800 2310 genuinum
824 2241 1049 2297 Commentariun:
1078 2215 1302 2308 cornparatcum
1330 2245 1409 2296 altero

452 2323 594 2406 luculenter
621 2351 738 2414 videbit,
764 2357 820 2402 tum
846 2353 975 2416 quiantarn
1002 2349 1101 2402 disserat
1121 2349 1226 2414 spurius
1245 2363 1259 2400 a
1279 2349 1407 2416 genuino,

451 2465 508 2510 turn
526 2459 586 2524 (ptris
604 2460 733 2522 congruat
752 2455 857 2520 ingenio
877 2459 902 2506 el
920 2457 977 2506 stilo
998 2427 1126 2520 sarephici
1145 2453 1272 2506 bnatoris.

522 2565 666 2618 Audiamus
685 2561 854 2616 benedictum
868 2561 963 2612 bonelli
977 2561 1035 2630 (loc.
1050 2561 1091 2614 cit.
1105 2561 1155 2612 coi.
1166 2561 1196 2612 79
1204 2561 1229 2626 3)
1245 2559 1278 2612 de
1289 2561 1408 2626 supposi-

451 2671 506 2724 titia
524 2673 573 2722 hae
584 2669 687 2724 Postilla
701 2675 725 2722 ct
738 2669 816 2720 etiam
835 2669 869 2720 de
881 2667 1068 2722 Collationibus
1079 2669 1143 2720 inira
1163 2667 1179 2734 S
1198 2669 1221 2718 ii.
1241 2643 1407 2720 recensendis

420 2801 422 2804 ·
450 2779 615 2844 loquentem:
639 2775 841 2828 «Praesentium
861 2775 949 2840 itaque
965 2775 1130 2828 Postillarum
1143 2779 1221 2840 alque
1235 2771 1406 2842 collationum

450 2891 584 2936 auctorem
611 2865 741 2948 negamus
768 2881 877 2948 quidem
904 2881 1129 2946 beneventanam,
1160 2879 1208 2932 sed
1238 2853 1406 2954 nihilominus

449 2991 648 3044 Franciscanum
662 2989 741 3042 alium
754 2987 890 3054 antiquum
902 2987 1080 3050 agnoscimus.
1097 2985 1298 3038 Francisoanum
1311 2987 1406 3038 etenim

449 3111 507 3150 sese
525 3097 614 3160 prodit
640 3095 775 3148 collatione
804 3093 905 3156 xxiii,
925 3093 990 3146 dum
1009 3093 1098 3146 iaudat
1114 3093 1241 3146 soleclum
1258 3089 1405 3144 Antonium

449 3201 480 3256 de
500 3201 599 3256 Ordine
618 3203 751 3258 Fratrum
767 3199 922 3264 lituorum,
944 3205 968 3250 at
987 3199 1123 3252 collatione
1139 3197 1245 3260 ultima,
1258 3197 1322 3250 dum
1334 3197 1404 3248 iilam

449 3309 486 3360 sic
504 3307 617 3362 claudit:
644 3309 729 3360 Verus
749 3319 813 3368 ergo
831 3305 945 3356 imitator
961 3305 1032 3356 beati
1052 3303 1119 3356 Petri
1137 3303 1186 3354 luit
1211 3301 1305 3354 beatus
1327 3303 1404 3354 Fran·

446 3415 531 3468 ciscus
542 3383 581 3468 in
594 3413 748 3482 praedictis,
767 3417 793 3464 at
812 3413 893 3476 ipsius
913 3409 1010 3464 debent
1028 3425 1086 3462 esse
1111 3409 1254 3462 imitatores
1271 3411 1404 3472 professo-

446 3535 489 3574 res
507 3533 571 3574 suae
589 3533 680 3584 sacrae
697 3517 828 3584 religionis
848 3517 874 3568 in
893 3515 1003 3570 eisdem.
1031 3515 1082 3568 Sed
1109 3515 1228 3582 nunquid
1256 3515 1403 3566 censendus

446 3627 590 3680 earundem
619 3631 708 3678 auctor
736 3625 777 3676 Fr.
802 3623 946 3674 Alexander
964 3621 999 3674 ab
1017 3621 1193 3674 Alexandria?
1212 3619 1316 3672 Minime
1342 3635 1403 3686 geu-

444 3733 523 3800 tium,
543 3733 605 3798 qula
625 3729 738 3786 Poetilio
755 3743 836 3798 super
856 3727 1035 3796 aucupatum
1063 3727 1091 3782 S.
1120 3725 1230 3780 loannis
1257 3723 1362 3794 serapia
1384 3739 1402 3780 n

343 3875 344 3878 =
443 3839 493 3894 Fr.
511 3837 670 3892 Aleaaudro
689 3835 720 3890 da
740 3833 909 3890 Aleuuudria
930 3833 995 3890 Ord.
1013 3835 1066 3890 FF.
1086 3833 1227 3890 Minaeum
1245 3831 1315 3884 aliud
1328 3847 1402 3898 prae·

443 3947 492 3998 tert
509 3945 612 3998 initium
630 3945 659 3996 in
677 3949 780 3998 retrusio
808 3941 981 3994 membraneo
999 3941 1091 3994 codice
1110 3939 1283 3992 bibliothecae
1302 3939 1401 3992 Patavi·

442 4067 492 4106 nae
511 4053 537 4104 S.
557 4051 659 4104 Antonii
687 4035 815 4102 hiinornm
841 4047 1072 4112 Convanlualium,
1101 4045 1239 4100 videlieet:
1266 4045 1401 4114 Prologus

440 4159 469 4214 S.
489 4157 648 4230 Hieronymi
660 4155 813 4228 presentat
829 4163 878 4210 etc.
897 4155 946 4208 ilio
965 4157 1003 4210 est
1022 4157 1134 4208 loaums
1160 4151 1332 4222 Eaaupelisla
1352 4159 1399 4208 etc.

441 4267 505 4334 Quis
524 4281 587 4332 ergo
607 4267 693 4320 ultrast
713 4265 874 4320 Crediderim
894 4263 984 4328 polius
1001 4265 1124 4316 ioannem
1143 4261 1307 4314 Guallensem
1325 4259 1399 4314 Ordi-

440 4373 481 4428 nis
499 4373 641 4440 itinerum,
662 4387 723 4426 cum
741 4373 807 4424 inter
824 4371 882 4424 einis
901 4383 982 4436 opera
1001 4369 1172 4434 Waddingus
1188 4367 1224 4420 ad
1235 4367 1315 4420 tidem
1330 4365 1400 4418 codi-

335 4549 339 4556 .
440 4481 478 4534 cis
495 4479 665 4532 hracneiiiani
684 4479 718 4532 de
744 4475 814 4532 Urbe
842 4483 975 4530 recenseat
992 4473 1134 4532 Postillam
1162 4473 1190 4532 iu
1218 4473 1398 4542 Euangelium

381 4625 382 4628 κ
440 4587 550 4642 loannis
566 4587 748 4652 incipientem:
768 4581 899 4664 Numquid
917 4583 953 4638 ad
967 4585 1124 4652 preceptum
1148 4585 1228 4636 tuum
1251 4579 1399 4636 alauobilur

439 4693 555 4766 equulo?
572 4697 682 4748 Nostrae
699 4691 760 4744 huic
779 4669 895 4758 opinioni
917 4691 1074 4768 suffragatur
1093 4687 1257 4754 allegata·
1276 4687 1401 4742 Sbaralea

438 4800 573 4868 inquiens:
593 4797 732 4868 depositio
751 4795 780 4850 in
798 4799 927 4852 leontiam
945 4799 970 4852 al
983 4793 1144 4850 ballationes
1163 4793 1189 4848 in
1210 4793 1322 4848 eundem
1334 4799 1401 4850 suut

437 4903 547 4960 Fratris
564 4903 675 4960 loauvais
694 4901 858 4958 Guallensi.
875 4903 912 4954 De
931 4903 982 4954 hoa
1001 4901 1128 4966 scriptore
1142 4901 1263 4952 nonnulla
1284 4899 1398 4952 diximus

437 5013 489 5066 alio
507 5011 533 5064 in
551 5011 621 5078 loco;
641 5009 738 5076 quibus
758 5009 815 5060 heic
828 5007 978 5072 adicimus,
996 5007 1110 5060 eundem
1130 5005 1226 5060 saeculi
1238 5007 1398 5060 iiiiiaueto·

437 5131 495 5170 rem
514 5115 666 5170 habendum
676 5129 733 5168 esse
746 5115 825 5168 etiam
839 5129 869 5168 ax
882 5127 927 5176 eo,
941 5115 1023 5182 qnod,
1042 5111 1194 5178 Waddingo
1208 5117 1357 5174 attestante,
1370 5111 1398 5162 in

437 5211 543 5290 publica
560 5223 699 5276 broniensi
727 5221 850 5276 cathedra
876 5221 1049 5286 praecesserit
1067 5221 1107 5272 Fr.
1132 5221 1263 5272 Thomam
1288 5219 1398 5270 bachin-

437 5345 517 5396 gum,
536 5329 651 5396 Anglum
669 5327 827 5392 Minoritam,
846 5327 891 5394 qui
910 5339 978 5380 anno
997 5325 1133 5380 hiCCLXX
1154 5325 1283 5378 claruit».

508 5439 628 5492 Attamen
648 5451 699 5490 non
718 5435 822 5490 videtur
841 5447 899 5486 esse
916 5435 1023 5486 omnino
1045 5437 1159 5496 certum,
1178 5433 1299 5486 ioannem
1319 5433 1397 5486 Gnat-

437 5545 535 5598 lensem
548 5557 606 5598 esse
618 5545 696 5598 huius
709 5543 828 5608 opusculi
846 5547 872 5594 et
884 5555 975 5594 earum
989 5539 1173 5602 collationum,
1187 5537 1331 5606 dequibus
1343 5539 1396 5604 agi·

435 5663 495 5704 mus
522 5651 547 5702 in
566 5665 621 5718 sen.
641 5651 657 5718 g
674 5651 704 5718 6,
723 5655 869 5712 auctorem,
890 5649 952 5714 quia
971 5649 1006 5702 de
1025 5651 1076 5708 troc
1094 5647 1221 5700 dissident
1233 5645 1395 5700 codicesan-

434 5757 516 5824 tiqui,
534 5771 602 5824 quos
619 5759 662 5810 hic
680 5759 714 5810 de
731 5761 844 5822 auoque
862 5758 990 5822 opusculo
1008 5755 1145 5822 loquentes
1162 5753 1308 5808 referimus.

508 5865 531 5916 i.
559 5861 681 5926 Patauii,
714 5861 871 5914 bibliotheca
899 5861 1043 5915 antoniana
1078 5863 1152 5914 Senis.
1185 5861 1243 5912 XV.
1273 5861 1301 5914 N.
1331 5861 1392 5914 326.

435 5969 561 6044 membr.
573 5983 642 6022 saec.
660 5969 728 6020 xlv.
746 5967 855 6020 Postilla
873 5969 900 6020 et
917 5963 1078 6020 ballationes
1097 5965 1125 6020 in
1144 5967 1249 6032 Euanp.
1274 5965 1393 6020 leonatis.

437 6073 530 6140 incip:
553 6071 684 6142 Numquid
695 6071 731 6128 ud
740 6075 898 6142 preceptum
910 6073 988 6128 tuutu
1008 6071 1154 6126 eluctabitur
1172 6071 1304 6140 Antulla...
1327 6071 1395 6126 Cum

435 6179 505 6236 inter
524 6185 644 6248 quattuor
660 6179 825 6234 animalia...
846 6179 928 6232 Finis:
953 6179 1121 6250 professores
1145 6191 1195 6232 sue
1220 6179 1313 6232 sancte
1330 6179 1394 6232 rali-

435 6285 523 6356 uiauis
541 6285 571 6340 iu
588 6285 695 6342 eisdem.
712 6313 748 6328 ··-
766 6287 898 6352 opuscula
916 6287 981 6340 haec
994 6291 1055 6338 sunt
1067 6299 1212 6350 anonyma,
1225 6283 1272 6338 sed
1289 6283 1326 6338 ab
1337 6285 1394 6338 cdi-

435 6397 491 6444 tore
519 6395 632 6458 catalogi
656 6391 766 6458 (Patavii
794 6393 804 6446 i
812 6391 879 6468 886)
898 6391 1076 6446 attribuuntur
1100 6391 1188 6446 ioanni
1207 6389 1337 6446 Guallensi
1356 6389 1392 6444 ob

433 6487 588 6562 argumenta
607 6513 622 6550 a
641 6501 669 6552 P.
687 6499 782 6552 bonelli
801 6501 886 6552 allata.

507 6607 529 6656 2.
549 6605 655 6660 Rhamis
668 6597 701 6656 'in
719 6605 814 6680 Gallia,
841 6605 999 6660 bibliotheca
1026 6605 1144 6672 publica,
1163 6605 1223 6660 end.
1244 6607 1273 6658 B.
1298 6605 1389 6660 its-tt.

332 6699 334 6702 ¹
434 6699 545 6764 membr.
566 6713 591 6764 in
611 6713 654 6764 tol.
676 6725 744 6766 saec.
763 6713 830 6766 xlv.
848 6713 969 6768 ineuntis.
989 6713 1044 6768 Sub
1058 6713 1131 6766 titulo
1149 6713 1191 6766 toi.
1211 6715 1237 6766 i.
1254 6727 1274 6766 r.
1294 6715 1342 6768 col.
1363 6715 1390 6768 i:

352 6867 353 6872 ,
435 6815 570 6886 incipiunt
587 6815 747 6872 Colluliones
765 6817 831 6872 adita
848 6833 868 6872 o
885 6819 1017 6890 magistro
1037 6819 1155 6874 iohanne
1176 6817 1300 6876 Galleusa
1322 6819 1391 6874 ordi-

434 6923 476 6978 nis
494 6923 617 6992 botrum
634 6923 772 6980 minorum
790 6939 873 6992 stipa·
891 6923 1054 6992 lobaunem,
1071 6925 1197 6994 primurm
1223 6923 1388 6994 capitulum,

435 7027 549 7084 Collatia
564 7029 666 7100 prima.
687 7023 717 7086 lu
731 7029 870 7100 priuapla
887 7037 948 7088 arat
971 7031 1092 7088 uerbum.
1111 7031 1257 7102 Subposita
1281 7031 1392 7088 litterali

1479 867 1645 936 repositione
1663 881 1698 922 ea
1723 869 1799 926 dictis
1824 871 1899 926 obeo
1917 873 2037 928 litteram
2054 883 2102 930 ete.
2129 879 2196 932 Sunt
2219 881 2253 930 90
2277 879 2439 946 collationes,

1479 987 1547 1040 quae
1565 975 1646 1028 tinem
1664 977 1764 1030 habent
1781 979 1824 1032 sol.
1845 979 1885 1030 lb.
1904 995 1925 1032 r.
1945 981 1993 1034 col.
2013 983 2037 1034 2.
2056 983 2096 1036 his
2114 981 2218 1036 verbis:
2236 983 2266 1038 in
2284 983 2382 1052 qulbus
2399 989 2439 1040 ast

1474 1079 1586 1148 pandus
1603 1083 1795 1150 mysteriorum
1808 1097 1956 1154 mpetum,
1975 1089 2008 1140 ut
2018 1085 2143 1142 similiter
2150 1091 2227 1156 patet
2243 1089 2435 1146 aetesielerauli.

1477 1211 1513 1226 ··-
1531 1187 1608 1238 Deest
1626 1187 1707 1250 igitur
1724 1187 1750 1238 in
1770 1191 1821 1242 hoc
1838 1191 1928 1244 codice
1949 1193 2005 1256 ipse
2023 1191 2241 1248 Commentarius.

1548 1295 1575 1346 3.
1596 1293 1779 1362 Vindobonae,
1807 1295 1964 1350 bibliotheca
1988 1299 2115 1366 Palatina,
2139 1301 2198 1354 cod.
2224 1301 2302 1354 thas.
2321 1301 2434 1356 membr.

1477 1401 1503 1452 in
1522 1399 1565 1452 iol.
1585 1413 1653 1454 saec.
1672 1401 1739 1454 XiV.
1752 1403 1823 1456 Folio
1841 1403 1866 1456 i.
1888 1419 1907 1456 r.
1922 1403 1950 1454 in
1967 1403 2102 1470 superiore
2116 1411 2203 1472 parta:
2221 1405 2335 1462 Postilla
2352 1421 2436 1476 super

1476 1505 1632 1560 iohannem.
1651 1507 1772 1562 interius:
1796 1507 1929 1578 Numquid
1952 1509 1988 1562 nel
2011 1481 2169 1580 precept-um
2197 1517 2274 1566 tunm
2292 1519 2341 1566 ete.
2366 1513 2436 1566 besi-

1474 1613 1512 1665 nit
1531 1613 1575 1664 lol.
1594 1613 1646 1664 i3e
1664 1627 1687 1666 r.
1706 1615 1755 1668 eoi.
1773 1619 1797 1670 2.
1820 1615 1885 1670 Hinc
1910 1617 1998 1670 statim
2023 1625 2169 1684 sequuntur
2198 1619 2347 1674 collationes
2366 1621 2436 1674 eius-

1475 1719 1551 1784 dem,
1571 1721 1604 1772 ad
1633 1735 1746 1788 quarum
1765 1723 1843 1776 linem
1871 1723 1977 1788 legitur,
2006 1721 2039 1776 ab
2059 1725 2107 1776 alia
2135 1739 2213 1778 manu
2237 1727 2356 1780 ciusdem
2376 1729 2436 1780 aevi

1474 1825 1566 1890 parvis
1583 1827 1672 1880 litteris
1691 1835 1839 1880 exaratum:
1856 1829 1955 1882 Petrus
1972 1827 2006 1882 de
2024 1827 2107 1884 Sena
2126 1845 2208 1898 super
2227 1831 2383 1886 lolmnuem.

1543 1933 1641 1986 Petrus
1663 1931 1695 1986 de
1721 1933 1805 1988 Saule
1832 1933 1894 1988 Ord.
1919 1935 2035 1988 Praedic.
2063 1937 2142 2002 episc.
2171 1937 2340 2006 Veronensis,
2369 1945 2433 1992 teste

1474 2037 1596 2102 Eehard,
1625 2031 1776 2106 sorabtoras
1807 2037 1872 2092 Ord.
1898 2039 2010 2106 Praed,
2030 2047 2148 2096 mortuus
2168 2047 2205 2096 est
2227 2045 2304 2096 libb.
2323 2045 2433 2110 Scripsit

1472 2143 1602 2198 Postillain
1628 2159 1707 2210 super
1734 2147 1902 2212 Matthacum,
1933 2147 2007 2200 cuius
2034 2147 2106 2202 initio
2134 2151 2307 2216 praemittitur
2334 2153 2431 2216 dtrpiex

1469 2249 1648 2318 principium,
1670 2267 1784 2318 quorum
1804 2253 1876 2306 alteri
1893 2255 2008 2306 eundem
2026 2255 2114 2310 iocrim
2133 2257 2280 2322 Scripturas
2300 2257 2430 2324 praefixit,

1472 2369 1553 2424 quiem
1572 2355 1650 2408 habet
1668 2357 1731 2410 iliud
1751 2357 1931 2426 Principium,
1953 2359 1987 2412 dc
2006 2373 2059 2426 quo
2072 2375 2151 2426 supra
2166 2361 2182 2426 S
2195 2363 2220 2414 2.
2234 2363 2312 2414 locuti
2324 2377 2430 2426 sumus,

1472 2463 1525 2516 scii.
1538 2463 1620 2528 Apoc.
1640 2465 1688 2516 bb:
1708 2463 1829 2534 Ostendit
1839 2463 1908 2520 utili
1919 2465 2034 2534 dualem
2048 2465 2253 2536 aquaevivae...
2268 2469 2321 2522 Sed
2333 2469 2430 2522 deinde

1472 2569 1590 2636 sequitur
1607 2569 1656 2622 alia
1676 2571 1811 2636 expositio.
1829 2599 1866 2612 -
1883 2571 1964 2624 Etiam
1986 2571 2070 2624 Sixtus
2090 2573 2211 2626 Senensis
2233 2573 2263 2640 (i.
2282 2587 2343 2638 pag.
2365 2573 2429 2642 iss,

1471 2675 1513 2726 ed.
1526 2675 1634 2738 Neapoli
1647 2673 1728 2744 tila)
1743 2675 1804 2728 huie
1816 2677 1890 2736 Petro
1904 2675 2021 2730 atuibuit
2033 2677 2103 2730 iiiam
2117 2679 2246 2732 Postiiiam
2259 2679 2286 2730 in
2299 2681 2429 2732 ioannem.

1470 2781 1581 2846 Princip.
1601 2781 1734 2852 Numquid
1745 2783 1781 2838 ad
1789 2787 1963 2852 praeceptum
1977 2787 2055 2864 tuum
2066 2783 2214 2840 elevabitur
2225 2783 2333 2854 aquila,
2347 2801 2427 2852 quam

1469 2903 1499 2940 se
1516 2887 1615 2942 vidisse
1627 2893 1735 2942 testatur
1756 2909 1769 2936 (ι
1783 2905 1863 2944 manu
1881 2891 2042 2956 descriptam
2061 2891 2085 2944 in
2099 2891 2258 2946 membranis
2277 2893 2382 2946 Genitae
2401 2893 2426 2946 in
2519 2875 2520 2880 ἵ

1469 2991 1626 3046 bibliotheca
1644 2993 1822 3048 itinerilarum
1841 2993 2043 3048 Observandum
2056 3015 2081 3050 a.

1540 3097 1607 3152 Cum
1626 3101 1704 3164 igitur
1723 3101 1826 3154 codices
1839 3101 1890 3154 sibi
1909 3101 1977 3154 circa
1993 3107 2126 3156 auctorem
2138 3103 2328 3170 contradicant,
2348 3117 2427 3170 quae-

1469 3207 1577 3260 stionem
1597 3207 1767 3274 relinquimus
1781 3207 1961 3272 iniudicatam,
1977 3209 2036 3260 lieet
2054 3209 2214 3272 probabilior
2228 3209 2304 3262 nobis
2321 3223 2378 3262 esse
2389 3209 2426 3260 vi·

1468 3317 1560 3368 deatin
1577 3315 1680 3382 opinio,
1697 3329 1767 3384 quiae
1787 3317 1961 3386 tavetioanni
1981 3317 2118 3370 Guallensi.

1538 3419 1597 3488 §tn
1616 3419 1649 3474 be
1669 3413 1856 3476 Collatioaibus
1873 3419 1902 3476 iu
1921 3421 2047 3476 Ioannem.

1538 3527 1641 3592 lnciplt:
1663 3529 1693 3580 iu
1710 3527 1843 3596 principio
1856 3507 1917 3584 erat
1938 3527 2060 3584 Verbum.
2075 3529 2223 3600 Subposita
2241 3529 2368 3584 lutuinoli
2378 3545 2424 3586 aaa·

1462 3631 1603 3704 positione.
1701 3671 1703 3676 -

1536 3741 1590 3794 Hae
1618 3741 1767 3794 collationes
1786 3743 1809 3794 in
1838 3743 2024 3796 aiveinana
2050 3743 2202 3796 immediate
2225 3750 2285 3808 post
2301 3743 2421 3810 spurium

1466 3847 1687 3902 Commentarium
1705 3855 1862 3916 sequimur,
1874 3863 1906 3902 ex
1924 3851 2017 3902 eodem
2036 3851 2127 3904 codice
2143 3851 2311 3916 descriptum.
2326 3851 2421 3904 Omnes

1466 3955 1633 4018 confitentur,
1653 3957 1767 4014 eliadam
1790 3971 1848 4010 esse
1864 3957 2001 4024 utriusque
2026 3963 2173 4024 auctorem,
2192 3957 2235 4010 cui
2253 3957 2369 4022 opinioni
2389 3959 2421 4010 ta·

1465 4065 1527 4112 vent
1546 4059 1623 4112 etiam
1652 4061 1755 4114 codices
1774 4061 1960 4128 moderabit,
1979 4061 2039 4128 qui,
2057 4067 2166 4128 excepto
2184 4077 2212 4114 n.
2231 4063 2260 4126 2,
2281 4067 2421 4128 utrumque

1463 4181 1532 4232 opus
1550 4165 1717 4230 coniungunt.
1736 4167 1811 4220 Unde
1831 4163 1991 4232 probabilius
2010 4165 2192 4220 attribuendae
2210 4171 2271 4220 sunt
2287 4159 2420 4232 praedicto

1464 4271 1550 4324 ioanni
1574 4271 1712 4324 Guallensi.
1736 4271 1860 4324 Diversae
1878 4269 1914 4324 ab
1931 4271 1973 4324 his
1991 4277 2050 4324 sant
2070 4273 2198 4338 germinae
2222 4275 2420 4326 bonaventurae

1464 4377 1611 4430 collationes
1628 4377 1656 4430 in
1682 4379 1818 4442 ioannem,
1843 4393 1857 4430 a
1876 4379 1905 4432 P.
1921 4379 2008 4434 Fidele
2027 4379 2140 4432 aFanna
2159 4379 2244 4446 primo
2258 4381 2377 4432 inventae
2396 4385 2421 4432 et

1463 4487 1512 4538 boc
1532 4489 1602 4538 tomo
1621 4485 1779 4552 impressae,
1797 4499 1866 4554 quiae
1885 4487 1919 4538 ita
1938 4487 2050 4538 indolem
2070 4487 2201 4552 seraphici
2219 4487 2337 4540 bnatoris
2354 4489 2418 4540 rel-

1462 4595 1537 4654 runt,
1556 4595 1586 4644 ut
1604 4591 1636 4644 de
1655 4605 1719 4646 vero
1736 4597 1845 4646 auctore
1861 4607 1914 4646 non
1932 4591 2016 4656 possit
2033 4591 2160 4658 dubitari,
2178 4593 2280 4646 etiamsi
2297 4593 2420 4646 deessent

1463 4697 1611 4750 authentica
1629 4697 1785 4750 testimonia.

1533 4803 1602 4856 Haec
1619 4809 1680 4856 sunt
1697 4817 1779 4870 opera
1796 4805 1822 4856 in
1841 4803 1882 4858 ad.
1897 4805 2020 4858 Vaticana
2039 4805 2166 4872 impressa
2179 4793 2418 4858 et'bonaventurae

1462 4909 1570 4974 tributa,
1589 4925 1658 4978 quae
1675 4911 1711 4964 ob
1729 4911 1947 4976 gravissimorum
1971 4917 2187 4976 argumentorum
2212 4911 2339 4964 rationem
2358 4925 2418 4964 cen·

1461 5031 1550 5070 semus
1568 5017 1742 5082 expungenda
1763 5031 1792 5070 ex
1820 5017 1938 5082 catalogo
1959 5015 2077 5070 eiusdem
2101 5031 2221 5082 operum.
2241 5017 2417 5070 Transeamus

1460 5135 1531 5174 nune
1548 5123 1584 5176 ed
1605 5123 1777 5176 examinanda
1794 5137 1825 5174 aa
1850 5135 1931 5188 opera
1951 5121 2098 5186 exegetica,
2123 5135 2192 5190 quac
2215 5123 2241 5174 P.
2262 5123 2416 5174 Benedictus

1460 5225 1556 5278 bornelli
1576 5225 1601 5278 in
1619 5239 1668 5278 sno
1687 5225 1878 5296 supplemento
1898 5227 2094 5280 bonarenturae
2112 5225 2227 5280 attribuit
2240 5231 2267 5280 et
2280 5227 2349 5294 typis
2369 5231 2417 5278 tra-

1461 5333 1536 5386 didit.
1553 5329 1707 5396 Inviti,'sed
1729 5335 1839 5388 veritate
1856 5339 1980 5400 cogente,
2007 5335 2156 5390 accedimus
2181 5333 2415 5400 adprobandum,

1460 5439 1597 5504 egregium
1610 5443 1680 5494 hunc
1700 5441 1800 5504 virum,
1820 5441 1861 5496 cui
1881 5441 2031 5494 deiecerunt
2049 5441 2162 5504 plurima
2178 5441 2334 5492 documenta
2347 5453 2415 5492 nunc

1460 5545 1485 5598 in
1504 5543 1638 5612 publicam
1656 5547 1741 5600 iucem
1762 5547 1905 5612 producta,
1924 5547 1950 5600 in
1968 5547 2010 5600 his
2027 5545 2226 5600 Commentariis
2249 5543 2416 5598 recensendis

1459 5665 1510 5704 non
1529 5651 1651 5704 habuisse
1669 5651 1767 5706 laboris
1778 5665 1937 5716 prosperum
1954 5665 2120 5714 sarcasmum,
2133 5651 2182 5704 nisi
2195 5651 2219 5702 in
2232 5651 2287 5704 solo
2301 5651 2415 5714 genuino

1458 5759 1599 5824 Evangelio
1617 5761 1719 5812 ioannis
1737 5759 1853 5822 edenda,
1874 5759 1899 5812 in
1911 5759 2004 5812 ceteris
2015 5773 2082 5822 vern
2093 5759 2266 5814 diiudicandis
2279 5757 2414 5810 deiecisse.

1529 5865 1544 5930 S
1562 5865 1587 5918 7.
1604 5863 1640 5918 be
1657 5863 1824 5936 Expositum:
1841 5863 1872 5918 in
1890 5863 2025 5920 Canticum
2045 5861 2217 5918 baalitarum.

1528 5969 1637 6034 incipit:
1655 5971 1688 6022 lu
1706 5969 1814 6038 speculo
1839 5969 1914 6026 breui
1937 5973 1962 6024 et
1988 5973 2080 6040 aperto
2109 5967 2232 6024 centuni
2242 5949 2244 5952 ¹
2257 5965 2415 6020 uolantibus.

1459 6073 1602 6130 Osculetur
1621 6089 1672 6128 vua.

1526 6181 1575 6236 iiic
1598 6179 1809 6236 Commentarius
1832 6183 1918 6248 primo
1937 6181 2022 6234 editus
2048 6187 2085 6236 est
2111 6197 2126 6234 a
2150 6179 2289 6234 benedicto
2316 6179 2414 6232 bonelli

1457 6287 1605 6356 (Suppiem.
1618 6291 1635 6340 i.
1649 6289 1699 6342 col.
1715 6289 1824 6354 dvi-ast,
1842 6289 1888 6356 qui
1907 6287 1943 6340 ibi
1962 6287 1990 6338 in
2007 6287 2123 6352 praefixa
2140 6287 2323 6340 admonitione
2342 6293 2368 6340 et
2384 6287 2414 6338 in

1456 6395 1599 6446 Prodromo
1619 6391 1679 6460 (col.
1706 6393 1769 6460 729)
1795 6407 1856 6446 enm
1882 6395 1908 6446 S.
1933 6393 2130 6446 bonaventurae
2154 6391 2287 6446 vindicare
2311 6389 2409 6444 nititur.

1454 6501 1569 6554 Primam
1587 6513 1637 6566 pro
1655 6515 1704 6554 sua
1727 6499 1866 6554 sententia·
1879 6499 2007 6552 rationem
2032 6499 2118 6554 haurit
2139 6511 2171 6552 cx
2194 6497 2356 6564 argumentis
2373 6497 2413 6548 in-

1455 6583 1587 6672 trinsecis,
1616 6605 1710 6662 scilicet
1737 6607 1810 6674 quod
1836 6611 1928 6660 auctor
1945 6605 1979 6658 sit
2004 6605 2094 6674 italus,
2114 6605 2146 6658 sit
2174 6607 2251 6658 trater
2269 6605 2361 6670 Minor,
2379 6601 2412 6655 sit

1455 6715 1482 6768 S.
1501 6715 1691 6768 bonaventura.
1708 6715 1758 6768 Pro
1776 6725 1851 6766 more
1870 6727 1917 6766 suo
1937 6713 1962 6764 in
1982 6713 2049 6764 notis
2072 6713 2199 6776 opusculo
2225 6707 2332 6764 adiectis
2356 6707 2413 6770 dili-¹

1455 6821 1607 6886 gentissime
1625 6819 1761 6886 probavit,
1781 6821 1862 6872 mulia
1879 6821 1906 6872 in
1926 6821 1983 6886 ipso
2001 6819 2141 6872 ronvemre
2159 6831 2221 6870 cum
2246 6815 2350 6880 seriptis
2372 6827 2413 6866 se·

1454 6927 1556 6994 raphici
1573 6929 1704 6994 boctoris,
1724 6941 1793 6996 quae
1810 6925 1844 6980 ab
1862 6929 1921 6992 ipso
1938 6925 2052 6980 iudicata
2070 6929 2130 6978 sunt
2143 6937 2200 6978 essa
2213 6923 2296 6978 certa.
2312 6947 2346 6960 -
2360 6921 2411 6974 Sed

1456 7033 1521 7102 quid
1541 7035 1683 7088 sentiamus
1700 7035 1735 7088 dc
1753 7035 1796 7088 tali
1814 7033 1995 7096 conclusione,
2012 7031 2065 7084 iam
2084 7043 2166 7096 surpra
2184 7027 2210 7098 (S
2230 7027 2265 7096 2.)
2290 7025 2412 7082 diximus
