5900 8266
1023 479 1279 546 COLLthONES
1303 479 1340 548 IN
1363 473 1529 548 thNNEll
1553 479 1658 546 COLL.
1686 477 1809 544 LXXlX.

428 657 621 724 inedituntec
643 655 679 722 ad
698 655 960 732 admirandum,
982 655 1154 720 sentientes
1176 655 1215 722 ad
1236 657 1387 742 ponden-

428 763 529 840 dnna,
545 769 736 828 reuertentes
754 759 819 826 sive
835 759 1048 844 praedicantes
1061 759 1099 832 ad
1115 759 1260 838 tondent.
1277 797 1319 808 -
1335 761 1388 826 Vi-

331 881 410 928 mmo.
428 865 606 952 deturergo
618 863 1062 932 admirabilisaccedentibus
1074 863 1386 946 permeditationem;

428 973 513 1058 quod
536 973 708 1058 figuratmn
730 977 778 1036 est
801 969 888 1036 tertii
908 969 1028 1054 Regum
1050 967 1171 1034 decimo
1186 971 1216 1032 ¹:
1239 993 1256 1028 «
1272 969 1388 1036 Videns

428 1075 536 1162 regina
559 1077 640 1144 Saba
659 1093 783 1142 omnem
803 1075 987 1160 sapientiam
1004 1073 1176 1140 Salomonis
1193 1081 1222 1138 ιι
1238 1073 1386 1150 domum,

427 1201 522 1268 qnam
539 1183 781 1260 aedificaverat,
806 1187 837 1246 et
860 1181 948 1246 cibos
969 1195 1095 1246 mensae
1119 1177 1188 1246 eius
1210 1183 1241 1244 et
1265 1177 1388 1244 habita-

2344 477 2403 544 det

1451 675 1489 724 ne
1513 655 1689 744 diffidunt,-
1711 653 1797 740 quod
1820 653 1992 736 figuratum
2022 659 2070 718 est
2100 653 2228 720 Genesis
2258 653 2408 738 vigesimo

1451 763 1610 842 octauol,
1629 761 1684 828 nbi
1707 759 1784 828 uidit
1808 759 1896 826 iacob
1922 759 2035 826 scalam
2067 765 2098 826 et
2129 759 2298 826 Dominum
2327 759 2407 826 inni-

1451 881 1532 932 xum
1562 865 1662 932 scolae
1691 871 1721 932 et
1744 863 1896 930 dicentem
1921 861 2001 930 sibi:
2029 863 2124 946 «Ego
2154 879 2226 928 sum
2258 863 2409 930 Dominus

1450 971 1534 1038 Deus
1559 973 1730 1050 Abraham,
1754 969 1853 1054 patris
1877 969 1941 1048 tui,
1955 977 1988 1036 et
2005 969 2206 1048 Deus·lsaac;
2233 975 2362 1048 terram,
2376 967 2408 1034 in

1451 1093 1514 1158 qua
1534 1075 1681 1156 ,dormis
1709 1075 1789 1142 dabo
1820 1075 1877 1142 tibi
1899 1083 1932 1142 et
1954 1073 2065 1142 semini
2088 1081 2143 1140 tuo
2159 1101 2190 1138 ».
2220 1073 2304 1142 Vidit
2325 1073 2406 1140 enim

1451 1197 1523 1246 eum
1547 1189 1583 1246 nt
1605 1189 1876 1266 supportantent,
1899 1199 1939 1250 ne
1961 1181 2081 1246 dillidat
2105 1199 2145 1248 ιιι
2171 1181 2316 1266 proprio
2348 1181 2408 1246 int-

427 1291 495 1356 cula
522 1305 686 1356 seruorum
711 1287 786 1354 eius.
803 1295 834 1354 et
856 1285 983 1354 ordines
1007 1285 1268 1362 ministrantium,
1284 1289 1388 1350 uestes
1446 1285 1664 1370 possibilitate
1676 1311 1689 1366 ‚·
1711 1287 1796 1372 quod
1818 1289 1991 1374 figuratum
2014 1293 2063 1354 est
2083 1287 2117 1354 in
2139 1289 2217 1368 hoc,
2243 1287 2324 1372 quuod
2341 1293 2409 1354 erat

428 1411 555 1480 quoqne
587 1411 697 1458 eorum
727 1399 808 1472 etc.;
836 1411 899 1460 non
923 1393 1059 1460 habehat
1082 1391 1167 1456 ultra
1191 1387 1337 1474 spiritum
1355 1413 1386 1468 »;

426 1507 459 1566 ιι
479 1499 642 1584 sequitur,
666 1499 825 1584 quomodo
845 1497 949 1564 uiuit:
974 1523 992 1556 <t
1009 1497 1089 1564 Vera
1113 1501 1158 1564 est
1176 1495 1273 1574 lama,
1291 1513 1386 1580 qulam

426 1603 530 1672 audiui
548 1603 593 1670 'de
617 1609 648 1672 te
662 1631 679 1664 u
708 1611 784 1684 etc.;
803 1603 856 1672 ubi
875 1603 1070 1690 significatur
1091 1621 1149 1688 per
1165 1621 1308 1686 reputem
1325 1599 1386 1666 Su-

428 1711 567 1776 tornonis
596 1711 697 1796 gloria
718 1711 833 1780 Christi
858 1711 1035 1796 regnantis3
1060 1735 1074 1768 «
1088 1709 1161 1792 plns
1184 1707 1265 1774 enim
1280 1725 1387 1794 *quam

303 1833 408 1878 secunao.
428 1817 572 1884 Salomon
595 1819 648 1884 hic
662 1845 695 1884 >›.
718 1857 763 1868 --
785 1819 917 1884 Videtur
943 1819 1058 1884 iterum
1081 1813 1279 1882 delectabilia
1304 1831 1386 1882 com-

427 1927 625 1992 morantibus
654 1933 687 1992 et
716 1926 954 2010 experientibus
985 1941 1040 2008 per
1065 1921 1278 2000 deuotiooem;
1304 1921 1387 1988 unde

427 2030 477 2098 lob
508 2029 665 2116 trigesimo
699 2031 836 2098 tertios:
867 2057 882 2090 u
897 2027 1125 2114 Deprecabitur
1147 2027 1331 2104 Dominum,
1357 2033 1387 2092 et

425 2137 585 2220 placabilis
608 2137 636 2204 ei
659 2137 740 2218 erit,
764 2141 794 2202 et
818 2135 936 2202 uidebit
956 2133 1066 2200 faciem
1091 2133 1161 2200 eius
1186 2131 1217 2200 iu
1241 2129 1338 2198 iubilo
1355 2155 1386 2212 »3

426 2249 457 2308 et
487 2241 582 2308 Isaiae
613 2241 829 2330 sexagesimo:
860 2267 876 2300 «
892 2243 980 2308 'lunc
1010 2239 1162 2334 uidebis»
1191 2237 1386 2316 meditando,

432 2375 447 2406 (ι
462 2357 494 2416 ιι
516 2349 627 2416 aliiues
642 2373 656 2406 »
688 2347 847 2440 sentiendo
876 2375 891 2426 ς(
907 2355 939 2416 ιι
960 2347 1130 2414 mirabitur
1149 2355 1182 2414 et
1204 2345 1387 2414 dilatabitur

428 2463 594 2522 cortuum
614 2479 643 2534 »3
668 2455 853 2522 intruditur·
878 2455 1011 2534 uidens,
1035 2461 1067 2520 et
1094 2451 1294 2528 dilatabitur
1316 2439 1393 2518 sen·x

330 2573 407 2618 ueruto.
428 2561 517 2626 tiens.
542 2597 587 2610 -
609 2559 741 2628 Videtur
771 2559 888 2628 iterum
922 2559 1102 2626 denudabitis
1133 2557 1385 2636 revertentibus;

428 2671 527 2746 Lucae
552 2667 705 2746 secundo,
731 2667 805 2746 ubi,
827 2665 894 2734 uisa
916 2665 1028 2734 humili
1050 2667 1209 2742 :maiestate
1235 2665 1298 2732 nati
1329 2663 1386 2730 no-

427 2773 491 2858 gis,
513 2799 528 2832 ι(
545 2773 663 2840 reversi
686 2781 759 2838 suunt
774 2779 935 2858 pastores,
951 2771 1162 2856 glorificantes
1178 2777 1208 2838 et
1225 2769 1387 2846 laudantes

427 2881 533 2958 Deum
559 2879 588 2944 in
622 2879 784 2956 omnibus,
821 2895 901 2962 qnae
936 2879 1109 2944 audierant·
1135 2883 1167 2942 et
1195 2875 1408 2944 videraut·

428 2985 541 3069 Quodsi
567 2983 605 3050 acl
629 2983 819 3052 laudandum
841 2989 946 3052 mouet
969 2985 1035 3052 uisa
1067 2983 1386 3060 humilitasnascen-

428 3091 484 3168 tis,
509 3109 603 3176 quam
628 3105 756 3156 mouere
777 3089 870 3156 debet
893 3089 959 3156 uisa
984 3089 1083 3174 gloria
1108 3087 1288 3172 regnantis!

518 3199 568 3262 lb.
593 3195 641 3262 Sic
670 3213 745 3280 ergo
776 3193 855 3262 visio
885 3195 1055 3262 saluatoris
1077 3193 1224 3262 laetificat
1247 3199 1386 3260 contem-

301 3315 406 3372 nitoao·
424 3301 573 3388 pionica,
605 3299 681 3368 cluna
712 3307 860 3384 aspertus
889 3299 1063 3386 spiritualis
1094 3299 1212 3386 gloriae
1241 3297 1309 3365 eius
1340 3303 1386 3364 est

427 3409 488 3474 illis
510 3409 639 3474 materia
673 3407 930 3484 deminutionis
953 3407 1087 3474 materia
1111 3403 1332 3472 (delectationis
1357 3409 1386 3470 et

427 3515 558 3582 materia
580 3515 712 3592 londin·
731 3513 814 3598 quod
830 3517 931 3580 totum
947 3513 1119 3598 figuratum
1136 3511 1232 3580 estin
1249 3511 1385 3590 visione,

427 3641 519 3706 quam
546 3619 681 3688 ostendit
701 3619 855 3686 Dominus
877 3619 909 3686 in
926 3627 1031 3686 monte
1047 3619 1207 3706 discipulis
1225 3621 1309 3700 suis,
1325 3619 1386 3686 Lo-

427 3745 480 3794 cae
503 3727 629 3806 noooi,
653 3727 706 3804 ubi
734 3727 799 3792 uisa
821 3725 921 3810 gloria
943 3725 1064 3800 Domini
1096 3727 1204 3792 territi
1227 3733 1254 3794 et
1277 3733 1386 3812 stupe-

425 3831 510 3918 facti
543 3841 638 3910 stiunt,
675 3819 786 3898 deinde
819 3831 990 3910 delectati,
1022 3829 1107 3898 unde
1140 3831 1252 3898 Petrus
1284 3831 1385 3898 dixit:

432 3963 446 3994 «
462 3937 613 4018 Domine,
635 3937 754 4018 bonnm
779 3943 825 4004 est
850 3953 906 4002 nos
930 3935 982 4002 hic
1004 3953 1072 4002 esse
1089 3961 1120 4016 »3
1145 3937 1239 4004 tertio
1255 3955 1332 4014 uero
1349 3935 1386 4000 ad

423 4045 692 4130 praedicundum
721 4043 927 4124 inflammati3
958 4045 1092 4110 actuum
1121 4049 1262 4126 quarto:.
1289 4069 1303 4100 ι
1319 4041 1385 4108 Non

427 4167 595 4236 possumus
619 4167 699 4234 quae
724 4149 859 4216 uidimus
881 4155 915 4216 et
935 4149 1116 4218 audiuimus
1138 4167 1199 4216 non
1226 4147 1311 4234 loqui
1327 4175 1359 4214 ».

199 4337 200 4340 Ἴ
519 4259 567 4322 l7.
596 4257 678 4324 Visio
708 4255 825 4324 iterum
857 4255 1030 4342 spiritualis
1060 4255 1252 4322 consoletur
1277 4273 1387 4342 cnape-

284 4377 410 4422 consotuur
427 4373 552 4432 etentes
572 4371 727 4450 qnantum
750 4363 789 4430 ad
812 4369 930 4432 statum
950 4363 1221 4448 perseuerantiae,
1238 4359 1310 4430 cum
1328 4363 1386 4430 sci-

262 4435 410 4540 hillidii
425 4471 498 4540 licet
519 4471 719 4538 considerant
741 4471 876 4538 eumad
902 4489 1008 4538 servos
1032 4489 1107 4538 suos
1128 4469 1162 4536 in
1185 4471 1244 4538 hac
1259 4469 1388 4538 miseria

426 4579 602 4644 uenientem
625 4585 657 4642 et
680 4577 901 4644 consolantem.
932 4603 947 4634 «
965 4579 1028 4642 Non
1052 4595 1125 4656 uos,
1160 4577 1305 4668 inquire,
1338 4595 1387 4644 re-

427 4685 564 4770 linquam
590 4685 766 4768 orphanoS,
792 4685 870 4750 uado
893 4691 924 4750 et
948 4683 1038 4750 verrio
1053 4685 1093 4750 ad
1109 4701 1165 4750 uos
1180 4711 1212 4750 u.
1229 4685 1313 4750 Facit
1330 4703 1386 4750 au-

427 4795 488 4856 tem
513 4789 692 4856 huiusmodi
719 4789 797 4854 visio
827 4789 896 4855 eius
927 4789 1008 4862 tria:
1040 4787 1074 4854 oi
1092 4789 1169 4868 itnt,
1193 4789 1389 4864 nedoloont

426 4893 464 4960 de
487 4893 716 4978 promissorum
739 4893 907 4972 dilatione;
928 4891 1106 4978 certificet,
1122 4913 1163 4960 ne
1178 4893 1335 4982 diffidunt
1349 4895 1387 4960 de

426 4999 654 5084 promissorum
677 4999 892 5078 assecutione;
914 4999 1103 5084 praenitet,
1127 5009 1159 5086 et
1178 5001 1238 5068 hoc
1255 5001 1287 5066 in
1304 5001 1386 5080 linc,

426 5111 462 5172 nt
494 5107 667 5192 pertulerunt
700 5107 738 5172 de
770 5105 996 5190 promissorum
1031 5105 1206 5190 adeptione.
1236 5143 1278 5154 -
1301 5107 1387 5174 Visio

326 5225 407 5274 turino.
425 5213 522 5296 igitur
547 5209 720 5296 spiritualis
742 5209 911 5278 Salvatoris
932 5209 1048 5278 visitet
1075 5219 1314 5296 cooperientes,
1348 5231 1387 5280 ne

426 5317 579 5396 doleam,-
608 5317 742 5402 qualiter
775 5315 918 5382 visitatus
944 5321 991 5382 est
1014 5315 1065 5382 ille
1082 5315 1213 5382 ‘Simeon
1242 5343 1258 5374 «
1274 5335 1387 5404 exspe-

427 5431 514 5494 ctans
532 5423 778 5510 redemptionem
795 5421 888 5488 lsrael
902 5449 931 5500 u,
945 5423 1046 5488 Lucae
1058 5423 1197 5488 secundo
1209 5423 1239 5488 ⁵:
1260 5423 1386 5504 «Nunc,

425 5529 546 5616 inquit,
577 5527 726 5608 dimittiS,
756 5527 906 5608 Domine,
937 5545 1065 5594 seruum
1101 5535 1192 5596 tuum
1228 5529 1260 5596 in
1291 5547 1385 5616 pace,

426 5637 500 5722 quia
532 5635 678 5704 uiderunt
709 5635 789 5702 oculi
822 5633 883 5700 naci
915 5635 1052 5698 salutare
1084 5641 1174 5702 tuum
1192 5659 1223 5716 »;
1259 5635 1386 5704 Genesis

426 5743 588 5828 trigesimo
610 5743 770 5810 secundo:
799 5739 899 5806 «Vidi
923 5737 1092 5806 Dominum
1115 5757 1222 5806 meum
1246 5741 1386 5808 turiseo

1449 1389 1589 1456 innixus
1611 1393 1722 1458 senine
1735 1417 1746 1470 ;
1775 1393 1851 1460 item
1885 1393 1962 1462 uidit
1982 1393 2244 1480 promittentem,
2275 1413 2315 1462 ne
2351 1393 2408 1460 dil-

1451 1497 1525 1564 ndat
1550 1515 1590 1564 ex
1613 1499 1736 1564 Domini
1759 1499 1875 1566 volunt
1892 1501 1941 1568 tis
1961 1501 2163 1580 nctnotione,
2181 1501 2264 1586 qnod
2280 1507 2408 1566 notatur

1451 1603 1515 1670 ibi:
1549 1605 1705 1684 Terrena,
1731 1605 1766 1672 in
1790 1625 1860 1694 quan
1885 1607 2032 1686 dormis,
2057 1607 2140 1674 dubo
2166 1607 2233 1672 tihi.
2256 1643 2302 1654 —-
2323 1603 2409 1672 Visio
2427 1621 2505 1666 cartu.

1451 1707 1568 1774 iterum
1584 1709 1756 1794 spiritualis
1767 1711 1949 1796 precemini,
1962 1719 1999 1780 nt
2007 1715 2181 1798 ponderant
2190 1713 2230 1780 de
2241 1711 2409 1798 promisso-

1452 1831 1523 1880 rum
1550 1815 1731 1900 adeptione;
1756 1817 1851 1882 isaiae
1874 1817 2027 1884 ultimol:
2059 1819 2256 1898 «Videbitis,
2281 1825 2312 1886 et
2333 1837 2409 1904 gau-

1449 1919 1535 1986 debit
1559 1939 1615 1996 cor
1636 1927 1778 2016 uestrum
1796 1945 1826 2002 »;
1853 1923 2051 2008 apocalypsis
2072 1923 2205 1990 nichao:
2234 1951 2249 1982 «
2265 1925 2409 1992 Servient

1451 2023 1513 2104 illi,
1530 2031 1563 2092 et
1577 2025 1730 2092 videbunt
1744 2027 1854 2094 taciem
1871 2027 1938 2094 eius
1953 2035 1986 2094 et
1998 2047 2112 2096 nomen
2126 2029 2194 2098 eius
2208 2029 2240 2096 in
2252 2029 2409 2098 frontibus

1451 2149 1606 2200 eorum».
1625 2133 1733 2200 «Haec
1748 2139 1796 2200 est
1811 2135 1894 2200 enim
1921 2133 1983 2200 uita
2005 2141 2146 2216 aeterna,
2165 2143 2199 2202 ut
2222 2143 2409 2220 cognoscant

1451 2245 1483 2306 te
1494 2239 1602 2306 solum
1618 2257 1729 2306 uerum
1746 2241 1846 2306 Deum
1861 2269 1875 2300 ›>
1896 2247 1966 2320 etc,
1986 2243 2106 2308 loannis
2121 2241 2241 2308 decimo
2264 2243 2407 2326 septimo.

1546 2345 1593 2410 l8.
1619 2343 1764 2430 sicergo
1790 2345 1867 2412 visio
1893 2345 2066 2430 spiritualis
2090 2347 2265 2414 ,salvatoris
2297 2365 2409 2412 conso·
2426 2359 2562 2456 erpoino

1451 2449 1545 2522 intur
1565 2457 1788 2534 eocapeotontea
1800 2473 1811 2528 ;
1835 2451 1921 2536 quod
1942 2451 2153 2536 significatum
2177 2459 2227 2518 est
2246 2451 2280 2518 iu
2301 2469 2409 2518 rever·
2474 2425 2532 2468 Μ’

1451 2557 1539 2624 sione
1568 2557 1690 2630 Domini
1723 2549 1821 2624 nostri
1854 2561 1923 2630 lesu
1952 2557 2067 2626 Christi
2100 2567 2170 2644 post
2203 2559 2410 2626 resurrectio-

1450 2683 1523 2738 nem
1547 2663 1584 2730 ad
1608 2665 1776 2750 discipulos
1800 2683 1890 2746 suos,
1924 2665 1979 2732 ubi
2008 2665 2113 2750 primo
2144 2665 2331 2734 consolatus
2363 2675 2412 2734 est

1451 2789 1521 2838 eosw
1542 2789 1582 2838 ex
1615 2771 1757 2838 familiari
1791 2773 1839 2840 sui
1878 2773 2075 2840 ostensione:
2116 2797 2130 2830 ι
2161 2773 2268 2840 Videte
2297 2791 2411 2840 manus

1450 2897 1538 2956 meas
1568 2885 1600 2944 et
1628 2879 1725 2962 pedes
1754 2897 1860 2958 mem,
1892 2879 1968 2964 quia
1994 2897 2052 2964 ego
2075 2879 2141 2964 ipse
2159 2899 2284 2958 sum»,
2308 2881 2409 2946 Lucae

1451 2981 1563 3052 ultimo
1574 2983 1599 3050 ⁸.
1623 2983 1741 3052 Deinde
1763 2983 1958 3072 certificavit
1976 3003 2029 3054 eos
2044 2985 2082 3056 de
2099 2985 2334 3070 seripturarum
2352 2983 2410 3050 im-

1450 3091 1605 3174 pletione,
1628 3091 1757 3156 eodem:
1790 3091 1899 3158 «Haec
1925 3097 1998 3158 suot
2028 3091 2139 3170 uerba,
2172 3107 2252 3176 quae
2285 3091 2410 3158 locutus

1451 3215 1521 3264 sum
1541 3197 1592 3264 ¹ad
1622 3215 1692 3274 uos,
1726 3217 1797 3264 cum
1820 3197 1925 3264 adlunc
1946 3215 2047 3264 essem
2077 3197 2238 3264 vobiscum
2253 3223 2286 3278 »3
2309 3205 2342 3264 et
2370 3195 2409 3264 de

1449 3301 1550 3388 ipsius
1572 3301 1757 3368 reversione
1774 3303 1818 3368 od
1835 3303 2014 3382 diudicium,
2033 3305 2166 3370 ictuum
2180 3303 2304 3388 primo:
2328 3331 2344 3362 ι
2360 3303 2409 3370 Sic

1450 3407 1571 3484 ueniet,
1605 3409 1867 3492 quemadmodum
1893 3409 2014 3476 uidistis
2038 3427 2110 3476 aum
2133 3417 2259 3478 euntem
2285 3409 2315 3476 in
2342 3427 2409 3476 rae-

1449 3512 1516 3578 lum
1529 3539 1560 3576 ».
1575 3511 1689 3586 Ultimo
1697 3511 1869 3598 praenitet
1880 3531 1922 3584 ex
1932 3515 2001 3580 eius
2018 3515 2108 3580 beata
2123 3513 2241 3580 visione
2253 3515 2286 3580 in
2297 3515 2409 3598 patria,

1450 3617 1505 3684 ubi
1531 3619 1668 3684 revelata
1688 3617 1767 3684 facie
1791 3619 1904 3704 Regem
1920 3625 2054 3686 cernunt
2074 3619 2238 3704 ingloria:
2258 3647 2273 3678 α
2286 3619 2410 3688 Videbi-

1450 3741 1523 3790 mus
1539 3729 1614 3790 tunc
1629 3721 1708 3790 facie
1724 3723 1761 3790 ad
1778 3723 1887 3790 faciem
1905 3751 1935 3802 »,
1961 3725 2080 3812 primae
2102 3725 2141 3790 ad
2164 3727 2342 3794 Corinthios
2356 3725 2409 3792 de·
2506 3785 2508 3790 ,

1451 3829 1646 3900 cimotertio.
1662 3869 1704 3878 --
1717 3829 1765 3898 Sic
1779 3847 1854 3916 ergo
1865 3831 2012 3898 salutaris
2028 3835 2074 3898 est
2090 3831 2235 3898 omnihus
2250 3833 2329 3900 visio
2345 3833 2409 3906 Sal,
2427 3845 2537 3900 cotiens-

1450 3937 1587 4004 vetoris:
1604 3937 1827 4022 peccantibus,
1844 3937 1921 4004 visio
1936 3937 2139 4014 indicentis,-
2152 3937 2407 4024 poenitentibus
2447 3955 2451 3962 ·

1450 4043 1530 4110 nisio
1538 4043 1694 4128 partientis
1703 4067 1715 4120 ‚·
1723 4043 1965 4130 pnpnnntibna,
1973 4043 2051 4110 visio
2060 4043 2300 4128 tricoriaplunntis
2307 4069 2320 4122 ‚·
2330 4063 2408 4132 pro-

1449 4149 1647 4236 ficientibus
1660 4149 1737 4218 visio
1748 4151 1993 4228 conseruando,-
2011 4149 2313 4236 coratetnpinntibnn
2332 4151 2409 4218 visio

1451 4257 1644 4342 reponens,-
1661 4255 1942 4342 enspectnntibna,
1961 4255 2037 4324 visio
2056 4257 2247 4324 reuertentis
2257 4281 2268 4336 ;
2284 4257 2322 4324 de
2345 4275 2408 4342 qna

1451 4361 1570 4428 visione
1595 4363 1724 4430 salutari
1748 4361 1867 4428 dictum
1893 4367 1957 4430 est:
1988 4361 2138 4430 Vidimus
2163 4363 2349 4448 Dominum.

1808 4593 1971 4646 honorario
1988 4591 2033 4646 79.
2131 4581 2133 4586 ’

1541 4787 1627 4870 (Luc.
1655 4787 1692 4868 3,
1719 4787 1773 4870 dl.
1831 4787 1927 4854 idebit
1951 4789 2057 4854 ornetis
2075 4791 2155 4854 euro
2169 4789 2322 4856 solutore
2336 4789 2405 4882 Dei.
2434 4801 2572 4900 perpauper

1540 4895 1644 4960 Verba
1673 4893 1732 4960 ista
1764 4901 1794 4960 et
1826 4895 2013 4980 eonnpelicn
2042 4901 2117 4974 sunt
2141 4887 2169 4962 ιι
2192 4879 2406 4982 prophetico:
2420 4865 2572 4964 {fiiflssiifii

1451 4999 1658 5086 eonnpelien,
1682 4999 1758 5086 quia
1781 5001 1898 5086 scripta
1919 5007 1994 5069 sum
2027 5001 2058 5068 in
2090 4999 2274 5086 Evangelio,
2307 5005 2406 5070 Lucae
2420 4973 2454 5004 ω’

1451 5105 1564 5184 tertio;
1591 5101 1803 5190 prophetico,
1829 5105 1902 5190 quia
1925 5113 2029 5172 sumta
2051 5107 2091 5174 de
2115 5107 2209 5176 isaiae
2231 5107 2403 5194 quadrage·

1451 5211 1577 5278 simo⁰:
1606 5211 1761 5280 «Videbit
1784 5211 1886 5278 omnis
1908 5231 1981 5280 caro
2006 5215 2143 5300 pariter,
2165 5215 2252 5300 quod
2280 5233 2317 5282 os
2345 5213 2406 5282 Do·

1450 5317 1527 5384 mini
1561 5319 1704 5386 locutum
1737 5327 1785 5386 est
1804 5347 1836 5400 »;
1869 5321 1917 5388 uel
1954 5319 2213 5406 quiuquagesimo
2248 5321 2404 5390 secundo:

1457 5425 1646 5494 «Videbunt
1667 5443 1777 5494 omnes
1799 5427 1880 5494 lines
1902 5431 2007 5494 terrae
2029 5429 2166 5494 salutare
2188 5427 2241 5494 Dei
2259 5427 2356 5510 nostri
2374 5453 2403 5508 »3

1450 5531 1481 5596 in
1506 5531 1622 5618 quibus
1646 5533 1888 5618 praenuntiatur
1909 5533 2064 5600 aduentus
2086 5533 2255 5602 Salvatoris
2277 5533 2310 5600 in
2336 5551 2404 5600 car·
2423 5545 2535 5644 copppent

1450 5655 1521 5704 nean
1557 5645 1593 5704 ut
1624 5637 1765 5706 visibilis
1794 5645 1827 5706 et
1856 5647 1894 5704 nt
1922 5639 2109 5704 solutoris:
2140 5641 2296 5724 primum,
2333 5657 2403 5706 cnm
2498 5631 2505 5644 ’

1449 5743 1586 5812 dicitur:
1617 5745 1741 5812 Videbit
1764 5745 1871 5812 omnm
1895 5765 1993 5826 coro,
2018 5745 2107 5830 qnasi
2139 5745 2241 5812 dicat:
2270 5763 2332 5813 non
2356 5763 2404 5812 so-

426 5847 554 5928 iaciem,
580 5857 609 5918 et
633 5851 719 5916 salua
740 5849 822 5926 facta
845 5853 894 5914 est
914 5845 1019 5912 anima
1034 5863 1103 5922 mea
1118 5873 1150 5914 a.
1167 5885 1212 5896 -
1227 5849 1311 5926 Visio
1329 5841 1386 5924 ιιι-
1448 5851 1520 5916 ιιιιιι
1542 5851 1659 5918 videbit
1691 5853 1800 5920 oculus
1832 5851 1965 5932 mentio,
1999 5851 2051 5920 sed
2076 5851 2246 5944 apparebit
2275 5851 2404 5920 risibilis

302 5965 408 6010 Secundo·
427 5973 498 6022 rum
532 5955 705 6042 spiritualis
734 5953 904 6022 saluatoris
933 5951 1094 6038 certificet
1124 5953 1163 6018 dc
1178 5953 1383 6044 *promissis
1448 5957 1547 6042 oculis
1563 5959 1696 6036 cornia·
1712 5959 1900 6038 secundum,
1916 5977 1989 6026 cum
2006 5959 2139 6038 dicitur:
2156 5947 2313 6026 solutore
2330 5959 2402 6038 Dei,

497 6355 507 6386 ¹
530 6357 602 6410 Vens.
622 6357 681 6420 tc,
703 6363 762 6424 post
781 6373 848 6424 quuos
867 6357 985 6424 seqnitur
1001 6357 1092 6408 blatth.
1111 6355 1158 6420 li,
1179 6355 1221 6408 di.

497 6443 508 6472 2
530 6445 603 6498 Vers.
623 6449 666 6498 26,
677 6445 845 6498 —Subinde
857 6447 1003 6512 allegantur
1019 6445 1077 6498 lsai.
1089 6445 1136 6508 60,
1150 6447 1174 6498 5.
1188 6451 1214 6498 ιι
1224 6447 1286 6500 Luc¹
1301 6451 1326 6512 2,
1340 6451 1383 6502 ΞΟ.

497 6529 509 6562 ³
529 6533 603 6586 Vers.
623 6535 665 6586 33.
685 6541 711 6588 ιι
728 6535 777 6602 3ι.;
795 6537 842 6588 eir.
860 6535 940 6586 blare.
959 6535 988 6600 9,
1010 6533 1033 6586 i.
1052 6547 1108 6600 seq.
1126 6559 1161 6572 -·
1180 6533 1302 6600 Sequitur
1328 6535 1384 6590 liet.

410 6621 443 6674 i
478 6623 521 6674 20.
952 6627 953 6630 ’

452 6663 728 6774 ’‘loominte.
1160 6743 1163 6748 ·
1226 6749 1228 6754 ,

497 6795 509 6826 ὃ
528 6799 603 6852 Vers.
622 6801 663 6852 25.
684 6807 711 6854 et
728 6803 771 6854 29.
790 6829 825 6840 -
844 6799 944 6854 Deinde
962 6800 1086 6866 allegatur
1104 6801 1167 6852 Gen.
1188 6801 1236 6864 32,
1257 6801 1298 6854 30.

1488 6391 1490 6394 -
1518 6355 1626 6412 ὅιιιιι.
1646 6361 1687 6412 li.
1707 6365 1731 6412 ιι
1753 6361 1792 6410 l3.
2250 6385 2252 6390 ·

1456 6491 1457 6494 ,
1519 6445 1528 6476 ⁷
1550 6449 1624 6500 Vers.
1645 6447 1686 6500 ιι.
1705 6475 1741 6486 -
1760 6449 1818 6500 Duo
1835 6461 1910 6514 seqq·
1929 6445 1979 6500 loci
1999 6451 2059 6498 sunt
2082 6445 2165 6510 hooc.
2192 6447 2238 6512 ιι,
2258 6445 2282 6496 3.
2303 6459 2358 6512 seq.
2379 6451 2403 6498 ιι

1447 6537 1515 6588 Ιοιιι.
1535 6533 1584 6600 l'i,
1602 6535 1630 6588 3.
1647 6549 1704 6604 seq.
1730 6569 1731 6572 =
2377 6561 2378 6566 ι

1352 6623 1353 6626 ’
1454 6647 1457 6652 -
1517 6619 1623 6676 ⁸Ve1‘s.
1643 6623 1692 6688 39,
1710 6629 1770 6688 post
1788 6623 1869 6690 quem
1888 6621 2007 6688 sequitur
2030 6637 2058 6674 u.
2081 6619 2124 6672 id.
2147 6649 2184 6660 —
2205 6619 2322 6674 Submde
2346 6623 2403 6676 alle·

1447 6719 1541 6778 gantur
1560 6713 1615 6764 Act.
1637 6711 1664 6774 l,
1686 6711 1725 6764 ll.
1747 6715 1772 6786 et
1789 6711 1807 6762 l.
1827 6709 1887 6764 Cor.
1907 6711 1954 6776 l3,
1974 6711 2016 6762 li.

1420 6835 1421 6838 η
1454 6839 1455 6842 ,
1517 6797 1528 6830 θ
1549 6803 1623 6852 Vers.
1642 6799 1673 6862 5;
1693 6799 1788 6854 deinde
1808 6799 1855 6862 33,
1877 6799 1917 6852 ιι).
