5916 8276
1071 571 1325 640 coeetrtoues
1350 571 1385 664 lN
1412 571 1574 638 thNNEN
1599 573 1676 640 ote.
1700 575 1758 642 Vll.
1786 573 1889 640 COLL.
1916 571 2003 640 XXX.
2031 575 2129 642 XXXl.

1181 961 1365 1028 Cherrocnu
1388 961 1447 1028 Vll.
1476 965 1554 1028 Post
1576 961 1663 1030 baec
1678 973 1791 1030 autem
1813 963 2006 1032 ambulavit.

956 1261 1116 1316 concurro
1135 1265 1222 1318 xxx.

680 1465 801 1558 avers.
823 1477 879 1554 7.).
905 1475 953 1540 Μθ
978 1483 1089 1542 autem
1112 1477 1179 1544 odil
1202 1477 1360 1544 ruaudus.

658 1599 659 1602 ’
685 1584 730 1648 l.
753 1581 945 1660 Notandum,
973 1583 1056 1666 quod
1079 1585 1218 1652 mundns
1244 1583 1406 1652 Christum
1429 1585 1564 1670 ipuore-

446 1713 596 1760 eonucm.
611 1687 657 1754 eit
680 1693 714 1754 ut
738 1705 850 1774 caecas
873 1723 915 1736 -
938 1689 1041 1756 odivit
1063 1699 1101 1756 ut
1122 1691 1247 1760 invidus
1263 1729 1307 1738 -
1322 1689 1442 1758 occidit
1466 1697 1499 1756 ut
1517 1709 1564 1756 sa-

359 1797 362 1802 '
465 1771 596 1884 {XXXI
612 1795 754 1878 crilegus
781 1791 850 1868 Fuit
872 1811 991 1860 caecae
1014 1795 1153 1864 mundns
1182 1795 1215 1864 in
1244 1795 1431 1882 iquoraudo
1443 1819 1456 1872 ;
1479 1795 1564 1862 loan-

465 1879 519 1918 ΜΓ
548 1885 595 1930 pu·-
611 1901 659 1966 nis
688 1901 792 1984 primo
809 1901 843 1964 1:
875 1925 891 1956 «
917 1901 1051 1968 blundus
1082 1921 1137 1988 per
1169 1903 1273 1988 ipsum
1304 1903 1407 1970 laetus
1439 1909 1502 1982 est,
1535 1907 1564 1968 et

613 2007 747 2076 ottradus
763 2023 837 2074 eum
854 2015 915 2074 nou
930 2009 1074 2094 cognovit
1093 2037 1120 2074 2).
1136 2047 1178 2056 -
1194 2011 1335 2078 lucidae
1358 2009 1389 2074 in
1409 2009 1564 2086 ortianum

613 2113 732 2182 inarmis
760 2113 881 2180 decimo
914 2113 1046 2200 quinto:
1075 2117 1136 2182 «Si
1163 2107 1299 2184 mundus
1322 2133 1377 2182 vos
1402 2115 1482 2194 odit,
1507 2113 1564 2182 sci-

613 2227 688 2302 tote,
713 2219 787 2308 quia
803 2239 853 2288 me
867 2215 1005 2306 priorem
1024 2223 1113 2290 vobis
1126 2223 1197 2290 odio
1215 2221 1326 2290 habuit
1343 2251 1371 2286 e.
1393 2261 1431 2268 --
1453 2221 1564 2290 Sueri-

611 2327 699 2414 lepur
724 2329 753 2392 in
779 2327 951 2392 occidendo
964 2351 978 2430 ,2
998 2327 1143 2394 Matthaei
1168 2327 1433 2414 vigesimaprima
1457 2327 1565 2394 dicunt

612 2431 782 2500 mundani:
809 2459 825 2490 «
844 2433 896 2500 llio
920 2441 968 2500 est
989 2435 1104 2512 heres;
1130 2435 1249 2512 venite,
1275 2435 1455 2500 occidamus
1477 2453 1564 2512 eum,

610 2547 639 2606 et
665 2539 851 2606 habebimus
872 2539 1079 2606 hereditatem
1103 2539 1170 2606 eius
1187 2565 1219 2604 ».
1243 2539 1312 2616 ldeo
1343 2567 1358 2596 «
1373 2539 1426 2626 qui
1458 2540 1565 2605 volue-

612 2645 652 2712 rit
675 2665 742 2712 esse
765 2643 1003 2710 amicus-huius
1029 2645 1143 2710 saeculi
1167 2645 1312 2712 inimicus
1334 2645 1388 2710 Dei
1405 2645 1566 2712 constitui-

611 2761 664 2818 tur
679 2779 711 2830 i,
736 2749 833 2816 lacohi
858 2755 981 2834 quarto.
1004 2777 1021 2808 «
1037 2751 1135 2818 Nolite
1159 2767 1233 2836 ergo
1254 2749 1383 2834 diligere
1400 2749 1565 2830 mundum,

611 2873 711 2942 neque
734 2873 771 2922 ea
794 2871 873 2938 cquae
899 2853 927 2920 in
954 2853 1071 2922 rnumlo
1097 2861 1170 2924 suot
1186 2881 1219 2936 »,
1234 2855 1355 2940 primae
1379 2855 1500 2922 loannis
1517 2873 1564 2922 se-

610 2963 723 3028 cundo.

697 3073 728 3136 ἓ.
752 3069 916 3154 illuudur,
942 3069 1059 3154 inquit,
1086 3089 1136 3136 me
1160 3069 1234 3136 odit.
1261 3067 1363 3134 Odivit
1388 3087 1460 3136 eom
1483 3069 1565 3136 sieut

443 3201 540 3264 tineent
556 3213 589 3244 ra.
609 3177 759 3256 trucider,
795 3175 869 3264 quia
905 3175 1047 3244 Christus
1085 3193 1229 3262 mapuue
1260 3181 1329 3240 erat
1361 3175 1394 3240 in
1424 3175 1563 3252 mundo;

449 3257 578 3310 ‘¹⁰²'¹¹'¹⁰'¹'
606 3283 702 3350 odivit
730 3301 801 3350 emo
836 3283 916 3348 sicut
948 3281 1185 3358 adversariae,
1216 3281 1289 3368 quia
1320 3279 1466 3346 Christus
1496 3285 1565 3346 erat

607 3387 798 3456 contrarius
821 3389 957 3468 mundo;
980 3387 1078 3454 odivit
1100 3405 1170 3454 eurr]
1191 3387 1273 3454 sicut
1295 3385 1380 3452 mali
1401 3385 1563 3466 eoruciuc,

508 3521 588 3566 erema.
607 3497 680 3582 quia
712 3497 855 3562 Christus
887 3503 956 3562 erat
982 3495 1111 3562 alienus
1144 3513 1161 3560 a
1195 3493 1320 3560 nitendo.
1349 3493 1565 3560 -Christus

607 3623 680 3688 ergo
705 3621 850 3688 ruapuuc
873 3601 1099 3686 reputabatur,
1123 3607 1155 3668 et
1177 3601 1247 3668 ideo
1264 3597 1368 3664 odivit
1385 3617 1458 3666 eum
1473 3617 1565 3664 mun-

606 3709 685 3786 tlus3
720 3707 840 3774 loannis
868 3705 987 3772 decimo
1021 3707 1176 3792 quintal:
1208 3705 1269 3772 «Si
1301 3723 1398 3790 opera
1428 3723 1488 3772 non
1521 3705 1534 3770 l
1550 3743 1564 3752 -

584 3901 587 3906 ,
607 3815 717 3882 cissam
740 3813 773 3878 in
795 3813 857 3892 eis,
883 3831 964 3898 quae
985 3831 1079 3880 neum
1100 3813 1180 3880 alius
1204 3813 1292 3892 tecit,
1319 3817 1484 3898 peccatum
1502 3829 1564 3878 non

608 3921 769 3988 haherent.
793 3919 881 3986 Nunc
905 3925 1009 3988 autem
1034 3919 1180 4010 viderunt
1199 3925 1227 3986 et
1244 3919 1380 3984 oderunt
1396 3935 1445 3984 me
1461 3923 1491 3984 et
1508 3919 1563 3984 Pa-

608 4033 684 4096 trem
713 4045 815 4096 meum
834 4055 862 4092 »,
890 4065 927 4074 -
956 4027 1045 4104 lteru,
1062 4027 1207 4094 Christus
1221 4025 1281 4090 luit
1295 4025 1414 4090 maredo
1431 4033 1563 4090 coutra-

608 4135 699 4212 riuc,
724 4141 754 4200 et
778 4133 846 4200 idco
868 4133 966 4200 odivit
987 4151 1059 4198 oum
1079 4133 1231 4210 mundos;
1250 4131 1334 4198 unde
1349 4129 1417 4196 hic:
1437 4131 1483 4196 dle
1502 4151 1563 4198 au·-

607 4245 669 4306 tem
692 4239 761 4306 odit
782 4239 938 4304 ruenda-c.
965 4275 1007 4286 --
1031 4237 1123 4316 ltem,
1148 4237 1291 4304 Christus
1316 4235 1414 4302 luita
1447 4235 1564 4300 rnurrdo

606 4345 753 4422 alienus,
778 4351 807 4410 et
832 4345 900 4410 ideo
922 4349 1088 4428 suspectus
1110 4345 1287 4410 habebatur
1303 4363 1323 4408 a
1337 4341 1472 4420 munda
1490 4361 1564 4426 pro-

608 4459 675 4536 pter
711 4451 792 4536 quod
830 4451 954 4518 odiebat
985 4469 1059 4516 eum
1094 4451 1248 4528 mundus3
1284 4449 1405 4516 loannis
1444 4449 1564 4516 decimo

607 4551 760 4644 quinto³:
777 4637 780 4642 .
796 4583 812 4614 «
831 4557 858 4624 Si
892 4559 928 4624 de
966 4557 1083 4624 rutundo
1116 4557 1271 4634 fuissetis,
1308 4555 1446 4622 mundas
1479 4555 1565 4640 quod

605 4681 702 4730 suum
723 4667 791 4730 erat
814 4663 957 4748 diligeret
971 4687 1008 4744 ¹³3·
1027 4681 1110 4728 nune
1135 4669 1259 4742 autem,
1287 4687 1303 4718 <t
1321 4661 1395 4746 quia
1411 4679 1485 4728 vero
1502 4681 1564 4726 non

605 4771 680 4836 estis
704 4771 740 4836 de
764 4769 899 4848 mundo,
924 4777 1089 4854 propterea
1112 4769 1175 4836 odit
1201 4789 1256 4836 aros
1276 4767 1414 4834 tuendus
1431 4793 1462 4846 »3
1478 4767 1563 4834 etde

606 4891 641 4942 se
662 4873 729 4960 ipso
752 4873 843 4940 dicit:
874 4875 933 4940 «Si
964 4873 1100 4954 incendus
1133 4891 1187 4942 ros
1217 4873 1298 4954 odit,
1331 4873 1458 4952 scitote,
1490 4873 1564 4958 qma

606 4999 657 5050 me
679 4981 818 5066 priorem
841 4981 928 5048 cedris
953 4981 1023 5048 odio
1046 4981 1155 5048 hahuit
1171 5009 1202 5048 ».

465 1927 528 1972 baril.

945 5213 1103 5266 ttoluxmo
1125 5215 1219 5266 XXXl.

695 5409 792 5494 (Vera.
821 5409 896 5488 ilbi.
921 5407 1026 5476 Nolite
1050 5409 1203 5476 viudicare
1221 5407 1404 5474 menmium
1420 5405 1561 5494 faciem,

604 5515 662 5582 sed
685 5517 810 5582 iustum
834 5515 998 5584 iudiciuae
1021 5515 1173 5582 iudicate.

698 5627 723 5690 t.
749 5625 780 5690 ln
806 5623 909 5690 verbis
935 5623 1002 5692 istis
1030 5623 1200 5690 interdicit
1221 5623 1374 5690 Dominus
1397 5621 1562 5686 iudicium

496 5753 585 5800 Divisio.
604 5731 752 5808 <utalaam
776 5745 846 5794 cum
879 5727 967 5794 dicit:
995 5727 1098 5794 Nolite
1130 5727 1281 5794 iudicare
1304 5725 1485 5792 secuudum
1507 5721 1529 5810 f
1548 5761 1563 5770 -

605 5837 687 5902 ciem
704 5873 746 5882 --
762 5839 792 5900 et
809 5835 1014 5900 commendat
1034 5833 1160 5900 iactum
1185 5833 1367 5908 iudicium,
1391 5851 1462 5898 eum
1488 5831 1563 5898 suh-

605 5943 722 6028 iungit:
749 5941 960 6008 Scaienum
985 5941 1146 6006 iudicium
1171 5947 1228 6006 ete.

1719 1267 1822 1334 Nolite
1846 1267 1995 1334 iudicare
2019 1271 2199 1336 secuudum
2222 1267 2352 1356 faciem.
2378 1271 2471 1348 Nota,
2501 1273 2586 1356 quod
2604 1293 2690 1358 erup,
2707 1297 2737 1338 a·

1628 1373 1796 1458 multiplex
1818 1379 1865 1438 est
1890 1371 2041 1438 iudicium
2064 1375 2202 1440 rualem.
2233 1375 2286 1442 Est
2319 1375 2401 1442 enim
2432 1374 2583 1442 iudicium
2596 1347 2745 1444 lilllih'h.

1630 1479 1863 1558 temerarium,
1894 1483 1923 1546 et
1955 1481 2014 1546 hoc
2044 1488 2093 1546 est
2123 1481 2238 1546 mamm
2272 1487 2401 1566 propter
2430 1453 2750 1552 aereorumllttltltlt.

1628 1583 1801 1660 seientiam
1826 1583 1947 1650 loannis
1978 1585 2155 1668 septimol:
2190 1587 2367 1672 «Numquid
2393 1589 2457 1654 Lex
2478 1593 2587 1654 nostra

1628 1687 1744 1756 iudicat
1769 1689 1946 1768 horninem,
1971 1689 2031 1756 nisi
2054 1691 2144 1774 prius
2165 1691 2299 1758 audierit
2324 1693 2362 1758 ab
2387 1693 2455 1778 ipso
2480 1699 2514 1760 et
2535 1711 2587 1760 eo-

1628 1793 1789 1878 gnoverit,
1812 1793 1890 1878 qnid
1911 1795 2003 1862 laniat
2019 1801 2055 1860 »l
2081 1797 2167 1882 quasi
2194 1797 2291 1864 dicat:
2314 1797 2466 1866 indiuret
2489 1807 2586 1868 teme-

1629 1899 1731 1978 rarie,
1767 1899 1791 1966 si
1823 1899 1975 1968 iudicaret
2006 1901 2073 1968 sine
2102 1919 2215 1970 carnee
2245 1903 2427 1988 cognitione.
2462 1941 2504 1954 -·
2534 1905 2586 1972 Est
2708 1977 2709 1982 .

1628 2005 1721 2074 etiam
1744 2005 1897 2074 iudicium
1916 2017 2231 2092 praecurutuorum,
2257 2013 2286 2074 et
2310 2009 2370 2074 hoc
2398 2011 2515 2076 malum
2538 2019 2586 2078 est
2600 2035 2751 2080 praesumtuo-

1628 2119 1758 2198 propter
1789 2113 1943 2180 deiectum
1973 2113 2067 2180 uitae.
2096 2115 2160 2182 Non
2193 2115 2275 2182 enim
2305 2115 2397 2182 debet
2419 2117 2514 2182 homo
2536 2135 2586 2182 re·
2645 2099 2700 2132 Μ’

1629 2219 1848 2304 prehensibilis
1871 2221 1968 2288 alium
1991 2221 2148 2302 iudicare;
2172 2223 2211 2288 ad
2234 2223 2389 2290 Romanos
2404 2221 2540 2290 secundo
2555 2223 2584 2288 ⁵:

1634 2353 1650 2384 «
1666 2327 1698 2392 ln
1723 2345 1786 2410 quo
1809 2329 1943 2392 alterum
1969 2327 2103 2408 iudicas,
2129 2335 2159 2394 te
2182 2329 2285 2414 ipsum
2310 2329 2514 2408 condemnas;
2534 2347 2584 2396 ea-

1628 2430 1700 2498 dem
1723 2431 1803 2498 enim
1837 2431 1919 2516 agis,
1945 2451 2025 2518 quae
2057 2433 2175 2500 iudicas
2192 2461 2220 2500 ».
2249 2473 2286 2482 -
2316 2435 2365 2500 Est
2390 2433 2480 2500 etiam
2506 2435 2585 2500 iudi·
2603 2457 2714 2514 osupu-

1630 2537 1714 2602 cium
1736 2539 1995 2622 usurpationem,
2021 2545 2049 2604 et
2075 2541 2134 2606 hoe
2152 2545 2205 2606 ‘est
2229 2539 2347 2606 melum
2382 2549 2511 2626 propter
2532 2541 2586 2608 de·
2635 2523 2691 2554 Μ’

1628 2643 1745 2708 fectum
1763 2643 1931 2734 potestatis
1954 2643 2174 2722 iudiciariae,-
2192 2645 2275 2730 quod
2290 2647 2493 2730 reprehendit
2509 2649 2585 2732 hpo-

1630 2747 1728 2814 stolus
1751 2747 1789 2812 ad
1814 2749 1966 2814 Romanos
1988 2747 2107 2814 decimo
2125 2755 2256 2834 quarto:
2278 2773 2292 2806 «
2311 2751 2355 2814 Tu
2375 2749 2445 2835 quis
2461 2767 2512 2828 m,
2528 2751 2583 2834 qui

1629 2849 1747 2920 indicas
1772 2851 1907 2920 alienum
1932 2861 2085 2920 servum?
2107 2855 2238 2920 Domino
2267 2873 2325 2920 suo
2345 2863 2401 2922 aut
2430 2862 2508 2936 stat,
2531 2863 2586 2924 aot

1628 2959 1710 3024 cadit
1727 2983 1757 3040 »ς
1781 2965 1811 3024 et
1835 2959 1954 3044 primae
1969 2959 2009 3026 ad
2024 2959 2201 3028 Corinthios
2216 2967 2345 3046 quarto:
2370 2989 2386 3020 «
2399 2961 2499 3028 Nolite
2514 2959 2585 3028 anm

1628 3073 1755 3152 tenipus
1776 3065 1914 3132 iudicare
1931 3093 1947 3124 »
1975 3071 2033 3134 etc.
2058 3067 2094 3132 Et
2117 3073 2207 3148 nota,
2227 3067 2313 3154 qual
2328 3067 2388 3134 hoc
2404 3067 2520 3154 triplex
2538 3067 2585 3134 in·
2606 3091 2735 3138 auianum.

1628 3170 1744 3238 dicium
1769 3171 1861 3239 habet
1885 3171 2038 3238 detectum
2063 3193 2101 3240 ex
2128 3181 2214 3258 parte
2239 3167 2429 3240 iudicaretis¹

1718 3281 1746 3344 Ξ).
1773 3277 1825 3344 Est
1847 3277 1941 3344 etiam
1965 3279 2082 3364 triplex
2104 3279 2257 3346 iudicium
2280 3265 2415 3358 malum,
2434 3281 2517 3364 quod
2531 3283 2583 3348 de·
2598 3305 2658 3358 rum,
2671 3307 2749 3362 triplex

1628 3385 1693 3450 ficit
1715 3403 1758 3452 ex
1780 3391 1869 3468 parte
1893 3385 2022 3452 ordinis
2044 3385 2237 3466 iudicandi,
2263 3393 2372 3472 eripete
2398 3387 2523 3472 quando
2553 3389 2583 3454 in
2608 3363 2705 3454 31¹beoe
2714 3359 2749 3402 ω’

1628 3491 1764 3558 iudicato
1786 3511 1846 3556 non
1873 3499 1918 3558 est
1948 3511 2039 3558 causa
2072 3493 2187 3560 indicii.
2218 3493 2370 3562 ludicium
2400 3511 2475 3580 ergo
2507 3493 2583 3562 illud
2602 3463 2705 3508 Pmmum'

1628 3595 1794 3682 aliquando
1819 3597 1959 3682 procedit
1981 3617 2083 3682 usque
2105 3599 2145 3664 ad
2159 3597 2380 3684 suspicionem
2397 3607 2535 3680 laruam,
2555 3607 2583 3668 et

1628 3703 1803 3788 appellatur
1827 3703 1976 3768 iudicium
2000 3703 2240 3790 suspiciosum,
2264 3709 2301 3768 ut
2324 3703 2448 3788 quando
2464 3723 2506 3772 ex
2521 3703 2580 3772 leri

1628 3809 1808 3874 coniectura
1837 3809 1917 3874 alius
1949 3809 2067 3874 iudicat
2093 3809 2208 3890 alium3
2231 3811 2270 3876 de
2299 3829 2362 3896 quo
2386 3811 2453 3878 hic:
2479 3811 2583 3878 Nolite

1628 3917 1779 3982 iudicare
1809 3917 1992 3982 recaredum
2018 3913 2148 4000 (aetem.
2175 3955 2215 3964 -
2241 3917 2410 4002 Aliquando
2442 3919 2581 4002 procedit
2601 3943 2730 3986 seeundum.

1626 4021 1788 4110 usquead
1814 4021 2052 4108 dalimannum,
2077 4031 2107 4090 et
2131 4025 2307 4110 appellatur
2329 4023 2479 4090 iudicium
2504 4025 2580 4110 detl-

1626 4129 1849 4205 addictumue
1881 4147 1944 4214 quo
1971 4129 2117 4194 Matthaei
2141 4129 2314 4216 sepenoss:
2343 4131 2474 4196 «Nolite
2502 4131 2581 4198 iudi-
2687 4173 2689 4178 ·

1628 4253 1715 4312 care,
1751 4241 1781 4300 et
1817 4253 1878 4300 nou
1912 4233 2143 4312 iudicabimini;
2180 4237 2208 4302 in
2246 4253 2309 4320 quo
2346 4235 2429 4302 enim
2468 4237 2582 4302 iudicio

1628 4339 1854 4418 iudicaveritis,
1886 4339 2097 4408 iudicabimini
2116 4369 2144 4406 ».
2170 4379 2211 4390 --
2242 4339 2412 4426 aliquando
2443 4341 2582 4426 procedit
2600 4365 2703 4410 restrum.

1627 4447 1776 4512 iudicium
1809 4463 1908 4530 usque
1941 4447 1979 4512 ad
2003 4447 2225 4532 punitionem,
2250 4451 2280 4510 et
2303 4447 2479 4532 appellatur
2502 4447 2580 4514 iudi·
2615 4505 2616 4508 ,

1628 4553 1710 4620 cium
1748 4551 1920 4640 iniquum,
1951 4551 1990 4618 de
2022 4571 2085 4636 quo
2120 4555 2252 4618 heluium
2288 4553 2438 4636 vigesimo
2472 4555 2580 4622 tertio:

1633 4657 1820 4726 «percutiet
1842 4665 1874 4726 te
1903 4657 2004 4738 Deus,
2028 4659 2132 4744 paries
2148 4651 2320 4738 'dealbete3
2345 4665 2376 4726 et
2406 4665 2441 4726 tu
2472 4659 2581 4726 sederis

1628 4765 1747 4832 iudicas
1762 4783 1812 4830 me
1827 4765 1999 4830 secundum
2023 4765 2151 4850 Legem,
2177 4771 2206 4830 et
2222 4771 2330 4830 contra
2346 4765 2456 4846 Legem
2476 4765 2580 4840 iubes,

1628 4891 1677 4938 me
1706 4871 1827 4956 percuti
1844 4895 1876 4948 »3
1898 4877 1931 4936 et
1960 4869 2055 4938 lsaiae
2085 4869 2324 4954 quadragesimo
2355 4887 2453 4936 riona:
2492 4895 2506 4928 «
2525 4871 2581 4936 Eos

1627 4981 1680 5066 qui
1698 4987 1727 5044 te
1745 4977 1978 5056 iudicaverant,
1997 4995 2052 5062 ego
2068 4977 2209 5044 iudicabo
2227 5005 2256 5044 n.
2275 5013 2317 5026 -
2333 4977 2487 5062 Recollige
2507 4995 2580 5062 erqo
2601 4999 2708 5056 Epilogus.

1626 5093 1655 5154 et
1680 5085 1821 5166 attende,
1844 5085 1929 5170 quad
1951 5085 2068 5170 triplex
2091 5091 2139 5152 est
2163 5083 2311 5150 iudicium
2333 5083 2469 5162 inulam,
2487 5101 2526 5150 ex
2546 5101 2580 5150 eo

1627 5195 1709 5278 quod
1734 5193 1764 5260 in
1790 5191 1956 5260 iudicante
1980 5209 2041 5256 non
2065 5195 2114 5256 est
2135 5191 2265 5258 facultas
2290 5189 2460 5268 iudicandi;
2480 5197 2509 5256 et
2526 5191 2580 5255 tri-

1625 5301 1699 5386 plex
1723 5305 1769 5366 est
1793 5297 1942 5364 iudicium
1967 5295 2101 5374 urahrm,
2126 5315 2168 5362 ex
2189 5295 2323 5380 eoquod
2342 5313 2402 5362 nou
2420 5295 2511 5362 estin
2530 5295 2581 5360 iu-

1625 5405 1734 5470 dicato
1758 5419 1851 5468 causa
1875 5401 1991 5466 irrdicii.

1654 5517 1656 5524 ‘
1714 5509 1745 5574 3.
1770 5507 1875 5574 Nolite
1895 5507 2049 5572 iudicare
2070 5509 2251 5572 seeundum
2273 5503 2403 5590 (eriere.
2431 5543 2473 5552 -—-
2489 5507 2578 5584 Nota,
2595 5533 2745 5596 petituque.

1626 5617 1709 5704 quod
1733 5623 1869 5702 (quatuor
1891 5615 2046 5680 inducunt
2076 5613 2234 5680 hominem
2260 5611 2300 5678 ad
2331 5611 2412 5678 male
2441 5611 2579 5678 iudican-
2599 5585 2699 5682 {lirim
2714 5597 2745 5628 '⁰'

1625 5725 1710 5790 dum.
1742 5723 1878 5790 Primum
1901 5729 1949 5788 est
1980 5721 2093 5798 timor,
2123 5737 2217 5806 quern
2249 5719 2370 5784 inhibet
2400 5717 2579 5804 Scriptura,
2599 5743 2677 5786 rtem.

1626 5831 1751 5920 Leuitioi
1774 5827 1893 5896 decimo
1925 5847 2004 5894 nono
2017 5827 2048 5890 ⁷:
2076 5851 2092 5882 <t
2109 5827 2175 5890 Non
2189 5889 2190 5892 ,
2205 5825 2382 5892 consideres
2408 5843 2579 5910 personam

1625 5937 1772 6022 pauperis
1795 5953 1851 6000 nec
1875 5935 2009 5998 honores
2033 5932 2156 5998 vultum
2183 5933 2333 6016 potentis;
2367 5931 2446 5998 iuste
2478 5931 2579 5998 iudica

1305 6229 1704 6238 m———--.——-—.„-—.-..,..m
1707 6225 1884 6236 1.......—.-..m-.-....

678 6447 780 6500 ¹Vers.
812 6447 848 6498 m.
869 6475 900 6484 --
921 6445 1038 6498 Subinde
1067 6445 1211 6510 allegantur
1241 6445 1309 6496 loen.
1329 6443 1448 6506 aare,
1475 6443 1561 6492 Natth.

608 6539 650 6598 el,
670 6539 703 6588 38
713 6555 720 6598 ;
742 6539 788 6588 tac.
811 6535 839 6598 l,
860 6535 883 6586 l.
901 6541 927 6586 et
946 6535 962 6586 l.
982 6535 1052 6586 loan.
1073 6535 1103 6598 2,
1125 6531 1166 6582 lb.

678 6623 782 6678 2Ψθθθ.
802 6623 844 6676 24.
1142 6617 1143 6620 “

678 6709 690 6742 ³
708 6713 782 6764 vers.
806 6711 842 6762 te.
863 6719 892 6770 et
908 6711 950 6762 t8.
963 6739 998 6748 -
1011 6709 1137 6774 Superius
1150 6723 1199 6774 pro
1217 6711 1357 6774 suspectus
1376 6701 1560 6774 teupertus.

679 6797 690 6826 ⁴
708 6799 782 6852 Vors.
804 6799 846 6850 51.
859 6825 894 6838 -
906 6799 1014 6850 lnlerius
1028 6811 1077 6862 pro
1089 6795 1236 6862 iudicaret,
1256 6797 1274 6848 B
1294 6809 1348 6850 eeu
1362 6793 1463 6850 iudicet
1475 6791 1560 6856 enine,

607 6883 775 6940 Gieediearel
794 6883 873 6940 euim.
927 6877 928 6880 ’

1694 6439 1852 6494 ⁵Vers.-l.
1871 6465 1907 6478 -
1930 6439 1986 6490 buo
2012 6453 2087 6506 seqq.
2116 6439 2167 6492 loci
2192 6443 2252 6490 sunt
2280 6439 2355 6488 Rern.
2383 6433 2430 6500 ll,
2456 6433 2479 6486 l.
2507 6441 2535 6486 et
2560 6435 2577 6484 1.

1530 6541 1532 6546 ’
1625 6529 1685 6582 Cor.
1700 6531 1735 6592 l,
1754 6529 1777 6580 5.

1694 6615 1705 6646 ⁶
1726 6621 1800 6672 Vers.
1820 6619 1845 6668 l.
1864 6631 1919 6682 seq.
1939 6645 1972 6654 —-
1993 6615 2109 6670 Subinde
2126 6617 2269 6680 allegantur
2294 6613 2349 6664 Aet.
2367 6613 2416 6676 23,
2435 6613 2460 6662 3.
2480 6617 2502 6662 et
2523 6611 2578 6664 lsai.

1625 6705 1668 6772 lh,
1687 6709 1731 6760 25.
1748 6705 1801 6760 Cle.
1817 6705 1885 6758 Alex.
1904 6705 1969 6770 Hal,
1982 6707 2013 6774 Ι8.
2033 6719 2060 6770 p.
2081 6705 2108 6754 ll.
2126 6717 2153 6770 q.
2175 6703 2234 6754 ll8.
2252 6707 2278 6754 ot
2298 6701 2358 6752 lte.

1694 6791 1800 6848 'vers
1819 6793 1861 6844 te.
1882 6823 1916 6832 -
1936 6793 1992 6844 Duo
2019 6805 2094 6858 seqq.
2121 6791 2170 6844 loci
2197 6797 2257 6844 sunt
2286 6787 2329 6842 lob
2356 6791 2385 6850 6,
2413 6789 2454 6840 ee.
2480 6793 2504 6838 el
2530 6791 2578 6840 lec.

1624 6883 1653 6946 3,
1676 6881 1716 6932 lb.
1736 6895 1809 6946 seqq.
