5900 8266
521 535 582 598 lta

519 707 632 776 etaatt
656 707 749 774 illurn
771 709 811 772 rle
835 707 1040 772 limo‘terroe
1054 703 1086 784 1,
1102 705 1219 774 scilicet
1235 723 1277 772 cx
1293 713 1391 790 parte·
1406 725 1474 772 cor-

519 815 621 900 poris;
648 811 849 880 Ecclesiastici
869 805 990 880 decimo
1019 811 1167 896 septimo:
1190 811 1305 878 «Deus
1329 811 1368 878 de
1391 817 1476 878 terra

521 919 639 986 creavit
663 917 819 982 hominem
836 943 864 980 ».
900 919 939 982 et
969 915 1057 982 tete
1088 915 1138 982 illi
1166 915 1341 994 virtutem,
1365 915 1398 982 id
1427 921 1475 982 est

519 1023 722 1110 potestatem,
744 1021 932 1088 conticendi
955 1019 1083 1100 ornain,
1103 1021 1239 1106 regendo
1256 1021 1359 1092 omnia
1375 1027 1407 1092 et
1419 1021 1474 1088 do-

519 1129 666 1214 minando
688 1127 858 1204 omnibus,
875 1133 907 1192 et
929 1127 988 1192 hos
1012 1145 1053 1192 ex
1077 1132 1166 1212 parte
1188 1125 1327 1206 animae,
1358 1127 1475 1194 scilicet

518 1231 575 1318 per
599 1231 770 1312 rationem,
794 1231 968 1300 secuudum
990 1231 1068 1298 illud
1091 1231 1218 1300 Genesis
1240 1233 1359 1318 primo:
1383 1259 1399 1292 r
1414 1233 1474 1302 Do

518 1339 677 1404 minamini
710 1337 847 1424 piscihus
878 1339 1006 1404 maris»
1041 1345 1122 1418 etc.;
1156 1339 1228 1408 item
1266 1341 1296 1408 in
1329 1339 1473 1408 Psalmo:

524 1441 667 1510 «Omma
689 1441 848 1510 subiecisti
872 1441 933 1510 suh
956 1443 1088 1528 pedibus
1108 1445 1177 1512 eius
1194 1471 1224 1510 ».

526 1589 527 1594 ,
608 1549 658 1614 Ab
680 1545 744 1616 bec
768 1553 825 1614 etc.
851 1547 905 1620 llic
925 1549 1060 1616 ostendit
1089 1549 1276 1618 heneficium
1306 1547 1475 1634 sapientiae

354 1665 499 1712 botenstein
520 1655 694 1740 specialiter
718 1653 836 1720 iactum
858 1653 917 1740 ipsi
941 1655 1008 1724 lVoe
1039 1663 1071 1724 et
1100 1657 1138 1724 iis
1162 1657 1218 1744 qui
1244 1675 1316 1724 cum
1341 1673 1378 1720 eo
1407 1653 1476 1720 lue-

368 1719 415 1766 Noe
425 1721 500 1764 collato

290 1781 292 1784 ·
363 1773 501 1872 fflp'p'pl·
519 1767 597 1828 runt
618 1759 651 1828 in
673 1777 766 1840 arca,
795 1761 921 1846 quando
953 1763 1096 1830 liberavit
1127 1765 1230 1850 ipsum
1254 1781 1274 1828 a
1295 1759 1414 1826 diluvio
1445 1765 1474 1824 ει

518 1865 616 1932 malos
640 1867 783 1950 perdidit.
806 1867 844 1934 Et
866 1869 969 1954 primo
992 1869 1091 1958 tangit
1110 1867 1245 1952 primam
1260 1883 1386 1934 causam
1400 1883 1475 1950 per-

521 1973 655 2038 ditionis
677 1973 868 2052 malornm:
884 1975 1036 2054 secundo,
1052 1975 1187 2060 primam
1206 1991 1332 2038 causam
1355 1969 1476 2038 bibero-

520 2079 617 2146 tiortt's
642 2079 821 2160 berroeam,
846 2081 906 2146 ibi:
929 2083 1074 2166 Propter
1097 2079 1184 2168 quod
1197 2081 1209 2118 ²
1232 2083 1291 2146 eto.

608 2187 708 2272 (Vens.
737 2185 789 2272 3.).
814 2185 895 2254 Dicit
917 2205 1009 2272 ergo:
1037 2185 1085 2252 Ab
1108 2183 1189 2264 liae,
1214 2185 1331 2252 scilieet
1353 2183 1476 2270 sapien-

396 2299 498 2346 natale.
519 2291 578 2370 tia,
602 2275 641 2356 nt
662 2293 812 2368 recessim
831 2293 1070 2358 proverbiorum
1087 2291 1188 2374 primo
1202 2293 1232 2356 ³:
1255 2289 1474 2374 «Sapientiam

455 2437 457 2440 -
518 2401 612 2482 atque
623 2391 797 2464 doctrinam
809 2395 897 2462 stulti
909 2395 1127 2478 despiciunt»;
1142 2413 1198 2478 per
1211 2393 1375 2470 hosteim,
1392 2391 1476 2476 quod

518 2499 675 2570 receditur
690 2521 710 2566 a
725 2499 893 2586 sapientia,
917 2499 1109 2566 receditura
1129 2495 1211 2578 uam
1235 2515 1333 2584 supra
1354 2495 1474 2582 primo:

524 2633 540 2666 «
555 2609 723 2674 perversae
745 2605 945 2690 cogitationes
969 2599 1114 2688 separant
1134 2623 1153 2668 a
1172 2603 1236 2678 Deo
1252 2627 1284 2682 »3
1308 2601 1474 2680 intersint,

519 2713 636 2782 scilicet
659 2713 749 2790 Cain,
775 2711 829 2796 qui
853 2703 970 2776 scilicet
991 2709 1128 2776 iniustus
1156 2707 1272 2778 dicitur
1294 2713 1476 2774 antonoma-

519 2809 611 2896 stice,
636 2815 711 2902 qnia
733 2821 827 2900 caput
857 2815 917 2880 luit
946 2821 977 2882 et
1007 2805 1170 2898 exemplar
1202 2813 1409 2892 iniustorum;
1440 2811 1476 2878 in

460 2923 465 2978 s
519 2923 574 2988 iro
598 2941 681 3000 seo,
707 2941 770 3006 qua
791 2919 908 2986 scilicet
923 2919 1023 2986 iratus
1039 2927 1086 2986 εει
1102 2927 1212 2986 contra
1226 2919 1355 2986 tratrem
1381 2903 1475 2986 suunt

518 3025 612 3106 lton
636 3019 763 3092 Genesis
787 3025 941 3110 quartop:
972 3027 1107 3110 «Quare
1131 3025 1231 3092 uatus
1247 3043 1281 3094 εε
1296 3051 1311 3084 >>
1334 3031 1392 3094 ειε.
1409 3025 1476 3090 prr
1496 3105 1499 3112 .

518 3133 609 3198 irem
637 3129 823 3210 laomicidii,
848 3131 877 3196 irl
902 3139 963 3212 est,
994 3151 1076 3218 quae
1106 3131 1154 3198 ira
1183 3131 1243 3196 luit
1273 3129 1476 3198 homicidium

520 3229 691 3324 spirituale,
705 3237 876 3304 secundum
894 3237 972 3304 illud
986 3237 1107 3322 primae
1122 3237 1242 3304 loannis
1260 3237 1369 3304 tertio:
1389 3235 1476 3324 «Qui

518 3343 584 3412 odit
606 3345 735 3412 fratrem
759 3363 852 3412 suum
877 3343 1032 3412 homicida
1053 3351 1101 3412 εει
1112 3371 1145 3424 ›>,
1171 3343 1219 3412 vel
1242 3343 1422 3422 transitive,
1439 3349 1476 3408 ut

520 3451 558 3518 sit
583 3469 711 3518 sensus:
744 3451 810 3518 per
834 3447 924 3518 irent
948 3449 1192 3532 homicidii,'id
1216 3457 1280 3530 εει,
1304 3467 1386 3536 quae
1416 3449 1476 3514 luit

520 3575 613 3622 causa
636 3555 794 3623 homicidii
822 3557 1010 3648 corporalis;
1042 3557 1125 3622 unde
1157 3555 1283 3632 Genesis
1303 3553 1475 3640 ,quarto⁵:

525 3689 541 3722 a
555 3661 763 3730 consurrexit
786 3661 859 3730 Cain
883 3669 991 3730 contra
1014 3663 1089 3730 lbet
1110 3661 1240 3730 tratrem
1258 3679 1352 3730 suunt
1375 3667 1407 3730 et
1428 3661 1476 3726 in-

448 3787 453 3800 ·
521 3769 642 3836 terfecit
665 3787 736 3836 eum
753 3795 785 3834 ι».
809 3761 1021 3838 Fraternitoa
1040 3769 1197 3856 deperiit,
1221 3769 1252 3834 id
1276 3775 1322 3836 εει
1346 3769 1476 3836 societas

519 3875 740 3954 fraternitatis,
764 3875 839 3940 abet
860 3875 1065 3960 corporaliter
1081 3881 1209 3940 mortuo
1231 3881 1262 3940 ει
1286 3873 1359 3940 Cain
1385 3873 1476 3958 spiri·

521 3983 655 4048 tualiter.
840 4071 841 4074 Ἴ
1054 4001 1055 4006 ’

550 4177 551 4180 ¹
608 4089 709 4174 (Vens.
722 4087 777 4170 6.).
791 4089 931 4172 Propter
947 4087 1059 4174 qaod6
1076 4093 1146 4168 etc,
1163 4085 1280 4154 scilicet
1295 4093 1474 4170 peccatum3

520 4195 599 4260 illud
621 4193 705 4260 enim
728 4197 891 4276 peccatum
918 4191 978 4258 luit
1006 4191 1108 4276 prima
1139 4209 1234 4258 causa
1266 4189 1476 4276 corruptionis

521 4297 712 4384 posteritatis
734 4297 826 4378 Cain,
850 4317 867 4364 a
891 4315 954 4382 qua
977 4297 1117 4364 derivata
1133 4305 1179 4364 est
1196 4297 1358 4382 corruptio
1373 4315 1476 4380 usque

520 4405 552 4472 in
576 4423 722 4488 magnam
745 4411 866 4488 partem
888 4401 1078 4488 posteritatis
1095 4395 1185 4482 Seth;
1203 4411 1233 4470 et
1249 4403 1412 4486 impletum
1429 4407 1477 4468 εει

521 4499 599 4576 illud
620 4509 746 4576 Genesis
771 4515 879 4586 sexto,
896 4507 950 4574 uhi
967 4507 1099 4576 dicitur:
1121 4535 1137 4566 «
1154 4507 1261 4574 Omnis
1277 4525 1350 4574 caro
1365 4525 1476 4574 corrru-

521 4621 610 4700 perat
633 4615 716 4680 viam
733 4633 821 4680 suam
839 4641 868 4678 t.
896 4613 978 4678 Cum.
1000 4633 1095 4702 equo
1114 4615 1232 4680 deteret
1255 4621 1400 4692 terrant,
1417 4613 1477 4678 de-

521 4721 611 4786 lendo
626 4721 743 4788 scilicet
757 4721 918 4788 hominem
941 4727 1104 4788 terrenum
1118 4721 1158 4786 de
1173 4711 1340 4806 superficie
1355 4725 1476 4798 terrae3

521 4825 647 4894 Genesis
668 4833 757 4894 sexto
770 4827 803 4892 ⁷:
833 4853 849 4886 a
865 4827 980 4894 Deleho
1002 4825 1179 4906 bominem,
1204 4845 1296 4912 quem
1322 4825 1442 4906 creavi,
1460 4843 1477 4892 a

521 4933 598 5002 iacie
614 4939 718 5000 terrae
729 4961 759 4996 ».
775 4933 936 5000 perierunt
953 4933 1176 5026 enimomnes,
1193 4933 1248 5018 qui
1265 4933 1371 5018 scripti
1388 4939 1478 5000 erant

521 5039 552 5104 iu
568 5045 672 5120 terra,
689 5039 805 5106 scilicet
820 5039 912 5118 mali,
927 5039 966 5104 de
982 5039 1098 5124 quihus
1117 5037 1264 5104 leremiae
1287 5037 1407 5104 decimo
1430 5029 1478 5104 εε-

528 5469 546 5478 ··
594 5455 603 5486 ²
624 5457 736 5522 Vulgata
755 5461 820 5510 haec
839 5457 920 5510 verba
938 5459 1047 5522 omittit,
1066 5465 1138 5526 quae
1154 5431 1264 5512 etiams
1286 5461 1477 5524 parallage

522 5547 623 5610 Lyrano
643 5545 804 5604 exhihentur.
821 5575 858 5588 -·
875 5547 939 5600 Tres
958 5545 1012 5598 loci.
1025 5561 1100 5614 seqq.
1118 5553 1179 5600 sunt
1197 5543 1275 5602 Eccli.
1295 5547 1343 5614 tr,
1362 5549 1392 5612 l;
1412 5549 1477 5600 Gen.

524 5635 547 5696 l,
566 5635 610 5686 28.
622 5639 648 5686 ει
662 5635 702 5686 Ρε.
717 5635 745 5698 8,
759 5635 786 5686 8.
806 5663 840 5670 -
858 5635 965 5688 Interius
984 5649 1032 5700 pro
1044 5635 1160 5704 rependo
1173 5635 1265 5688 omnm
1277 5633 1476 5688 attaminando

521 5721 583 5774 edd.
602 5725 627 5774 et
645 5719 810 5776 eminendi.

592 5805 603 5836 ²
620 5809 656 5860 lta
675 5809 752 5860 etiarn
773 5807 909 5872 aebalus,
927 5809 999 5890 eard.
1013 5811 1089 5872 llugo
1102 5815 1126 5860 et
1139 5811 1271 5876 Lyranos;
1285 5811 1397 5874 Vulgata
1410 5797 1481 5864 Pro-'¹

517 5901 578 5966 pter·
597 5911 684 5966 petent.

592 5981 603 6012 ³
623 5985 696 6038 Vera.
716 5983 741 6036 7.
758 5975 873 6056 -Serp
893 5983 972 6038 locus
983 5989 1023 6036 εει
1041 5987 1103 6048 Sap.
1122 5985 1146 6046 l,
1166 5987 1191 6034 3.
1210 6013 1244 6020 -
1263 5985 1353 6034 Glossa
1378 5983 1477 6038 interli-

520 6073 627 6128 nearis:
647 6065 686 6126 ab
706 6073 770 6138 lton,
791 6087 803 6124 a
824 6075 892 6136 Deo,
911 6077 940 6126 ιιι
959 6071 1065 6126 reorent
1084 6069 1214 6136 iniustus,
1233 6071 1306 6124 Cain.

541 6193 543 6196 -
593 6161 700 6216 *Vera
720 6163 744 6214 6.
759 6165 798 6202 “-
816 6155 938 6226 sequitur
957 6163 975 6212 l.
992 6161 1113 6226 leand,
1133 6161 1173 6214 lb.
1233 6167 1235 6170 '

592 6249 603 6280 ⁶
623 6253 698 6304 Vers.
718 6253 747 6316 8,
767 6251 812 6304 ubi
830 6265 879 6316 pro
899 6253 993 6304 coebo
1012 6253 1123 6316 Vulgata
1148 6247 1287 6304 odbertus.
1304 6277 1342 6288 -
1361 6247 1477 6302 Subinde

521 6353 568 6404 pro
588 6339 759 6408 fraternitas,
784 6341 855 6408 qnod
873 6337 995 6392 exhibent
1013 6339 1092 6392 etiam
1110 6339 1247 6402 Rabanus,
1267 6337 1338 6390 card.
1356 6337 1433 6408 llugo
1452 6341 1477 6388 et

521 6427 653 6496 hyrenes,
673 6431 784 6494 Vulgata
802 6427 925 6498 fraterni.
1017 6499 1018 6502 Ἰ
1047 6425 1060 6438 ’Χ

591 6513 674 6570 ‘Gla
692 6533 773 6584 supra
792 6525 852 6570 nota
872 6519 896 6568 2.
915 6545 950 6558 -
968 6505 1074 6570 Interius
1097 6519 1224 6584 allegatur
1244 6517 1308 6568 Gen.
1328 6517 1359 6580 6,
1381 6515 1422 6568 lp.
1442 6541 1476 6550 -

435 6611 441 6620 ·
521 6601 639 6658 Subinde
659 6621 707 6670 pro
725 6621 743 6658 o
761 6619 815 6676 pue
834 6609 855 6658 A
872 6619 891 6658 c
910 6619 969 6676 pno.

592 6687 603 6718 '¹
622 6693 696 6744 Vers.
716 6695 741 6744 7.
759 6695 798 6734 ·-'
813 6697 963 6760 Sequuntur
981 6697 1027 6748 ler.
1048 6695 1090 6762 rt,
1105 6697 1147 6748 ι3.
1160 6699 1184 6748 ει
1197 6697 1261 6748 Gen.
1275 6695 1300 6758 7,
1310 6693 1356 6760 2ι,
1369 6691 1415 6744 ubi
1427 6703 1476 6756 pro

521 6773 550 6828 in
567 6781 642 6830 terro
662 6781 774 6854 Vulgata
794 6797 874 6850 seper
894 6787 1005 6836 terrore.

593 6861 603 6892 ⁸
621 6867 654 6918 Ut
673 6867 735 6920 dicit
752 6871 843 6922 Glossa
861 6869 1056 6936 interlbteoris,
1075 6885 1145 6938 quae
1163 6871 1239 6924 etiam
1264 6871 1344 6938 paulo
1368 6867 1478 6922 interius

1201 529 1394 598 demutent.
1418 531 1455 598 [Ν
1478 531 1695 598 slrttltttltt
1718 531 1750 598 C.
1775 531 1809 598 Χ.

1538 707 1653 792 ptimo:
1681 733 1698 768 a
1714 707 1901 774 decedentes
1923 725 1944 772 a
1966 711 1996 772 ιε
2021 705 2052 774 iu
2078 709 2177 772 terra·
2192 705 2370 774 scribentur
2385 729 2416 784 »ς
2441 705 2495 772 de-

1538 811 1630 882 lendo
1652 811 1744 880 etiam
1769 829 1892 878 omnem
1915 829 2042 880 carnem
2067 811 2097 876 in
2123 817 2208 876 terra
2230 809 2421 890 viventium,
2446 829 2493 878 se·

1538 917 1676 984 cundum
1701 915 1777 982 illud
1800 913 1927 982 Genesis
1945 917 2092 1000 septimo:
2116 943 2133 976 a
2147 913 2317 982 Conmmta
2330 921 2378 982 est
2393 915 2494 984 omnis

1538 1041 1629 1102 caro,
1653 1039 1733 1108 quae
1750 1021 1935 1087 movebatur
1952 1021 1980 1086 in
2000 1027 2082 1090 terra
2099 1021 2494 1088 »salmoriacensem

1534 1127 1680 1212 pientio,
1705 1121 1822 1192 scilieet
1844 1125 2016 1206 mundum,
2032 1127 2114 1194 sicut
2130 1125 2249 1194 scilicet
2262 1125 2350 1210 prius
2367 1145 2494 1194 sanare-

1537 1238 1588 1300 rat
1602 1231 1711 1310 Adam
1726 1231 1872 1308 rennuit,
1888 1231 2027 1318 inquam,
2042 1231 2208 1312 mundum,
2224 1231 2340 1300 scilicet
2355 1231 2459 1318 ipsum
2475 1251 2495 1300 a
2601 1297 2605 1304 .

1538 1335 1628 1402 malis
1644 1333 1823 1402 hominihus
1838 1337 2016 1420 purgando;
2029 1357 2091 1422 per
2102 1335 2334 1424 contemptibile
2350 1337 2493 1424 liparim,

1543 1441 1599 1508 «id
1612 1447 1660 1508 est
1670 1459 1727 1526 per
1739 1441 1866 1508 arcam*8
1877 1443 2172 1530 »contemptibilem
2187 1445 2218 1510 in
2228 1443 2359 1510 materia
2375 1449 2405 1510 ει
2420 1461 2494 1510 εοε-

1539 1553 1689 1630 temptam
1705 1545 1743 1612 ab
1760 1545 1889 1630 illisqui
1907 1565 1974 1612 eam
1995 1549 2114 1614 frustra
2137 1549 2291 1616 aedificari
2318 1549 2493 1618 credebant.

1539 1653 1688 1728 laetum,
1711 1675 1725 1708 «
1742 1649 1859 1718 scilicet
1875 1651 1938 1720 Noe
1954 1677 1983 1730 ι,
2002 1651 2040 1720 tle
2055 1671 2119 1738 quo
2135 1653 2262 1722 Genesis
2277 1663 2386 1722 sexto:
2402 1681 2418 1714 «
2432 1657 2494 1722 Noe

1539 1759 1588 1826 vir
1610 1757 1714 1826 iustus
1729 1783 1746 1816 a
1775 1763 1849 1836 etc.;
1872 1757 2083 1844 gubernans,
2107 1759 2224 1826 scilicet
2240 1761 2323 1828 inter
2337 1779 2492 1846 aquarum

1539 1863 1758 1934 inundationes
1780 1863 1884 1948 ipsum
1907 1881 1924 1930 a
1949 1863 2164 1930 submersione
2189 1865 2366 1944 liberand03
2384 1885 2494 1932 secun-

1538 1971 1596 2038 dae
1619 1969 1701 2038 petri
1724 1969 1905 2038 secuntur:
1936 1995 1952 2028 a
1967 1969 2120 2036 Octavum
2151 1971 2214 2038 Noe
2246 1969 2382 2038 iustitiae
2402 1989 2495 2056 prae-

1539 2095 1650 2148 conem
1679 2077 1863 2156 custodivit,
1897 2075 2013 2144 mundo
2040 2077 2195 2142 diluvium
2216 2077 2368 2144 inducens
2384 2105 2412 2142 t.
2447 2077 2494 2144 hi·
2513 2087 2645 2184 Afflspm

1539 2203 1638 2272 gnum
1660 2191 1767 2252 autem
1789 2183 1866 2250 illud
1890 2183 2082 2270 significahat
2105 2201 2251 2262 crucem,
2268 2183 2342 2268 quia
2357 2189 2494 2250 contem·
2610 2173 2616 2184 ’

1539 2289 1656 2374 ptibilis
1678 2295 1726 2356 est
1749 2289 1945 2370 infidelihuS,
1968 2289 2040 2356 licet
2055 2289 2201 2356 fidelihus
2223 2287 2264 2354 sit
2285 2289 2493 2368 venerabilis3

1538 2397 1623 2464 unde
1646 2397 1767 2482 primae
1788 2397 1828 2464 ad
1857 2395 2034 2464 Corinthios
2066 2387 2183 2482 primo:
2213 2395 2383 2462 «Verbum
2410 2395 2493 2462 enim

1540 2501 1645 2566 crucis
1668 2501 1874 2584 pereuntibus
1898 2501 2029 2568 stultitia
2052 2507 2099 2568 εει
2115 2527 2132 2560 a
2159 2507 2234 2580 etc.;
2260 2501 2334 2568 item
2356 2495 2493 2568 ibidem:

1545 2593 1562 2662 a
1577 2605 1794 2672 praedicamus
1806 2603 1973 2682 ¹Christum
1991 2605 2202 2686 crucifixum,
2224 2607 2344 2674 ludaeis
2368 2605 2495 2692 quidem

1540 2709 1719 2776 scandalum
1736 2737 1752 2770 a
1781 2717 1839 2778 etc.
1872 2703 1873 2706 ’
2225 2757 2230 2766 .

1628 2817 1718 2882 Haec
1739 2823 1770 2882 et
1791 2815 1828 2882 in
1850 2833 2011 2882 consensu
2033 2821 2091 2882 etc.
2116 2815 2169 2882 Hic
2186 2817 2283 2902 tangit
2307 2819 2493 2884 beneficium
2524 2829 2607 2884 ulpia
2622 2831 2657 2872 be·

1540 2915 1708 3006 sapientiae
1720 2923 1865 2988 collatum
1882 2921 1912 2988 iu
1929 2941 2063 3006 persona
2079 2919 2250 3002 Abrabae,
2267 2923 2369 3008 primo
2384 2927 2495 3012 pecori
2511 2881 2658 2978 bibbbuemcb

1538 3047 1593 3106 se‚·
1615 3025 1770 3106 secunda,
1794 3027 1832 3094 ira
1852 3047 1917 3094 seu
1937 3027 2147 3114 posteritate:
2171 3031 2211 3094 Ει
2234 3029 2270 3094 irt
2291 3027 2371 3114 liliis
2384 3029 2409 3070 1⁰
2434 3037 2491 3096 alc.
2512 2989 2586 3032 ’Μ

1628 3135 1728 3218 (Vers.
1756 3133 1807 3214 6.).
1833 3133 1912 3202 Dicit
1936 3151 2028 3220 ergo:
2051 3135 2158 3214 Haec,
2183 3133 2299 3202 scilicet
2327 3135 2492 3220 sapientia,
2511 3145 2613 3190 trimum·

1539 3247 1587 3322 et,
1610 3241 1722 3320 etiam,
1746 3259 1823 3308 cam
1844 3259 1878 3306 se
1899 3239 2067 3320 notiones,
2091 3241 2122 3306 id
2153 3247 2200 3308 est
2228 3241 2314 3308 illius
2343 3241 2493 3326 temporis

1540 3345 1681 3412 homines
1694 3345 1723 3412 in
1737 3345 1812 3412 vitio
1829 3345 1996 3412 nativitatis
2013 3347 2220 3430 perdurantes
2232 3341 2274 3426 11,
2285 3347 2492 3426 extulissent,

1539 3451 1570 3518 id
1594 3457 1656 3530 est,
1680 3457 1774 3518 extra
1791 3469 1970 3518 mensuram
1997 3469 2087 3518 suam
2111 3451 2243 3518 elatione
2267 3451 2369 3520 cordis
2391 3457 2421 3518 et
2445 3469 2495 3520 co-

1540 3565 1615 3624 natu
1640 3555 1742 3642 operis
1767 3557 1938 3636 tulissent,
1952 3563 2060 3624 contra
2076 3557 2159 3644 qrrorl
2175 3557 2290 3624 dicitur
2307 3559 2338 3624 in
2355 3549 2493 3626 psalmo:

1545 3691 1560 3722 «
1577 3663 1723 3742 Domine,
1746 3681 1807 3730 non
1833 3669 1880 3730 εει
1910 3663 2083 3730 exaltatum
2114 3681 2167 3730 cor
2199 3681 2336 3730 rneum»
2363 3672 2421 3732 etc.
2453 3665 2495 3730 ln

1540 3787 1700 3836 consensu
1715 3769 1891 3854 superbiae
1904 3769 1950 3848 ¹²,
1973 3769 2004 3834 id
2027 3775 2137 3834 estex
2162 3769 2310 3852 snperbia
2333 3769 2493 3850 veniente,

1540 3893 1603 3960 quo
1634 3873 1751 3940 scilicet
1781 3891 1953 3956 consensu,
1976 3875 2026 3940 vel
2048 3895 2110 3960 qua
2139 3875 2300 3958 superbia,
2327 3877 2494 3968 voluerunt

1540 3981 1656 4048 turrim
1687 3979 1851 4048 aedificare
1883 3981 2109 4066 pertingentem
2135 3981 2295 4068 usquead
2321 3983 2442 4048 caelum
2462 3989 2495 4048 et

1541 4105 1655 4154 nomen
1678 4105 1773 4154 suum
1795 4087 1972 4168 celebrare
1997 4105 2134 4174 quorum
2158 4095 2332 4174 utrumque
2347 4087 2495 4172 superbia

1539 4191 1614 4270 luit,
1637 4191 1765 4258 ¹Genesis
1787 4187 1962 4258 undecimo.
1995 4193 2079 4258 Ceret
2100 4213 2151 4272 se,
2176 4193 2323 4278 inquam,
2345 4191 2494 4260 notiones

1539 4297 1728 4366 eatretissent
1742 4305 1819 4378 etc.;
1837 4297 1950 4378 sciuit,
1973 4299 2091 4366 scilicet
2105 4297 2270 4384 sapientia,
2293 4297 2494 4384 approbando

1540 4411 1572 4470 et
1595 4403 1737 4490 eligendo
1761 4409 1791 4470 ει
1814 4405 1946 4470 amalis
1976 4405 2166 4490 separando;
2199 4405 2352 4472 secundae
2375 4405 2413 4472 ad
2445 4405 2494 4472 Ti-

1540 4509 1702 4576 motheum
1716 4509 1851 4576 secundo
1863 4511 1908 4574 ¹³:
1926 4535 1943 4568 a
1956 4511 2044 4576 Novit
2060 4511 2211 4576 Dominus
2226 4511 2280 4596 qui
2297 4517 2371 4578 sunt
2384 4511 2451 4578 eius
2462 4537 2493 4592 »3

1540 4621 1667 4680 econtra
1689 4613 1780 4680 malis
1807 4615 1923 4682 dicitur
1947 4613 2090 4682 blatthaei
2114 4615 2268 4700 septimo:
2296 4617 2494 4702 «Nunquam

1540 4719 1611 4788 novi
1636 4739 1690 4786 vos
1706 4743 1736 4798 »3
1770 4721 1914 4798 iustum,
1947 4721 2063 4788 scilicet
2093 4723 2266 4802 ahraham,
2297 4721 2351 4808 qui
2381 4721 2494 4788 dicitur

1540 4827 1650 4894 instes
1679 4825 1930 4894 antonomastice.
1966 4829 2006 4892 Ει
2035 4827 2241 4894 conservavit
2281 4827 2333 4894 ine
2362 4827 2494 4918 querele

1543 4933 1624 5010 Deo,
1655 4957 1670 4990 a
1686 4931 1718 4996 in
1749 4931 1860 4996 medio·
1882 4951 1996 5018 pravae
2021 4939 2050 4998 et
2074 4951 2239 5018 perversae
2270 4933 2443 5002 εειιεειεΝι
2462 4961 2493 5014 r,

1541 5037 1624 5122 quod
1649 5037 1707 5104 luit
1729 5037 1870 5116 difficile3
1896 5039 1995 5104 Lucae
2020 5037 2139 5124 primo:
2166 5041 2293 5106 «Erant
2317 5041 2407 5106 amhn
2428 5041 2495 5106 siue

1540 5473 1587 5524 per
1606 5459 1709 5514 iustam
1727 5461 1802 5512 docet
1828 5459 1932 5524 intelligi
1952 5455 2069 5512 rVoa-
2089 5459 2149 5524 ch.
2167 5459 2239 5510 locus
2252 5463 2290 5510 εει
2302 5455 2366 5510 Gerr.
2380 5459 2408 5522 6,
2420 5459 2448 5510 9.
2459 5485 2495 5496 -

1540 5551 1619 5602 paulo
1640 5549 1743 5602 interius
1763 5563 1792 5602 ex
1811 5549 2031 5602 B‘substituimus
2050 5547 2079 5602 in
2096 5545 2211 5600 moletia
2228 5559 2277 5610 pro
2296 5545 2479 5600 immundum.

1610 5633 1622 5664 ⁹
1642 5639 1716 5690 Vers.
1735 5639 1813 5690 6.-
1832 5639 1890 5688 Duo
1908 5651 1981 5702 seqq.
2000 5635 2050 5688 loci
2069 5641 2130 5686 sunt
2148 5635 2164 5686 l.
2183 5633 2241 5686 Cur.
2264 5635 2286 5698 ι,
2300 5635 2380 5686 laet
2393 5635 2434 5686 23.
2449 5635 2495 5686 Ra·

1541 5723 1638 5776 banus:
1658 5725 1752 5776 ditiore
1777 5729 1863 5776 autern
1890 5737 1968 5776 sensu
1982 5737 2034 5788 per
2053 5719 2244 5788 contemptibile
2270 5719 2373 5788 ir'pnnrrt
2393 5719 2496 5776 iustum
2557 5753 2559 5758 ,

1541 5809 1708 5878 gubernans,
1727 5809 1857 5878 sapientie
1876 5809 2032 5862 restauravit
2048 5821 2133 5872 genus
2147 5809 2304 5874 humanum,
2324 5809 2427 5878 qrraudo
2447 5821 2494 5874 per

1541 5897 1689 5962 passionem
1709 5897 1794 5950 crucis
1812 5895 1906 5950 Christi
1924 5895 2001 5948 totius
2021 5895 2112 5950 mundi
2132 5895 2227 5948 delevit
2245 5905 2383 5962 peccatum
2402 5903 2450 5950 ειε.

1613 5969 1636 6012 ¹⁰
1655 5983 1791 6046 Dabauus,
1809 5983 1882 6038 card.
1901 5987 1977 6060 Hugo
1990 5990 2016 6035 et
2029 5985 2148 6048 Lyranus
2165 5985 2269 6052 legunt:
2287 5987 2322 6040 Et
2335 5985 2361 6040 t'tt
2373 5985 2436 6058 liliis
2450 5983 2496 6040 trti-

1540 6071 1716 6126 serr'eordt'ern
1737 6073 1836 6142 fortem
1859 6069 2017 6138 custodibit,
2036 6073 2161 6138 Vulgata:
2182 6073 2261 6130 Elin
2279 6073 2331 6144 filii
2346 6073 2495 6130 erisericor-

1541 6159 1587 6214 dio
1604 6161 1702 6228 sorbent
1721 6159 1869 6216 cnstodicit.

1612 6245 1632 6278 ¹¹
1653 6249 1705 6304 Cir.
1723 6265 1803 6314 supra
1822 6263 1885 6316 pag.
1906 6249 1971 6312 lbi,
1989 6255 2050 6304 troia
2070 6249 2096 6304 7.
2108 6279 2144 6292 -··
2156 6251 2307 6304 immediate
2320 6255 2379 6316 post
2391 6263 2439 6316 pro
2452 6263 2497 6302 ee·

1541 6335 1674 6402 tulissent,
1694 6339 1768 6404 quod
1787 6337 1883 6390 habent
1901 6337 1978 6408 etiam
1997 6339 2069 6392 card.
2088 6341 2164 6406 Hugo
2183 6345 2212 6394 ει
2231 6341 2361 6404 Lyrauus,
2382 6339 2494 6400 Vulgata

1541 6423 1719 6480 contulissent.
1739 6425 1855 6478 Subinde
1872 6427 1998 6490 allegatur
2018 6429 2056 6480 ps.
2078 6429 2151 6492 730,
2163 6429 2188 6480 l.
2230 6499 2231 6502 Ἴ

1611 6509 1634 6542 ¹²
1643 6515 1709 6568 Vide
1719 6529 1797 6580 supra
1808 6515 1870 6580 pag.
1882 6515 1941 6580 ret,
1952 6523 2012 6568 uota
2023 6517 2047 6570 5.
2056 6517 2406 6580 -lnseriusallegaturGan
2417 6517 2459 6578 ll,
2470 6515 2494 6568 b.

1611 6595 1634 6628 ¹³
1648 6601 1722 6654 Vers.
1736 6603 1784 6654 te:
1796 6601 1926 6668 Cognovit
1937 6589 2066 6658 Dominus
2079 6609 2126 6658 etc.
2138 6631 2171 6644 -··
2183 6603 2304 6670 Seurrilur
2318 6605 2403 6656 blatth.
2414 6601 2442 6666 7,
2453 6603 2495 6654 23.

1611 6685 1634 6716 ¹⁴
1647 6691 1710 6742 phil.
1730 6693 1759 6758 2,
1781 6691 1827 6744 lb:
1846 6693 1878 6746 ut
1898 6691 1952 6746 sitis
1970 6691 2026 6746 siue
2043 6695 2150 6760 quaele
2168 6697 2194 6744 ει
2213 6691 2357 6756 simplices,
2380 6691 2423 6744 tilii
2448 6691 2495 6742 Dei

1541 6775 1596 6830 sine
1613 6781 1830 6846 reprehensione,
1849 6781 1874 6834 in
1893 6783 1980 6836 medio
1998 6781 2109 6836 nationis
2128 6793 2226 6848 pravae
2244 6787 2271 6832 et
2291 6793 2441 6846 perversae.
2459 6807 2496 6820 ι·-

1541 6865 1602 6934 Seq.
1619 6865 1692 6920 locus
1711 6871 1749 6920 εει
1768 6871 1829 6922 Luc.
1850 6871 1873 6934 l,
1894 6871 1919 6924 6.
