5908 8266
484 539 573 628 'ern

513 763 529 794 ‹<
547 745 722 822 posuerunt
756 739 905 806 lesum».
940 775 986 786 —
1021 739 1052 804 ln
1083 739 1177 802 horto
1207 735 1269 802 fuit
1298 735 1468 814 iacemus,-

508 843 592 910 unde
616 849 645 910 et
670 843 781 922 llario,
799 843 924 928 qsiando
937 843 1041 928 prium
1061 841 1138 908 vidit
1155 839 1341 920 Dominum,
1357 839 1467 906 existi·

508 949 623 1030 oravit,
639 969 712 1018 euin
739 951 942 1018 hortulanum
960 967 1047 1028 esse,
1063 947 1184 1016 ioannis
1207 947 1375 1032 vigesimo,
1391 947 1467 1032 quia

507 1057 625 1124 seilicet
648 1057 679 1122 in
703 1057 797 1122 horto
818 1057 982 1122 invenerat
1004 1075 1087 1120 enni.
1106 1055 1223 1120 -Per
1245 1053 1305 1120 hoc
1329 1053 1469 1138 intellige

372 1177 482 1240 agustus
507 1163 732 1248 spiritualiter
753 1161 908 1246 triplicem
944 1163 1093 1240 hortum,
1124 1159 1251 1226 hortum
1278 1159 1410 1240 scilicet,
1433 1159 1467 1226 in

364 1231 489 1286 ”mmm
509 1287 573 1354 quo
598 1269 741 1336 Christus
761 1267 1019 1354 persecutionem
1039 1267 1181 1352 patitur.
1206 1265 1260 1332 Hic
1284 1269 1331 1332 est
1354 1265 1469 1330 hortus

508 1375 701 1456 laurentianae
718 1373 1020 1458 conccupiscentiam·
1035 1373 1073 1440 da
1090 1389 1154 1458 quo
1169 1371 1253 1438 tertii
1278 1375 1396 1456 Regum
1420 1369 1467 1438 vi-

507 1483 624 1568 gesimo
640 1481 787 1566 primo1:
808 1479 883 1546 «alit
900 1479 1003 1546 heliab
1020 1479 1058 1546 ad
1074 1479 1194 1546 Nahoth
1208 1505 1240 1558 »,
1258 1479 1288 1546 id
1303 1477 1467 1546 estdiabo

507 1589 558 1652 ius
581 1585 618 1652 ad
644 1585 816 1652 hominem:
847 1585 924 1652 «Da
946 1585 1025 1650 mihi
1043 1585 1163 1652 vineam
1181 1591 1287 1664 tuam,
1302 1591 1342 1650 ut
1354 1583 1464 1650 faciam

507 1693 586 1758 mihi
611 1693 738 1758 hortum
761 1691 883 1756 oleviam
901 1717 930 1756 a.
957 1729 996 1738 -
1023 1693 1152 1770 hortae,
1176 1689 1209 1756 in
1232 1709 1296 1774 quo
1319 1689 1467 1756 Christus

507 1797 735 1876 absconditur,
760 1805 807 1864 est
824 1799 936 1864 hortus
960 1817 1080 1864 severae
1104 1795 1317 1882 Scriptorum
1340 1795 1377 1864 de
1403 1815 1467 1882 quo

506 1895 635 1972 dicitnr
657 1904 778 1970 anirnae
810 1903 1069 1990 contemplativae
1104 1903 1303 1970 Canticornm
1336 1907 1464 1970 octavo:

512 2011 603 2096 «Qui
626 2011 749 2076 halitus
776 2003 810 2076 'in
826 2013 827 2016 ’
845 2011 963 2090 hortis,
993 2011 1084 2076 aurici
1120 2009 1302 2076 auscultant
1333 2015 1384 2086 te;
1415 2009 1464 2076 iac

506 2139 556 2186 nte
581 2119 688 2186 andire
713 2137 820 2188 vocem
846 2127 930 2186 tuam
949 2145 978 2182 a.
1004 2119 1203 2196 -Hortus,
1232 2115 1263 2182 in
1289 2135 1353 2202 quo
1374 2115 1465 2182 Chri-

394 2299 395 2304 ἵ
506 2231 575 2292 stus
599 2225 783 2304 intuerentur,
807 2223 924 2290 scilieet
961 2225 1073 2290 hortus
1096 2221 1202 2308 fidelis
1229 2221 1465 2300 coruscantior,-

506 2331 545 2398 de
577 2349 639 2416 arro
672 2329 872 2398 Garrtieovum
890 2335 1017 2418 ‚sextoz
1053 2355 1069 2386 a
1086 2327 1235 2396 Descendi
1268 2329 1298 2392 in
1336 2329 1464 2394 hortum

507 2455 631 2518 menni,
657 2445 691 2504 nt
717 2437 854 2506 viderem
878 2455 971 2520 ponia
992 2435 1179 2504 convallium
1193 2459 1226 2512 »3
1242 2441 1275 2500 θῖ
1296 2433 1413 2500 iterum
1430 2433 1464 2502 in

506 2545 629 2612 eodem:
660 2571 675 2602 α
691 2545 830 2610 Dilectus
852 2561 942 2610 mens
973 2543 1133 2638 descendit
1160 2541 1191 2606 in
1216 2543 1345 2608 hortum
1368 2559 1464 2608 saum

506 2651 545 2718 ad
570 2653 707 2718 areolam
730 2659 906 2718 aroni'atum
923 2677 954 2716 a.

848 2879 1009 2932 GOLLATlO
1030 2881 1113 2932 extit.

595 3077 696 3160 (Vers.
724 3075 798 3160 ti).
824 3075 912 3142 ,liitte
932 3075 1089 3162 gladium
1110 3085 1207 3142 tuaru
1229 3073 1267 3140 in
1288 3073 1460 3160 napinam.

598 3185 624 3248 l.
651 3181 743 3262 Nota,
769 3181 852 3268 qnod
875 3181 936 3248 tria
959 3199 1075 3268 genera
1097 3181 1260 3250 hominum
1278 3181 1378 3248 solent
1393 3199 1462 3266 por-

341 3311 431 3374 trinta,
444 3311 486 3364 gra·
506 3295 573 3354 tare
589 3287 741 3374 gladium,
763 3287 879 3356 scilicet
894 3289 1115 3374 malignantes
1128 3325 1169 3336 -
1182 3287 1360 3352 ventitantes
1373 3325 1414 3336 -
1430 3293 1462 3352 et

353 3365 441 3478 cviiii
455 3419 486 3460 ea
506 3395 722 3460 (terninantea
746 3431 787 3444 ···-
812 3395 864 3460 Est
889 3413 965 3480 ergo
986 3395 1108 3480 gladius
1132 3393 1413 3480 ruettipaantiurn,
1430 3399 1462 3460 et

377 3471 464 3526 “me“
505 3501 555 3568 hic
580 3509 626 3568 est
650 3499 781 3586 triplex,
805 3499 927 3586 gladius
952 3501 1095 3584 viclelicet
1117 3501 1273 3568 rccucoris
1289 3499 1326 3566 in
1347 3499 1461 3580 corde,

376 3631 399 3672 a
413 3631 483 3674 coice.
504 3609 542 3674 de
566 3625 629 3694 quo
651 3607 683 3672 in
708 3607 867 3674 Psalmo²z
899 3633 913 3666 (ι
929 3607 1056 3674 Gladius
1080 3625 1191 3676 eornm
1208 3607 1303 3674 intret
1320 3607 1350 3672 in
1367 3607 1461 3674 corda

506 3715 690 3800 ipsorum»;
714 3719 745 3780 et
768 3713 895 3782 Genesis
916 3715 1068 3800 vigesimo
1091 3713 1239 3800 septimo:
1270 3739 1284 3772 (ι
1302 3715 1335 3778 ln
1358 3713 1461 3798 gladio

505 3821 591 3892 vires
613 3827 645 3886 θῖ
678 3821 795 3888 servies
830 3821 919 3888 fratri
945 3829 1000 3888 tuo
1019 3849 1047 3886 a.
1075 3823 1105 3888 ln
1139 3821 1239 3906 gladio
1271 3821 1353 3886 enim
1386 3819 1462 3886 vivit

404 3949 426 3994 a
441 3959 485 3994 ou.
505 3927 558 4012 arvi
583 3927 719 4012 gladium
744 3927 774 3994 in
800 3928 894 3995 eorde
916 3929 1007 4014 gerit.
1032 3965 1075 3976 -
1098 3925 1226 3994 Gladius
1248 3925 1461 3994 detractionis

505 4035 540 4100 iu
564 4053 635 4112 ore:
657 4033 696 4102 de
719 4053 783 4120 quo
806 4035 838 4102 in
862 4036 1000 4102 Psalmo:
1022 4035 1119 4102 «Filii
1148 4033 1331 4112 horninum,
1353 4033 1461 4100 dentes

506 4159 615 4206 eornm
650 4159 738 4208 arina
769 4147 799 4208 et
832 4141 977 4228 sagittae,
1003 4149 1033 4210 et
1061 4141 1167 4228 lingua
1198 4159 1310 4206 eorvvm
1340 4139 1461 4226 gladius

506 4255 618 4316 :acutus
635 4271 664 4328 »ς
690 4237 931 4316 proverbiorum
956 4247 1104 4334 vigesimo
1133 4245 1261 4332 quinto:
1291 4273 1308 4304 «
1326 4245 1460 4312 tacidum

507 4363 537 4420 θῖ
560 4355 681 4440 gladius
705 4361 735 4420 et
760 4357 871 4440 sagitta
901 4361 994 4422 acuta
1010 4357 1134 4432 ‘lloht0,
1157 4353 1212 4438 qvvi
1244 4353 1386 4438 loquitur
1407 4353 1461 4420 ad-

506 4479 616 4540 versus
651 4461 834 4546 promarum
869 4481 963 4528 suum
999 4463 1113 4528 falsum
1136 4459 1393 4528 testimoninm».
1418 4497 1460 4510 --

377 4591 399 4632 u
412 4599 485 4644 opera.
505 4567 631 4636 Gladius
639 4567 861 4654 peruenerunt
890 4567 926 4636 in
939 4587 1048 4654 opere,-
1064 4567 1160 4636 Exodi
1177 4567 1297 4634 decimo
1314 4567 1459 4652 qvvtntossz

510 4675 717 4760 «Es‘nginaho
740 4667 877 4760 gladium
908 4693 1042 4742 merim»
1072 4681 1149 4752 eto.;
1181 4673 1257 4740 dicit
1285 4673 1459 4766 malignus

505 4781 588 4866 quod
624 4781 808 4866 intelligitur
838 4779 877 4846 de
910 4779 1139 4866 perseeutione.
1163 4815 1205 4828 ·-
1229 4779 1350 4846 Rancor
1378 4777 1460 4846 enim

398 4907 400 4914 ’
504 4897 551 4954 θεῖ
572 4887 693 4974 gladius
708 4887 938 4982 absconditum
953 4887 1148 4972 persecutio,
1165 4885 1287 4972 gladius
1304 4885 1460 4972 enapina-

505 5003 578 5072 tua:
600 4993 685 5062 unde
707 4993 822 5062 itidem
845 4993 978 5062 dieitur:
999 5003 1028 5052 '«
1044 4981 1132 5062 Dixit
1163 4993 1329 5062 inimicus:
1353 4993 1459 5062 Perse-

504 5119 584 5188 quar
607 5107 639 5168 et
660 5101 925 5186 comprehendam
943 5129 958 5162 a
987 5107 1066 5182 eto.;
1090 5109 1122 5168 et
1155 5101 1319 5186 sequitur:
1352 5129 1368 5160 ι(
1385 5101 1459 5168 Eira·
1567 5185 1569 5192 χ

505 5207 616 5292 ginaho
654 5207 792 5292 gladium
830 5227 955 5286 mentri,
987 5215 1017 5274 et
1048 5205 1214 5274 interficiet
1253 5225 1307 5274 eos
1348 5227 1460 5274 suanus
1514 5277 1515 5282 ,

506 5331 574 5380 mea
588 5339 604 5370 a
635 5320 693 5380 etc.

592 5423 622 5486 ἓ.
648 5421 699 5488 Est
726 5421 848 5506 gladius
881 5421 1096 5488 militantium
1132 5419 1263 5508 triplex:
1302 5419 1460 5488 Doctrina

344 5547 484 5592 mmsuu-
503 5527 668 5604 uoritatts,
693 5531 840 5612 quaeest
863 5526 985 5612 gladius
1009 5545 1196 5614 expugnans
1217 5527 1377 5594 diaholom
1401 5525 1459 5592 im-

375 5599 483 5698 oiiiiua.
503 5639 693 5718 pugnantem
728 5651 784 5718 pm
820 5631 1020 5720 fallaciosis:
1055 5633 1093 5698 de
1133 5651 1196 5716 quo
1234 5633 1272 5698 ad
1313 5633 1458 5716 Ephesios

503 5739 634 5806 sextae:
663 5765 680 5798 «
696 5739 849 5806 assumito
872 5739 1010 5824 gladium
1034 5739 1181 5824 spiritus
1205 5739 1290 5826 quod
1318 5745 1366 5806 est
1388 5755 1458 5806 ver-

337 5863 480 5914 issimum.
503 5845 578 5912 hum
601 5845 654 5912 Dei
670 5871 700 5910 a.
725 5883 766 5894 -
791 5845 1003 5928 illortideatio
1026 5845 1458 5930 cornuumaueniens

392 5943 394 5948 ’
503 5969 688 6036 expugnans
710 5951 1131 6036 diahoiumimpugnantem
1154 5967 1211 6034 per
1228 5951 1457 6036 eovncapisccn-

504 6055 605 6134 tiara·
629 6057 684 6142 qui
706 6057 900 6144 significatus
924 6063 986 6136 est,
1007 6049 1148 6124 Indicum
1165 6057 1312 6142 septimo,
1329 6055 1456 6142 inpane

572 6469 580 6498 ¹
601 6471 678 6524 Vers.
695 6473 720 6522 2.
733 6473 845 6526 -Tres
858 6487 933 6540 secpq.
944 6473 994 6526 loci
1007 6477 1068 6526 suut
1079 6471 1179 6526 Contio.
1189 6475 1220 6536 ’8,
1236 6475 1282 6538 ῖ3;
1298 6475 1324 6536 d,
1340 6475 1380 6524 to.
1394 6479 1421 6526 et
1434 6473 1457 6536 l.

501 6591 503 6594 -
571 6557 581 6590 2
601 6561 693 6612 Psalmi
713 6561 762 6628 36,
783 6561 825 6614 ῖὸ.
842 6589 879 6604 ·-
899 6563 1050 6628 sarpiuntur
1068 6563 1131 6616 Gari.
1157 6561 1203 6628 27,
1231 6561 1277 6624 aa
1298 6565 1337 6616 Ps.
1364 6561 1412 6622 56,
1432 6559 1457 6612 5.

500 6653 525 6698 ot
543 6649 618 6702 Prov.
638 6651 687 6714 25,
707 6649 716 6700 t
725 6651 750 6702 8.

571 6733 581 6766 Β
600 6739 676 6790 Vera
695 6741 726 6800 h,
746 6737 792 6790 nhi
810 6739 887 6792 etiam
907 6757 937 6794 oc
956 6755 1025 6808 quae
1043 6739 1156 6796 subinde
1175 6741 1328 6806 allegantur.

571 6823 1458 6898 ‘VfflAi—Qmmmfflffddma—Qffim

500 6913 559 6964 voci
576 6913 678 6982 triplam
696 6917 715 6966 B
735 6919 856 6982 praehgtt
868 6921 899 6972 ¹et
916 6919 967 6972 hic.

947 559 1201 628 conterimus
1227 559 1452 652 thirannum
1477 559 1554 626 GhP.
1579 559 1678 628 xviii.
1704 559 1808 626 cont.
1835 559 1930 626 tuln.
1958 559 2052 626 tttt.

1532 735 1756 814 subcinericio,
1782 737 1838 820 qai
1860 753 1923 802 non
1946 741 2016 802 erat
2037 733 2140 814 aliud,
2163 741 2199 802 ut
2223 733 2338 802 ibidem
2360 735 2487 814 dicitnr,

1532 841 1590 908 nisi
1618 865 1635 900 a
1651 841 1773 928 gladius
1795 841 1850 910 Dei
1873 845 1906 908 θῖ
1927 841 2120 910 Gedeonis».
2145 841 2233 908 Panis
2258 841 2487 910 subcinericius

1531 953 1580 1014 est
1600 947 1797 1014 mortificatio
1834 947 1956 1026 carnis,
1985 947 2040 1032 qni
2076 953 2124 1016 est
2139 933 2272 1034 ¹gladius
2304 947 2487 1016 interimens

1531 1057 1635 1120 castra
1656 1053 1794 1132 ltadian,
1809 1053 1842 1120 id
1865 1061 1913 1120 est
1936 1059 2040 1120 motus
2055 1053 2328 1138 concupiscentiae
2342 1055 2484 1120 carnaiis.

1529 1195 1573 1204 -
1598 1159 1785 1226 ,aemulatio
1807 1159 1980 1238 caritatis,
1997 1177 2080 1246 quae
2102 1167 2151 1228 est
2164 1159 2286 1246 gladius
2300 1177 2487 1246 expugnans
2507 1175 2634 1220 raanan.

1529 1265 1685 1332 diabolum
1724 1265 1959 1352 impugnantem
1982 1285 2040 1350 per
2063 1267 2271 1346 oiohrctianc,
2294 1267 2379 1352 qviod
2406 1267 2486 1354 tigu-

1531 1379 1634 1438 ratum
1659 1379 1707 1438 est
1730 1371 1761 1438 in
1796 1373 1899 1456 gladio
1928 1371 2066 1452 Goliath,
2092 1373 2182 1458 primi
2215 1375 2334 1458 Regum
2363 1373 2485 1440 decimo

1530 1477 1662 1560 septimo
1673 1477 1698 1554 ⁵,
1727 1501 1741 1534 (ι
1759 1495 1822 1564 quo
1846 1477 2001 1544 interiecit
2025 1495 2096 1546 enm
2119 1479 2261 1546 David».
2285 1479 2373 1546 tanc
2390 1479 2486 1546 inter·
2573 1479 2574 1484 ’

1529 1579 1634 1646 ficitur
1658 1579 1780 1648 Goliath
1802 1579 1931 1666 proprio
1956 1581 2074 1666 gladio,
2089 1581 2214 1666 quaudo
2235 1581 2396 1650 diabolum
2419 1587 2485 1648 ten-

1530 1693 1647 1752 tantem
1669 1689 1719 1756 rel
1742 1687 1945 1754 tribulantem
1973 1695 2100 1774 superat
2135 1687 2272 1756 caritatis
2299 1687 2484 1768 cumulatim

1529 1797 1561 1860 et
1574 1793 1612 1860 do
1629 1793 1689 1860 hoe
1710 1793 1810 1880 gladio
1827 1793 1942 1862 dicitur
1961 1795 2050 1878 primi
2069 1795 2186 1880 Regum
2205 1793 2352 1880 vigesimo
2368 1795 2483 1880 primo,
2594 1867 2600 1880 ,

1529 1897 1612 1984 quod
1642 1925 1657 1956 «
1672 1919 1734 1968 non
1760 1907 1804 1966 est
1829 1899 1908 1968 alter
1931 1897 2007 1966 huic
2030 1899 2187 1966 similis».

1616 2005 1873 2092 ansiprand
1906 2005 1964 2072 hos
1989 2005 2112 2092 gladius
2144 2005 2391 2074 dornir'cantirnn
2418 2007 2647 2082 sisenandus.

1528 2109 1752 2194 indicantium,
1777 2121 1807 2182 et
1842 2113 1894 2180 hie
1923 2119 1971 2182 est
1995 2113 2131 2198 triplex,
2153 2113 2272 2182 scilieet
2285 2111 2407 2198 gladius
2435 2111 2616 2182 di-nuuau.

1528 2219 1719 2298 curationis,
1751 2221 1788 2288 de
1817 2239 1881 2308 auo
1910 2219 1950 2286 ad
1977 2221 2132 2288 Hebraeos
2166 2221 2322 2306 quaeue:
2354 2245 2371 2278 a
2387 2219 2484 2286 Vivus

1529 2331 1577 2392 est
1600 2343 1704 2392 sermo
1726 2327 1782 2394 Dei
1797 2335 1830 2394 θῖ
1852 2327 1965 2394 efficax
1989 2335 2021 2396 θῖ
2042 2325 2266 2412 penetrabilior
2282 2325 2367 2392 omni
2383 2325 2484 2412 gladio

1529 2431 1654 2516 ancipiti
1670 2459 1702 2498 a.
1727 2433 1917 2500 -Gladius
1949 2433 2163 2516 (delinitionis
2188 2435 2227 2502 de
2250 2453 2314 2520 quo
2336 2435 2484 2522 Apocalp-
2504 2455 2613 2500 nannieno.

1529 2539 1593 2624 psis
1616 2539 1734 2622 parium:
1767 2539 1838 2608 «De
1860 2557 1915 2606 ore
1939 2539 2049 2616 eius»,
2067 2539 2096 2606 id
2121 2547 2169 2608 est
2192 2539 2322 2620 Christi,
2348 2541 2484 2608 «exiliat

1433 2695 1434 2698 ,
1528 2643 1650 2728 gladius
1672 2661 1715 2726 ex
1730 2651 1866 2728 utraque
1890 2647 1977 2728 parte
2002 2651 2114 2710 acutus
2131 2671 2160 2708 a.
2179 2681 2220 2694 -
2237 2645 2365 2712 Gladius
2389 2647 2484 2712 ultio·
2504 2669 2568 2716 ursio.

1527 2749 1601 2826 reia,-
1611 2749 1651 2818 de
1666 2767 1729 2834 quo
1746 2749 1841 2818 Isaiae
1856 2749 1977 2834 perimo:
2002 2749 2060 2818 «Si
2076 2749 2241 2818 nolueritis
2258 2755 2288 2818 et
2304 2749 2342 2818 ad
2358 2749 2484 2818 iracun-

1527 2855 1608 2920 diam
1621 2873 1671 2922 me
1688 2855 1948 2942 provocaveritis
1963 2855 2085 2940 gladius
2099 2875 2191 2924 meus
2205 2855 2370 2924 devorabit
2384 2875 2440 2926 vos
2451 2883 2481 2922 n.

1529 2999 1572 3010 -
1600 2963 1654 3030 Hic
1681 2969 1727 3030 est
1756 2981 1830 3048 ergo
1853 2962 1968 3046 triplex
2002 2963 2124 3048 gladius
2152 2963 2268 3030 Christi
2299 2963 2483 3034 iudicantis:

1527 3075 1557 3136 et
1581 3077 1629 3136 est
1651 3069 1804 3136 (discretio
1829 3067 1917 3154 acrasi
1947 3067 2068 3154 gladius
2093 3077 2292 3154 penetratu,
2318 3069 2481 3154 deffinitio,

1526 3175 1614 3260 quasi
1640 3175 1762 3262 gladius
1782 3175 1932 3242 etinidens
1955 3175 2020 3242 sive
2044 3193 2169 3254 secans;
2189 3175 2286 3268 *attia
2306 3175 2394 3262 quasi
2418 3177 2483 3262 gla-

1526 3283 1596 3350 dius
1621 3283 1777 3350 occidens.
1805 3283 1855 3350 Est
1879 3301 2015 3366 namque
2037 3283 2154 3368 triplex
2187 3289 2274 3350 actus
2297 3282 2404 3370 gladii:
2427 3303 2483 3370 pe·
2573 3349 2577 3356 ,

1526 3397 1677 3468 caetrata,
1701 3409 1815 3456 ,secure
1837 3397 1869 3456 et
1892 3389 2045 3456 occidere.

1613 3497 1645 3562 d.
1671 3497 1707 3564 Et
1721 3505 1809 3576 nota,
1825 3495 1908 3582 qvvod
1925 3495 1985 3562 iste
2001 3495 2170 3562 ictdieiatis
2186 3497 2308 3582 gladius
2327 3505 2376 3566 est
2389 3517 2483 3564 exer·
2514 3521 2556 3566 nra
2569 3519 2647 3588 exsen-

1525 3603 1643 3670 oendus
1670 3603 1719 3672 vel
1748 3601 1943 3670 exserendus
1972 3621 1992 3670 a
2017 3601 2145 3670 Glaisto
2177 3603 2208 3670 iu
2240 3623 2338 3690 genus
2371 3607 2484 3672 iiuina-
2502 3577 2542 3672 iii.
2558 3587 2569 3616 ³
2588 3577 2647 3618 enri-

1525 3729 1624 3790 nnus:
1641 3711 1724 3778 aride
1740 3709 1938 3796 Apocalypsis
1959 3711 2085 3796 primo⁷
2104 3717 2135 3778 et
2150 3711 2348 3796 apocalypsis
2364 3711 2484 3778 deciano
2561 3759 2562 3762 ,

1524 3837 1625 3886 trono:
1646 3843 1661 3876 α
1679 3817 1722 3884 De
1739 3817 1879 3886 oreatus
1894 3817 2001 3884 exihat
2023 3817 2144 3904 gladius
2168 3837 2209 3886 ex
2234 3825 2371 3904 utraque
2393 3823 2484 3906 parte

1524 3931 1647 4002 acutus,
1663 3923 1742 3992 etin
1759 3925 1825 4008 ipso
1840 3923 1995 4010 percutiet
2011 3931 2118 4010 gentes
2134 3951 2163 3990 a.
2183 3961 2224 3976 --
2242 3925 2262 3992 h
2281 3925 2435 4012 praelato
2450 3925 2483 3992 in
2502 3949 2520 3992 a
2535 3951 2637 4004 praesen.

1525 4029 1687 4098 suhditum
1697 4055 1704 4110 ;
1716 4031 1756 4096 ad
1769 4031 1921 4098 humanos
1937 4031 2183 4098 decimotertio:
2200 4031 2278 4098 «Vis
2294 4051 2356 4098 non
2373 4031 2484 4100 timere

1524 4143 1736 4222 potestatem?
1760 4139 1839 4204 Bene
1863 4139 1929 4216 fac,
1952 4143 1986 4204 et
2009 4137 2136 4204 hahehis
2159 4139 2282 4206 laudem
2307 4157 2346 4206 cx
2377 4157 2423 4208 ea.
2452 4141 2484 4204 Si

1525 4249 1631 4312 autem
1654 4245 1735 4312 male
1758 4243 1887 4324 seceris
1910 4243 1995 4310 time.
2020 4243 2085 4312 Non
2111 4243 2193 4314 enim
2208 4245 2274 4312 sine
2301 4263 2394 4312 causa
2419 4245 2483 4332 gla-

1524 4351 1613 4416 dium
1636 4357 1742 4434 portat
1757 4377 1786 4414 ».
1806 4389 1848 4398 -η
1866 4351 1908 4416 ΑΙ)
1934 4347 2062 4418 ltonu'ne
2083 4351 2117 4418 in
2139 4369 2174 4420 se
2196 4351 2319 4438 ipsum3
2342 4351 2428 4420 unde
2450 4351 2484 4418 in
2501 4375 2535 4420 aa
2553 4375 2645 4420 nomene.

1526 4457 1661 4524 Psalmo:
1693 4483 1707 4516 c
1724 4459 1890 4542 Accingere
1913 4459 2014 4542 gladio
2039 4463 2093 4524 tuo
2125 4475 2220 4544 super
2243 4459 2347 4528 lentur
2372 4465 2481 4540 luunt,

1525 4565 1740 4648 potentissima
1755 4591 1785 4630 a.
1801 4601 1840 4614 -
1855 4563 2031 4648 Triplieiter
2048 4573 2215 4632 exercetur
2232 4585 2316 4632 tuus
2329 4567 2484 4636 iudicialis

1524 4669 1636 4756 gladii,
1660 4671 1785 4756 qnando
1809 4669 1959 4740 inclinium
1992 4673 2086 4740 hahet
2117 4671 2210 4738 leonio
2242 4679 2385 4760 respectu
2414 4675 2482 4756 sui,

1520 4779 1696 4864 praetatus
1719 4783 1866 4864 respectu
1888 4777 2022 4858 suhditi,
2051 4777 2130 4848 aaa
2148 4789 2201 4846 tens
2237 4799 2312 4850 vero
2336 4787 2482 4866 respectu

1524 4887 1649 4972 generis
1673 4887 1814 4954 humani.

1866 5119 2025 5174 concurro
2046 5101 2134 5174 exis.

1614 5317 1713 5400 (ders.
1744 5317 1817 5398 li).
1845 5317 2007 5394 Calicem,
2032 5335 2127 5404 actoru
2150 5317 2238 5382 dedit
2259 5315 2345 5382 recidi
2367 5317 2481 5396 Pata,

1523 5443 1590 5488 non
1613 5425 1683 5502 uis,
1706 5431 1745 5488 ut
1766 5423 1877 5492 biham
1901 5423 2024 5490 illane?

1617 5533 1643 5596 l.
1669 5531 1762 5608 Nota,
1779 5533 1865 5618 qrvod
1880 5535 1929 5600 est
1943 5531 2061 5614 triplex
2077 5531 2182 5614 catix,
2192 5529 2310 5598 scilieet
2325 5529 2410 5596 calix
2426 5527 2481 5596 ho-
2499 5549 2586 5610 τιθεῖ
2600 5557 2631 5592 a·

1523 5635 1625 5702 arinis
1646 5635 1733 5702 inuti
1745 5675 1788 5684 —
1805 5641 1834 5704 et
1859 5635 1950 5712 calix¹
1965 5633 2108 5702 leoninis
2123 5635 2206 5702 iusti
2222 5673 2263 5686 -
2279 5641 2310 5704 et
2325 5635 2409 5704 calix
2426 5635 2482 5702 lto·
2548 5603 2585 5646 Μ’

1521 5737 1774 5806 ricinia-Christi.
1790 5741 1929 5806 Primum
1945 5739 2097 5808 dehemus
2108 5741 2293 5828 proicere,-
2306 5743 2479 5810 secundum

1521 5845 1674 5912 dehemus
1696 5845 1820 5924 hibera
1844 5845 1937 5914 tertio
1959 5845 2111 5914 dehemus
2133 5849 2389 5916 coruncanicaro.

1612 5953 1641 6016 h.
1667 5951 1755 6016 Calix
1778 5971 1854 6038 ergo
1885 5953 2114 6036 proiiciendus
2144 5961 2191 6022 est
2224 5957 2305 6024 calix
2338 5963 2479 6042 peecato—
2498 5975 2583 6036 reims
2600 5975 2630 6016 aa

1523 6075 1614 6136 rum,
1637 6065 1669 6124 et
1693 6059 1743 6124 hie
1765 6067 1812 6124 est
1844 6057 1980 6142 triplex:
2010 6057 2187 6146 fortunae,
2213 6061 2328 6148 eulpae
2353 6069 2382 6130 et
2405 6081 2480 6148 poe·
2517 6027 2607 6082 '‘mle“

1592 6471 1697 6528 ὅῖθεε.
1717 6463 1762 6538 iil,
1783 6475 1848 6528 ihid.
1867 6475 1914 6540 ut,
1934 6475 1959 6526 9.
1978 6471 2088 6526 habetur
2106 6489 2162 6542 seq.
2181 6475 2264 6526 locris.

1591 6561 1604 6594 ⁶
1621 6565 1696 6616 Ver-s.
1709 6567 1719 6616 ῖ
1729 6569 1752 6618 t.
1764 6593 1802 6604 ·-
1813 6565 1930 6618 Subinde
1941 6565 2088 6628 allegantur
2100 6565 2182 6628 apoc.
2199 6565 2207 6616 t
2219 6603 2226 6628 ,
2240 6565 2283 6616 l6.
2295 6569 2320 6616 ot
2334 6565 2391 6616 lsai.
2402 6565 2425 6628 t,
2435 6565 2478 6616 20.

1522 6681 1556 6690 -·
1574 6653 1623 6706 Pro
1642 6651 1809 6706 discretionis
1827 6649 1994 6706 aduocato
2013 6653 2034 6704 B
2051 6649 2248 6720 disceptationis
2268 6659 2293 6704 ot
2310 6651 2477 6720 disceptatio.

1592 6737 1605 6770 '¹‘
1622 6741 1696 6794 Vens.
1718 6743 1758 6794 iti.
1777 6747 1803 6796 et
1823 6743 1870 6806 m,
1892 6741 1931 6794 15.
1952 6769 1986 6780 -·
2003 6741 2061 6796 Duo
2079 6755 2154 6808 seqq.
2167 6741 2216 6794 loci
2228 6747 2290 6794 sunt
2301 6743 2378 6796 Rom.
2393 6743 2440 6804 t3,
2456 6745 2480 6796 3.

1522 6829 1794 6896 mmffistd
2197 6867 2198 6870 ,
