5908 8266
572 557 636 642 aar
658 545 660 548 ·

625 777 633 812 4
660 735 721 814 bb.
737 733 840 814 (Vers
861 733 937 818 DS).
964 733 1152 810 'Diuaruut
1166 749 1243 818 ergo
1259 731 1288 798 ¹:
1316 731 1405 812 Quid
1424 727 1528 816 facie-

396 863 398 870 ·
448 853 550 900 riarium.
568 857 647 924 mus
668 845 727 912 etc,
751 839 904 924 Tangitur·
925 837 977 904 hic
1001 837 1149 916 tertium,
1164 835 1282 902 scilicet
1296 833 1528 902 dubitantium

491 937 492 942 ’
569 943 765 1022 turci-uectu-
788 945 957 1026 nonenim
986 943 1196 1028 intelligentes
1218 941 1334 1028 Christi
1357 941 1529 1008 correctio-

569 1069 661 1130 nem,
681 1049 1010 1136 incipiuutdubltare
1043 1056 1077 1118 ct
1092 1067 1272 1136 quaerere.
1304 1049 1436 1132 Propter
1467 1049 1529 1118 hoc

569 1155 629 1234 ait:
646 1155 821 1230 ,Dincruut
842 1175 918 1244 erga
955 1157 999 1222 ud
1030 1175 1119 1236 curu,
1147 1155 1265 1222 scilicet
1291 1153 1410 1220 ludaei:
1439 1155 1529 1238 Quid

569 1259 751 1346 lucremur,
764 1305 765 1308 =
776 1271 814 1328 ut
837 1281 1011 1346 operemur
1027 1279 1128 1346 opero
1145 1259 1229 1340 bonu
1247 1259 1306 1326 Dei
1313 1259 1333 1340 i¹
1346 1259 1419 1328 Ideo.
1432 1275 1529 1348 quae-

570 1367 682 1434 rebant
705 1361 748 1432 de
767 1367 964 1458 operatione,
986 1367 1062 1452 quia
1086 1383 1143 1452 per
1157 1365 1405 1442 iilamrolebant
1419 1367 1529 1442 venire

569 1471 602 1538 iu
625 1471 837 1548 relectionem.
858 1473 888 1542 ls
910 1473 991 1550 enirn
1017 1479 1062 1540 θεῖ
1079 1471 1173 1552 ordo;
1192 1473 1345 1546 secundae
1369 1475 1408 1540 ad
1431 1459 1528 1538 Thes-'-

570 1577 778 1668 salonicenses
798 1579 957 1664 ultimo²;
983 1579 1077 1664 «Qui
1103 1597 1166 1648 non
1200 1579 1320 1648 laborat
1349 1597 1411 1646 noo
1441 1595 1528 1644 man-

569 1685 663 1752 ducet
677 1709 718 1766 »;
740 1685 981 1754 proverbiorum
1016 1685 1215 1754 duodecimo:
1235 1713 1266 1746 u
1286 1685 1345 1770 Qui
1378 1689 1527 1768 operatur

461 1789 463 1794 ’
571 1797 688 1858 terram
711 1809 812 1858 -suam
848 1791 1046 1876 saturabitur
1082 1793 1275 1880 panibus».
1308 1791 1344 1872 Εῖ
1375 1787 1527 1854 Dominus

569 1903 759 1982 quaerentes
781 1917 835 1966 eos
850 1899 1001 1982 ¹instruit;
1026 1901 1109 1968 uude
1133 1899 1257 1966 subdit:
1303 1983 1305 1988 ,

659 2003 838 2088 bhlVers.
862 2003 1151 2092 anthemunta
1183 2005 1277 2070 Iecur
1299 2009 1331 2074 ct
1351 1997 1441 2066 uiuit
1460 1997 1526 2078 cio,

570 2111 686 2180 scilicet
712 2113 937 2198 quaerentibus
959 2119 989 2180 et
1024 2105 1351 2178 dubitantibuerac
1376 2113 1422 2172 ert
1445 2123 1527 2192 opus

570 2219 632 2310 Dei
639 2271 650 2300 ,
672 2227 714 2286 ut
734 2219 877 2288 credatis
900 2219 936 2286 iu
960 2237 1064 2294 cum,·
1079 2233 1172 2304 quem
1189 2213 1280 2280 uuisit
1303 2211 1364 2286 illc.
1397 2213 1466 2278 Hoc
1481 2219 1529 2278 ert

570 2345 654 2414 opus
675 2325 812 2406 bonrum,
830 2325 1020 2412 principium
1042 2319 1186 2414 omnium
1209 2319 1366 2400 bonorum
1384 2337 1526 2402 operum,

571 2431 719 2518 quoniam
739 2431 855 2498 dicitur
878 2429 916 2496 ad
939 2427 1094 2492 Hebraeos
1117 2423 1324 2492 undecimo³z
1346 2447 1362 2480 t<
1380 2423 1451 2490 Siue
1466 2423 1527 2490 lide

523 2525 532 2534 ²
569 2537 761 2624 impossibile
776 2543 823 2604 θεῖ
838 2535 961 2620 placere
983 2533 1095 2600 naut».
1123 2531 1182 2618 Qui
1207 2531 1275 2598 rult
1298 2531 1379 2598 bene
1401 2529 1525 2614 operari

569 2643 665 2710 alide
687 2641 780 2708 debet
800 2639 957 2724 inciperc;
979 2627 1105 2706 Genesis
1130 2629 1251 2716 decimo
1274 2635 1398 2720 quinto:
1421 2661 1438 2694 a
1454 2633 1527 2700 Cre-

569 2749 648 2816 didit
675 2747 832 2814 Abraham
861 2745 942 2826 Deo,
976 2751 1009 2812 et
1041 2749 1224 2830 reputatum
1262 2749 1310 2810 θεῖ
1342 2741 1372 2808 ei
1406 2741 1447 2806 ad
1478 2741 1526 2808 iu·

572 2853 688 2920 Sllildlss
706 2879 734 2916 u.
1139 2921 1141 2924 Ι
1268 2897 1272 2906 .

658 2959 711 3024 bb.
735 2957 837 3042 (Vere.
861 2955 939 3038 30.).
965 2957 1131 3022 Diueruut
1151 2973 1228 3042 ergo
1255 2953 1283 3020 ci
1298 2959 1356 3022 etc.
1376 2951 1526 3038 Tangitur

570 3065 811 3150 hirquinum,
836 3063 954 3140 scilicet
983 3061 1258 3128 contemnentium
1284 3049 1527 3146 er'supertteu-

573 3171 655 3236 tium
676 3167 886 3248 bumit'utio;
907 3167 1055 3250 uolebant
1079 3167 1161 3236 euim
1186 3167 1310 3234 Christo
1326 3167 1454 3234 credero
1469 3183 1528 3250 per

467 3279 468 3284 ’
573 3277 675 3362 signa,
701 3293 781 3362 quae
803 3275 964 3356 viderant,
988 3275 1079 3362 quasi
1112 3275 1230 3340 maiora
1256 3273 1342 3358 signa
1380 3273 1528 3340 uidissent

572 3387 676 3468 patres
699 3399 819 3448 eorum.
843 3381 1013 3466 Propterea
1040 3379 1164 3446 dicunt:
1201 3379 1295 3462 Quod
1319 3399 1395 3466 ergo
1418 3385 1455 3444 tu
1482 3377 1527 3444 si-

570 3509 675 3578 guum
697 3485 803 3574 socie,
829 3495 866 3554 ut
890 3487 1064 3554 uideamus·
1085 3473 1114 3554 et
1148 3487 1327 3554 eructamus
1357 3485 1439 3554 tibi?
1460 3485 1527 3552 Non

572 3595 654 3662 enim
677 3593 810 3676 credunt
833 3595 975 3674 Hebraei,
1001 3593 1060 3660 nisi
1078 3593 1170 3680 signa
1196 3593 1335 3672 videnum
1352 3591 1472 3676 primae
1490 3589 1527 3656 ad

572 3701 749 3770 Corinthios
772 3701 873 3788 primo
886 3701 914 3766 4:
945 3699 1080 3769 «ludaei
1103 3701 1193 3786 sigua
1214 3707 1374 3784 quaeruut
1389 3725 1419 3764 a.
1441 3697 1529 3782 Quid

573 3803 747 3896 operaris?
772 3805 863 3892 Quasi
883 3805 1004 3872 dicant:
1020 3804 1095 3896 quid
1111 3823 1261 3890 magnum
1284 3803 1407 3872 fecisti?
1433 3803 1527 3870 blodi-

572 3933 645 3980 cum
678 3917 739 3992 est,
772 3913 855 4002 quod
880 3911 977 3980 iecisti
1014 3897 1158 3998 respectu
1192 3911 1260 3980 eius
1290 3911 1377 3998 quud
1409 3911 1527 3978 iactum

572 4027 618 4088 θεῖ
641 4021 672 4088 in
697 4021 830 4090 deserto.
1097 4035 1100 4038 ·

623 4127 624 4132 ’
659 4127 712 4194 t7.
737 4129 838 4204 (Vers.
863 4127 941 4210 31.).
965 4129 1086 4194 Putrar
1108 4127 1215 4192 riustri
1238 4123 1528 4190 mouciucuueruut

572 4253 700 4300 nuuuuu
729 4233 769 4300 iu
802 4235 945 4314 deserto,
975 4237 1038 4300 hou
1073 4251 1185 4318 panem
1220 4229 1449 4310 hordeaceum,
1473 4229 1527 4296 sed
1641 4269 1642 4272 =

572 4339 750 4418 caelestem;
768 4339 849 4406 unde
867 4347 897 4406 θῖ
920 4339 1075 4406 subdunt:
1092 4337 1188 4404 Sicut
1202 4337 1365 4422 scriptum
1380 4343 1442 4400 cst:
1459 4337 1527 4400 Pa·

572 4465 645 4512 uem
667 4445 707 4510 cte
740 4445 828 4512 caclo
850 4445 941 4512 abortit
967 4445 1015 4510 θῖε
1048 4445 1265 4510 rruuuducorc.
1298 4441 1456 4526 Scriptum
1481 4445 1527 4508 est

572 4553 602 4618 in
628 4551 789 4616 Psalmo⁵:
821 4553 961 4634 «Panem
986 4551 1173 4636 Angelorum
1198 4547 1397 4614 manducavit
1420 4547 1524 4626 homa,

572 4657 688 4724 ribaria
709 4655 792 4724 misit
824 4655 868 4724 eis
898 4655 932 4722 iu
961 4655 1152 4722 abundantia
1169 4679 1199 4718 a.
1232 4653 1280 4720 Sic
1314 4649 1525 4718 efferebantur

572 4765 607 4832 de
632 4763 783 4830 miraculo
807 4767 930 4830 ostenso
953 4761 1115 4846 patribus,
1139 4763 1374 4826 contemnentes
1389 4757 1525 4824 miracu-

570 4873 637 4938 lum
662 4869 796 4950 Christi;
831 4875 861 4936 θῖ
891 4867 1044 4934 Dominus
1076 4885 1129 4940 eos
1162 4865 1310 4934 humiliat
1337 4865 1524 4944 ostendens,

571 4978 654 5064 quod
678 4975 914 5064 Scripturaitla
939 4993 1001 5042 non
1022 4983 1071 5042 est
1091 4973 1221 5060 impleta
1244 4971 1524 5058 pseudoperseo

570 5085 718 5168 impletur
741 5101 797 5168 per
821 5083 934 5168 ipsum.
959 5081 1127 5172 Propterea
1148 5077 1270 5144 subdit:

658 5189 711 5256 ts.
737 5189 837 5268 (Vers.
863 5189 940 5270 bi).
964 5185 1076 5252 Dicit6
1100 5203 1178 5270 ergo
1200 5183 1248 5250 cis
1269 5183 1381 5250 terrra:
1399 5183 1524 5262 Amen,

572 5317 666 5366 arrico
687 5295 760 5362 dico
781 5293 886 5362 uobis:
911 5291 984 5360 Nou
1015 5293 1140 5378 Mogses
1171 5291 1259 5356 dedit
1288 5289 1380 5356 uobis
1402 5309 1524 5374 puucm

571 5405 609 5472 dc
632 5403 737 5482 coetu,
762 5403 841 5470 sicut
857 5401 909 5468 illa
926 5399 1087 5486 Scriptura
1113 5399 1270 5484 loquitur;
1289 5415 1369 5478 uon,
1385 5397 1525 5482 inquam,

642 5809 651 5840 1
672 5811 781 5876 Vulgata
800 5807 929 5864 aeditua
945 5821 1020 5872 crura,
1040 5807 1114 5874 quod
1132 5807 1209 5860 ctiam
1229 5807 1309 5860 codd.
1326 5807 1405 5870 paulo
1420 5807 1526 5858 interius

571 5899 699 5954 eutribcnt.
718 5899 836 5952 Subinde
854 5903 913 5964 post
933 5909 1015 5964 opero
1035 5895 1145 5958 Vulgata
1166 5893 1260 5946 omittit
1279 5891 1359 5948 boun.

641 5987 651 6020 ²
673 5991 747 6042 Vers.
767 5989 810 6042 lD.
827 6017 863 6028 —
882 5987 1005 6056 Sequitur
1022 5985 1100 6038 Pror.
1121 5985 1167 6050 lb,
1189 5983 1230 6034 ll.

641 6075 651 6106 ³
669 6079 745 6130 Vers
765 6079 790 6128 6.
808 6105 842 6118 -
863 6079 923 6142 seq.
941 6077 1013 6128 locus
1031 6077 1071 6126 est
1088 6073 1151 6122 Gen.
1174 6071 1219 6136 lb,
1241 6071 1263 6122 6.

641 6163 651 6194 ⁴
672 6167 745 6216 Vors.
765 6167 807 6218 ab.
1271 6153 1394 6208 ‘Psahn
1414 6155 1463 6218 77,
1484 6155 1526 6208 25.

641 6251 651 6282 ὓ
671 6253 780 6316 Vulgata
800 6251 884 6306 Discit.
901 6279 939 6291 —
957 6251 1074 6304 Subinde
1092 6249 1238 6312 allegantur
1256 6245 1271 6296 1.
1293 6245 1352 6298 Cor.
1372 6245 1420 6306 lc,
1442 6243 1484 6296 ll.
1502 6247 1527 6294 et

570 6343 656 6396 oracio.
677 6341 705 6408 e,
725 6341 735 6392 r
748 6343 767 6394 ι.
1313 6345 1314 6348 “

641 6425 651 6458 ²
671 6431 719 6482 Pro
740 6443 819 6484 caus
836 6431 949 6494 Vulgata
968 6425 1023 6482 Dei.
1043 6455 1077 6466 -
1095 6427 1218 6494 Sequitur
1238 6427 1307 6478 loon.
1325 6425 1374 6488 l0,
1386 6423 1437 6476 .t0.

640 6515 650 6546 ⁸
668 6521 784 6572 Enarrat.
804 6519 828 6572 io
847 6519 888 6572 Ps.
909 6517 974 6578 lle,
995 6531 1019 6568 n.
1039 6517 1073 6568 Ξῖ
1091 6515 1233 6582 Quomodo
1251 6527 1315 6578 ergo
1333 6511 1424 6566 cibum
1443 6515 1526 6562 mater

570 6607 697 6670 comedit,
715 6613 746 6660 ut
763 6619 934 6672 peromnem
952 6595 1063 6658 traiteiat
1085 6603 1120 6656 ad
1145 6603 1266 6654 tutantem
1294 6603 1332 6652 lac
1359 6603 1470 6666 tactum,
1490 6597 1526 6650 sic
1593 6653 1595 6658 ,

570 6691 644 6746 cibus
660 6693 822 6758 Angelorum
840 6693 981 6756 Dominus,
1007 6689 1120 6746 Verbum
1130 6703 1197 6744 curo
1208 6689 1313 6758 suctum
1331 6689 1371 6742 θεῖ
1388 6685 1476 6754 [toan.
1496 6683 1524 6746 l,
1554 6725 1555 6728 ,

572 6779 642 6848 tb.],
659 6785 687 6832 et
703 6783 786 6836 lactus
806 6787 843 6834 θεῖ
862 6785 909 6834 ῖθθ.
929 6785 957 6834 Et
977 6779 1038 6832 dicit
1057 6779 1196 6842 Apostolos
1217 6775 1250 6844 [l.
1267 6775 1326 6830 Cor.
1348 6779 1377 6842 3,
1397 6773 1451 6844 2.]:
1473 6773 1525 6826 Luc

570 6865 642 6920 cobis
656 6869 755 6934 putrem
776 6867 851 6932 dedi,
871 6881 927 6922 nou
950 6863 1054 6934 arcum,
1072 6863 1194 6920 ruoudum
1219 6863 1291 6920 cuim
1311 6863 1458 6932 potarum,
1479 6861 1525 6916 scd

1274 553 1466 644 COMMENT.
1490 553 1529 620 IN
1550 551 1722 630 lOANNEbll
1740 551 1773 620 C.
1796 553 1845 622 Vl.

1591 747 1684 810 ocra,
1701 731 1764 798 sed
1786 729 1908 818 typice,
1930 729 2025 816 quia,
2049 729 2133 796 sicut
2153 727 2269 796 dicitur
2285 731 2404 816 primae
2429 731 2467 800 ad
2492 731 2548 800 Co-

1592 833 1725 910 rinthios
1748 835 1886 914 decimo,
1913 859 1931 892 «
1946 833 2049 900 omnia
2065 835 2104 902 in
2129 833 2231 920 ligura
2262 837 2481 924 contingebant
2511 841 2548 908 il-

1592 941 1631 1010 lis
1646 969 1676 1016 n.
1703 941 1766 1010 Sed
1788 941 1899 1006 Pater¹
1913 959 2009 1006 meua
2030 941 2091 1010 rtut
2112 941 2203 1010 uubis
2221 959 2353 1028 punem
2369 965 2486 1014 uerum
2509 947 2550 1016 dc

1592 1045 1908 1126 carlmannum
1943 1045 2011 1130 ipso
2043 1047 2198 1132 petimus:
2225 1073 2243 1106 <c
2260 1049 2372 1118 Panem
2401 1059 2549 1130 nostrum
2633 1131 2637 1138 ¹

1592 1149 1925 1240 supersubstantialem
1950 1151 1989 1228 da
2012 1153 2100 1226 uobis
2125 1153 2259 1236 hodie»,
2282 1157 2428 1224 Matthaei
2445 1165 2546 1224 sexto.

1592 1259 1629 1324 Et
1651 1259 1805 1324 rationem
1829 1257 1926 1324 huius
1949 1257 2087 1324 reddita
2322 1273 2334 1324 J
2480 1267 2482 1270 ’

1681 1363 1734 1430 bb.
1760 1361 1859 1444 (Vers.
1884 1361 1962 1448 ,33.).
1997 1365 2102 1432 Puuis
2132 1367 2217 1434 euim
2249 1369 2374 1436 uerusl
2399 1375 2464 1450 est,
2490 1369 2551 1460 qui

1591 1469 1631 1536 dc
1652 1467 1749 1542 cudow
1764 1469 1979 1536 descenditat
2001 1471 2061 1538 dut
2081 1473 2187 1542 citum
2201 1477 2345 1556 mumtm
2370 1481 2400 1544 et
2424 1477 2474 1544 hic
2492 1495 2546 1562 pa-

1590 1577 1641 1642 nis
1661 1593 1724 1642 non
1734 1575 1800 1642 tuit
1815 1593 1944 1656 manna,
1959 1577 2013 1650 sed
2028 1577 2188 1660 Christus;
2204 1581 2284 1650 iutra
2300 1583 2438 1652 decimo:
2458 1583 2547 1670 «Ego

1592 1679 1681 1760 reni,
1704 1687 1740 1748 ut
1771 1679 1864 1748 vitam
1896 1683 2030 1748 habeant
2063 1689 2092 1748 et
2121 1685 2331 1756 abuudantius
2363 1691 2499 1756 habeant
2513 1715 2545 1754 n.

1592 1787 1789 1854 Desceudcrc
1805 1787 1843 1854 de
1859 1787 1962 1870 cuein,
1979 1787 2039 1856 hoc
2056 1793 2101 1856 est
2126 1789 2156 1854 iu
2174 1801 2299 1860 carnem
2320 1795 2444 1876 renire;
2460 1793 2546 1862 unde

1589 1891 1782 1976 Augustinus
1794 1889 1826 1958 8:
1847 1891 2035 1972 «Verbum,
2061 1893 2227 1978 quoderat
2244 1899 2331 1982 panis
2347 1901 2546 1986 Angelorum,

1590 1997 1666 2064 dum
1697 1997 1862 2078 descendit.
1886 1997 1918 2064 in
1949 2017 2093 2078 carnem,
2120 2001 2254 2068 uertitur
2284 2001 2317 2070 in
2351 2005 2398 2072 lac
2430 2023 2547 2090 parru-

1590 2103 1695 2168 lorum
1711 2129 1743 2168 u.

1953 2321 2181 2404 Quousnouus.

1682 2535 1733 2598 50.
1758 2533 1883 2616 (tuaest.
1906 2533 1928 2596 Ι.
1963 2533 2134 2616 Quaeritur
2168 2535 2205 2602 de
2242 2517 2301 2606 hoc
2334 2537 2420 2624 quod
2452 2535 2545 2604 dicit:

1592 2637 1761 2720 Quaeritis
1781 2657 1848 2714 mc,
1874 2657 1941 2702 nou
1962 2639 2045 2726 quia
2067 2639 2198 2706 uidistis
2213 2641 2322 2726 siquo.
2340 2681 2382 2692 -
2402 2645 2546 2710 Contra:

1591 2743 1694 2828 Supra
1715 2741 1870 2810 codem⁹i
1893 2741 2094 2832 Sequebatur
2119 2765 2193 2810 crum
2215 2749 2391 2816 rutultitudo
2407 2769 2566 2836 mopuu,

1590 2849 1673 2938 quia
1697 2849 1851 2916 videbunt
1874 2849 1972 2936 rigua
1997 2855 2055 2916 etc.

1682 2957 1880 3022 husuounuo:
1901 2955 2089 3038 Dicendum,
2123 2957 2205 3042 quod
2237 2959 2440 3028 contrarietas
2468 2961 2547 3028 haec
2564 2961 2629 3018 terr·

1590 3061 1725 3142 soluitur
1748 3061 1933 3148 dupliciter:
1956 3081 2020 3130 uno
2045 3063 2136 3128 modo
2160 3081 2216 3148 per
2234 3065 2416 3134 relationem
2440 3067 2480 3134 ad
2495 3067 2546 3134 di·
2564 3067 2697 3166 Pssffiggfr

1589 3189 1689 3236 uersu
1712 3177 1879 3256 temporo:
1903 3169 1977 3254 quia
2008 3169 2053 3236 illi
2087 3171 2197 3252 iidem,
2222 3173 2277 3258 qui
2311 3173 2415 3260 primo
2445 3177 2546 3242 secuti

1590 3281 1666 3344 sunt
1689 3281 1818 3362 propter
1838 3275 1956 3362 rigua,
1981 3277 2181 3362 postmodum
2203 3277 2324 3360 refecti,
2350 3281 2447 3348 secuti
2472 3289 2547 3350 sunt

1590 3387 1843 3466 propter-eccur.
1869 3381 1935 3446 Atio
1955 3383 2048 3448 modo
2071 3381 2202 3450 soluitur
2219 3401 2275 3470 per
2301 3385 2484 3454 relationem
2505 3389 2547 3456 ad

1590 3489 1743 3554 diuersus
1761 3505 1942 3572 perrona-r:
1967 3487 2042 3574 quia
2064 3493 2238 3576 utrumque
2260 3509 2373 3560 verum
2387 3499 2451 3574 est;
2477 3493 2548 3580 qui-

1590 3595 1662 3662 dam
1687 3593 1769 3662 enim
1793 3595 2006 3680 sequebantur
2028 3603 2159 3680 propter
2182 3597 2298 3684 rigua,
2321 3599 2448 3686 quidam
2473 3619 2548 3686 pro-

1589 3709 1661 3788 pter
1677 3719 1776 3768 oscus.
1796 3737 1836 3750 --
1854 3701 1940 3768 Unde
1953 3701 2144 3782 notandum,
2162 3705 2247 3790 quod
2261 3707 2401 3792 quinque
2418 3707 2548 3774 fuorunt
2564 3705 2666 3802 ‘ggffgggt

1591 3823 1719 3884 causae,
1738 3823 1835 3892 quare
1853 3805 1950 3890 aliqui
1967 3807 2181 3892 sequebantur
2196 3809 2376 3892 Dominum,
2399 3831 2482 3898 quae
2496 3813 2547 3880 his
2651 3789 2658 3802 ⁵

1590 3911 1737 3980 versibus
1760 3911 1977 3980 continentur:

1697 4087 1818 4154 olorone,
1835 4091 1927 4158 signe,
1945 4091 2034 4158 cibus,
2056 4091 2232 4158 blasphemia,
2250 4095 2349 4160 dogma
2369 4097 2440 4148 luere

1697 4175 1813 4242 Causae,
1832 4191 1880 4232 cur
1897 4179 2039 4232 Dominum
2059 4181 2133 4234 turba
2153 4186 2243 4234 secuta
2261 4179 2351 4236 lutt¹⁰.

1682 4337 1733 4400 bl.
1758 4337 1882 4420 eraest.
1907 4339 1941 4404 Il.
1965 4340 2043 4406 Item
2066 4341 2232 4424 quaeritur
2255 4343 2295 4410 de
2317 4341 2377 4410 hoc
2393 4343 2479 4430 quod
2500 4343 2547 4410 di-

1590 4441 1650 4508 cit:
1679 4441 1875 4526 Operumiui
1893 4463 1960 4508 uon
1976 4445 2101 4524 cibum,
2119 4445 2285 4532 acciperit.
2304 4451 2432 4532 Quaerit
2447 4449 2547 4534 Chry-

1589 4551 1747 4612 sostomus
1760 4547 1803 4612 1¹:
1830 4553 1941 4614 utrum
1972 4549 2082 4616 debeat
2113 4551 2205 4616 homo
2235 4553 2358 4636 operari
2387 4571 2446 4640 pro
2478 4553 2547 4622 cibo

1589 4653 1766 4736 corporali?
1791 4689 1832 4702 —·
1858 4653 1946 4738 Quod
1969 4671 2047 4736 non,
2069 4655 2212 4722 ridetur:

1680 4759 1737 4824 Per
1760 4757 1896 4826 litteram
1919 4761 2019 4826 istam.
2045 4799 2088 4810 -
2112 4763 2203 4840 Item,
2229 4763 2372 4832 Matthaei
2396 4770 2488 4832 sexto
2501 4767 2546 4832 1²¹:

1589 4865 1695 4932 Nolite
1716 4865 1850 4934 solliciti
1871 4885 1951 4946 aare,
1978 4867 2058 4956 quid
2079 4869 2287 4936 munducatis
2309 4877 2367 4938 etc.
2393 4909 2436 4936 ·-.
2452 4871 2545 4954 item,

1589 4973 1691 5040 Lucae
1713 4973 1873 5040 decimo1³
1896 4973 2100 5060 reprehendit
2115 4975 2267 5044 Dominus
2283 4979 2445 5060 blartham,
2463 4999 2545 5066 quae

1544 5085 1553 5102 ·
1589 5079 1674 5146 circa
1697 5077 1803 5144 cibum
1825 5081 2019 5164 corporalem
2054 5081 2183 5148 sollicita
2205 5089 2283 5150 erat.
2308 5083 2388 5170 Ergo
2414 5103 2475 5152 oon
2499 5085 2546 5154 ri-

1589 5185 1707 5268 detur,
1725 5185 1811 5270 quod
1831 5185 1942 5254 debeat
1966 5187 2061 5254 homo
2075 5205 2133 5272 pro
2150 5189 2220 5254 cibo
2236 5189 2389 5276 corporali
2408 5191 2544 5276 operari.

1610 5349 1614 5360 .
1679 5291 1823 5358 Consus:
1851 5291 1971 5360 Primae
1993 5291 2031 5358 ad
2056 5293 2346 5364 Thessalonicenses
2371 5297 2544 5382 quarto14:

1592 5397 1789 5482 Operumiui
1820 5399 1978 5464 munibus
2009 5399 2154 5478 uestris,
2190 5399 2280 5468 sicut
2313 5403 2548 5488 proecepimus

1589 5819 1638 5860 nac
1655 5805 1746 5862 uibrrc
1763 5807 1870 5876 quidum
1884 5807 2004 5876 potastis.
2024 5809 2093 5872 Ergo
2112 5807 2199 5860 dando
2219 5809 2257 5862 lac
2278 5811 2412 5864 descondit
2429 5813 2465 5864 ad
2489 5825 2546 5876 par·

1589 5895 1680 5958 vulos,
1698 5903 1724 5948 st
1736 5897 1799 5964 quia
1815 5897 1963 5960 descendit,
1983 5895 2184 5948 descendentem
2198 5897 2269 5950 dedit
2283 5903 2331 5952 etc.
2345 5899 2396 5954 Clr.
2410 5899 2434 5950 iu
2447 5899 2489 5954 Ps.
2502 5899 2547 5954 30.

1589 5989 1701 6036 enarrat.
1721 5987 1745 6038 2.
1763 5999 1790 6038 u.
1811 5987 1836 6038 o.

1661 6069 1764 6126 9ῖθῖε.
1787 6077 1810 6128 2.

1661 6159 1684 6190 ¹⁰
1701 6163 1729 6214 lu
1753 6161 1900 6216 Commeat.
1925 6177 1938 6214 a
1966 6161 2088 6216 Vaticana
2117 6163 2159 6216 ed.
2183 6163 2234 6216 sub
2256 6163 2364 6218 nornine
2381 6165 2480 6218 Bouav.
2498 6161 2547 6214 im-

1590 6263 1683 6314 presso
1700 6253 1823 6306 additur:

1718 6381 1838 6442 Morbus,
1858 6391 1940 6452 arnor,
1959 6377 2041 6442 mira,
2059 6377 2199 6442 sapientie,
2221 6375 2301 6430 virtus
2320 6383 2346 6428 θῖ
2363 6377 2420 6428 ira:

1647 6521 1648 6524 ,
1717 6469 1761 6522 Ηῖε
1781 6467 1834 6534 egit
1853 6465 1938 6518 icarios
1955 6465 2031 6530 plebs
2049 6465 2109 6532 tibi,
2127 6463 2241 6528 Christe,
2261 6465 2325 6518 vias.

1663 6589 1817 6644 11lnloan.
1837 6591 1925 6644 homil.
1945 6587 1987 6642 Ar.
2006 6587 2081 6656 (alias
2101 6585 2153 6654 Ab.)
2172 6601 2199 6638 u.
2220 6587 2243 6638 l.

1662 6677 1777 6734 1²Vere.
1798 6683 1839 6734 31.

1662 6767 1777 6824 19ῖῖθῖε.
1799 6769 1842 6822 ll.

1661 6855 1777 6912 1⁴Vers.
1799 6859 1840 6910 tt.
