5900 8266
1115 503 1310 570 condunt.
1336 503 1372 610 IN
1397 505 1562 572 tolonen
1585 505 1616 570 C.
1643 505 1705 572 XV.

341 729 342 732 ,
424 689 501 762 tem,
529 685 701 752 secundnm
718 683 801 769 qnod
818 699 930 766 capere
945 686 1092 766 poterant
1104 673 1129 746 ¹.
1145 713 1185 730 --
1203 681 1238 746 Et
1260 679 1303 786 sic
1329 673 1383 766 pa-

342 1763 407 1816 uesp.

261 2821 344 2866 Diuisio
356 2819 381 2866 in
395 2821 407 2864 6

284 2875 386 2918 membra.

282 3457 315 3502 De
329 3457 405 3514 primo.

425 793 490 856 tent
513 789 626 856 omnia.
1187 837 1188 840 ,

460 913 463 954 ι
513 895 564 964 30.
577 951 578 954 ,
591 897 717 980 Quaest.
739 895 789 958 Vl.
813 893 888 960 Item
912 887 1078 978 quaeritur
1100 889 1215 958 deboc
1230 889 1317 976 qnod
1336 888 1383 957 ti·-

423 1001 483 1068 cit:
508 1003 584 1068 lVon
605 1021 661 1066 cos
684 1019 735 1066 me
758 997 908 1084 depictis.
1105 1013 1107 1016 ·
1190 993 1191 1000 ’
1310 989 1311 992 ’

449 1129 450 1132 ’
512 1109 659 1174 Conana:
686 1109 715 1170 l.
731 1103 965 1172 Deuteronomii
993 1103 1143 1188 vigesimo
1159 1103 1292 1168 sexto2:
1321 1103 1383 1168 Do-

423 1215 553 1282 minum
578 1209 924 1298 caeremonialiter·
949 1211 1043 1276 Dens.
1136 1259 1137 1264 .
1211 1229 1213 1238 “
1307 1197 1310 1202 ’

513 1327 543 1388 2.
568 1321 661 1398 item,
685 1319 711 1384 si
734 1317 884 1384 meritum
908 1315 996 1384 liberi
1011 1309 1012 1312 ’
1028 1315 1151 1382 arbitrii
1178 1315 1320 1384 consistit
1349 1311 1382 1380 in

422 1427 574 1494 electione
590 1425 612 1504 ³,
638 1421 794 1510 quomodo
820 1423 1033 1502 merebantur,
1057 1421 1084 1488 si
1107 1421 1211 1508 ipsum
1233 1421 1296 1488 non
1321 1419 1383 1488 ele-

423 1537 558 1618 gerant?
1377 1543 1378 1546 ’

513 1639 714 1704 Rusronono:
738 1635 828 1720 Quod
845 1635 904 1702 boc
918 1635 1155 1722 intelligendum
1178 1639 1242 1702 est:
1258 1625 1382 1720 primo,

424 1743 499 1830 quia
515 1761 578 1810 non
592 1743 704 1828 primo
719 1759 777 1810 nos
791 1741 936 1828 eligimus
949 1741 1134 1820 Dominum,
1151 1741 1206 1806 sed
1219 1739 1362 1804 secundo
1370 1761 1383 1816 ,·

424 1849 498 1936 quia
521 1849 588 1936 ipse
609 1849 701 1934 prins
723 1849 816 1936 elegit
828 1847 1107 1936 praedestinando
1129 1853 1159 1912 et
1182 1843 1381 1930 postmodum

424 1957 511 2044 eligit
533 1975 575 2024 ex
599 1957 666 2022 aliis
682 1957 847 2036 nocendo,
872 1954 926 2020 sed
950 1971 1008 2020 nos
1022 1951 1221 2038 postmodum
1237 1947 1384 2038 eligimus

425 2063 579 2130 vocationi
603 2061 864 2128 eonsentientes
919 2127 921 2132 ,

495 2291 585 2346 Tertio
602 2289 726 2344 hortatur
743 2287 884 2360 discipulos
902 2287 935 2344 ai
953 2287 1121 2344 tolerantiam
1140 2287 1311 2342 inimicorum.

462 2533 464 2536 -
515 2487 567 2554 31.
593 2485 631 2554 Si
659 2485 807 2552 mundns
838 2503 896 2550 ooo
917 2481 987 2552 odit
1016 2489 1075 2552 etc.
1099 2485 1179 2552 llaec
1210 2489 1258 2552 est
1289 2473 1384 2552 tertia

425 2611 498 2680 pars
524 2593 650 2678 capituli
662 2591 686 2672 ⁵,
710 2593 822 2678 inqua
844 2593 996 2658 Dominus
1013 2593 1158 2658 bortatur
1178 2591 1216 2658 ad
1241 2591 1383 2658 toleren-

425 2701 510 2766 tiom
532 2695 747 2766 inimicorum
760 2697 1026 2788 persequentium
1032 2721 1044 2776 ;
1065 2705 1095 2764 et
1112 2699 1170 2782 boc
1196 2697 1322 2782 quidem
1337 2695 1383 2762 ia·-

425 2805 468 2872 oit
490 2823 547 2890 per
564 2804 650 2872 bunc
674 2803 930 2870 modomrrtmo
950 2801 1118 2888 praedicit
1132 2799 1253 2868 mnndi
1270 2801 1383 2866 inimi-

424 2911 561 2988 eitidm;
593 2911 843 2990 secundusne,
878 2929 919 2976 ex
945 2911 1004 2974 hoc
1035 2907 1260 2992 procedentem
1292 2907 1383 2974 inin-

424 3017 532 3094 riom,·
548 3015 642 3082 tertio
657 3033 732 3082 vero
754 3013 893 3082 ostendit
902 3013 1166 3102 persequentiam
1193 3013 1257 3080 sive
1275 3013 1383 3080 odien«

425 3123 506 3190 tium
530 3121 715 3200 molitiom;
747 3127 861 3208 quarto
891 3139 983 3200 tero,
1009 3139 1108 3186 onom
1125 3119 1408 3200 innocentiana

425 3229 535 3316 quinto
558 3247 635 3296 vero
658 3227 838 3312 discipulos
860 3235 984 3292 demut.
999 3229 1043 3292 od
1063 3227 1271 3312 potientium.
1295 3281 1297 3284 .

512 3335 614 3420 (Vens.
643 3335 717 3412 ts).
743 3333 844 3400 Primo
860 3351 936 3418 ergo
948 3333 1113 3418 praedicit
1130 3333 1249 3402 mnndi
1269 3333 1382 3400 inimi-

424 3439 559 3520 citiam,
584 3459 664 3526 quae
688 3439 796 3508 sartura
820 3447 888 3508 erat
910 3445 1020 3508 contra
1040 3441 1183 3508 membra
1212 3441 1253 3506 ad
1274 3459 1384 3508 exem-

423 3549 513 3634 plum
546 3547 664 3632 cepitis.
698 3549 812 3614 Fuerat
841 3547 924 3614 enim
956 3547 1063 3612 odium
1094 3547 1204 3612 mundi
1236 3553 1382 3632 respectu

423 3653 561 3740 cepitis,
586 3653 669 3738 qnod
693 3659 739 3720 est
763 3653 924 3732 christon
949 3651 1079 3736 propter
1105 3651 1191 3738 quod
1219 3649 1313 3718 dicit:
1345 3649 1384 3716 Si

423 3759 572 3826 mundns
593 3779 651 3826 eos
674 3757 912 3838 odit,'aeiiote,
930 3757 1040 3838 idest,
1066 3757 1275 3836 considerate,
1301 3757 1382 3844 qnid

422 3887 472 3934 me
491 3865 642 3952 priorem
663 3865 756 3932 nobis
777 3865 851 3932 odio
877 3863 1002 3930 inbuit.
1026 3863 1187 3928 Rationem
1203 3863 1299 3928 buius
1319 3853 1387 3928 odii

2339 505 2403 572 453

1446 679 1602 766 septimo²
1619 679 1734 748 dicitur
1751 673 1941 748 mundanis:
1955 705 1968 738 a
1981 673 2118 766 Tempus
2132 675 2238 748 'autem
2258 687 2403 748 'restrum

1376 825 1380 830 -
1446 805 1569 872 semper
1598 793 1662 866 est
1680 793 1836 874 paratum.
1857 787 1934 854 Non
1958 793 2060 872 potest
2080 779 2146 854 ¹vos
2163 783 2277 854 'Jodisse
2311 805 2402 852 mun-

1445 891 1546 958 nuso.
1575 887 1755 976 Qnicnero
1776 895 1956 960 demendo
1977 907 2045 958 non
2061 893 2152 970 estis,
2177 893 2208 958 id
2236 897 2282 960 est
2303 911 2403 958 mun-

1361 1047 1362 1050 ,
1444 997 1542 1064 ianae
1566 999 1827 1082 conversationis3
1850 1001 1911 1068 sed·
1930 1013 1995 1088 epo
2009 997 2089 1086 ctepi
2111 999 2401 1080 condemnante,

1441 1111 1618 1190 propterea
1641 1105 1709 1172 odit
1730 1125 1787 1172 υοε
1802 1161 1803 1166 ,
1817 1107 1970 1174 mundns.
1997 1107 2076 1174 lllnd
2108 1099 2216 1172 odium
2249 1105 2401 1190 signifiea-

1445 1215 1515 1276 tum
1535 1207 1596 1276 fnit
1612 1209 1754 1276 Genesis
1781 1213 1934 1298 vigesimo
1960 1213 2123 1300 septimo⁸
2145 1213 2279 1280 modio
2303 1213 2421 1292 Esau,
2453 1243 2455 1260 ι

1445 1315 1500 1394 ubi
1523 1315 1656 1396 dicitnr:
1686 1315 1833 1384 «Oderat
1841 1315 1846 1374 s
1857 1315 1951 1386 Esau
1968 1321 2059 1388 Iacob
2073 1337 2142 1406 wpro
2171 1319 2401 1398 benedictione,

1445 1421 1735 1506 quabenerlixerat
1758 1423 1784 1490 ei
1806 1431 1894 1508 pater
1916 1427 2026 1492 eius».
2054 1419 2151 1494 donn
2169 1427 2343 1494 mundanos
2372 1431 2401 1492 et
2490 1501 2493 1506 ³

1446 1527 1596 1612 reprobos
1620 1529 1789 1612 signifieat,
1812 1531 1865 1596 sed
1889 1531 1986 1598 lecet
2011 1535 2158 1602 eleetos.¹

1444 1667 1451 1672 „
1491 1687 1493 1692 .
1536 1633 1589 1702 33.
1615 1627 1724 1720 (Vers.
1742 1635 1819 1720 20).
1837 1627 2033 1704 Μθῖῖῖθηῖοῖθ
2061 1641 2231 1708 sermonis.
2257 1641 2310 1708 llio
2332 1647 2401 1708 tan·
2421 1645 2566 1692 Desertum·

1444 1741 1530 1826 gitur
1553 1741 1746 1822 seeundum,
1770 1735 1894 1810 seilicet
1910 1743 2060 1824 iniuria,
2079 1747 2193 1812 'eodem
2210 1747 2321 1826 meio,
2336 1737 2400 1832 quo

1446 1839 1624 1924 inimicitia,
1647 1845 1766 1914 seilicet
1787 1847 1907 1932 cepitis·
1924 1847 2027 1932 primo
2043 1855 2075 1916 et
2089 1849 2316 1916 menbrorum
2330 1869 2402 1936 pro·

1446 1957 1518 2036 pter
1540 1957 1691 2038 caputet
1723 1953 1763 2020 ad
1792 1957 1975 2038 exemplum
2012 1955 2131 2040 capitis.
2164 1947 2295 2041 Propter
2319 1957 2403 2042 quod

1445 2059 1546 2132 dicite*
1559 2059 1745 2128 Mementote
1766 2059 1947 2140 sermonis,
1969 2069 2067 2150 qnem
2088 2061 2402 2128 distractisque

1445 2173 1491 2230 eet
1514 2185 1631 2230 serens
1648 2165 1765 2232 maior
1787 2167 1921 2234 domino
1937 2187 2019 2246 anor
2034 2185 2133 2254 supra
2147 2167 2278 2258 decimo,
2295 2167 2400 2236 tertio:

1409 2343 1410 2346 Ἴ
1451 2269 1594 2350 «Amen,
1619 2289 1711 2338 amen
1733 2271 1803 2338 dieo
1826 2273 1932 2340 robis:
1955 2273 2021 2340 Non
2046 2281 2092 2342 est
2107 2275 2290 2358 'discipulus
2306 2291 2403 2360 supra

1446 2377 1646 2464 magistrum,
1670 2395 1734 2446 nec
1751 2379 1911 2464 apostolus
1946 2377 2052 2450 maior
2081 2379 2207 2446 domino
2240 2399 2338 2448 suo».
2368 2381 2402 2446 Et

1445 2483 1515 2550 ideo
1535 2483 1659 2568 arguit:
1694 2483 1731 2550 Si
1760 2503 1811 2550 me
1833 2487 2001 2570 persecuti
2028 2493 2125 2566 cont,
2142 2493 2179 2552 'et
2207 2483 2264 2554 oea
2293 2505 2401 2572 perse·

1433 2595 1596 2676 ‚qnentnr
1626 2591 1671 2656 Et<
1691 2589 1769 2658 illud
1799 2597 1848 2666 θεῖ,
1871 2607 2081 2676 consequens,
2107 2597 2159 2672 ut,
2189 2593 2214 2658 si
2239 2593 2348 2660 odiunt
2372 2599 2402 2658 et
2442 2597 2443 2600 ’
2507 2641 2519 2644 -

1445 2701 1684 2780 persequuntur
1706 2705 1827 2782 ceput,
1853 2697 2048 2782 quodetiam
2063 2697 2220 2764 membro.
2240 2699 2325 2766 Unde
2339 2701 2400 2764 An-

1444 2799 1648 2886 gustinus10:
1688 2803 1851 2872 «Recusat
1883 2821 1950 2872 esse
1969 2803 2009 2872 'in
2040 2797 2172 2890 corpore
2202 2805 2259 2890 qni
2297 2805 2402 2872 odinum

1408 2925 1409 2934 ³
1445 2907 1641 2984 nundinor
1664 2909 1733 2976 uult
1756 2909 1911 2976 sustinere
1936 2929 2007 2976 cum
2024 2911 2124 2996 eapite
2140 2937 2171 2976 a.
2195 2911 2241 2978 De
2255 2929 2402 2996 persecu·-

1407 3043 1408 3046 ¹
1442 3013 1528 3083 tione
1545 3015 1665 3100 capitio
1682 3017 1817 3082 babetur
1832 3017 1865 3082 in
1883 3009 2019 3084 Psalmo:
2043 3017 2233 3084 «Persecuti
2256 3025 2329 3084 sum
2345 3019 2401 3084 ho·

1442 3121 1562 3188 minem
1577 3121 1702 3207 inopem
1724 3127 1757 3188 et
1778 3121 1955 3189 mendicum
1973 3129 2004 3190 et
2020 3125 2354 3208 compunctnmcorde
2371 3151 2400 3190 a.

1441 3227 1512 3292 ³Non
1535 3229 1637 3294 solum
1653 3235 1887 3314 persequentur
1902 3229 1936 3294 in
1957 3221 2054 3310 laeto,
2077 3229 2131 3298 sed
2154 3231 2401 3298 contemnentia

1445 3335 1553 3400 corde:
1571 3333 1608 3400 Si
1629 3353 1812 3400 sermonem
1827 3355 1936 3402 meum
1958 3345 2194 3418 sercdoernnt,
2211 3345 2241 3404 et
2255 3345 2401 3404 bertrame

1444 3439 1643 3520 seruabant,
1669 3439 1700 3508 id
1723 3450 1787 3522 θεῖ,
1802 3441 1893 3508 sicut
1925 3461 2029 3510 meum
2063 3463 2239 3512 sermonem
2262 3439 2400 3512 contem-

1445 3553 1593 3628 pserunt,
1620 3547 1662 3612 ita
1679 3553 1707 3614 et
1723 3549 1884 3628 restrum3
1900 3549 2002 3616 Lucae
2024 3549 2145 3616 decimo
2159 3553 2202 3616 ²¹:
2227 3551 2316 3634 «Dat
2345 3571 2397 3618 ros

1440 3649 1533 3716 audit
1557 3669 1608 3718 me
1630 3651 1735 3730 audit,
1760 3653 1868 3736 etqui
1898 3671 1953 3718 vos
1986 3643 2106 3738 spernit
2128 3643 2179 3722 me
2201 3657 2330 3740 spernit.
2358 3693 2397 3706 --

1445 3757 1501 3822 Vel
1511 3765 1746 3836 ‘serodoernnb
1761 3757 1793 3822 id
1809 3763 1871 3838 est,
1886 3757 2136 3826 observaverunt
2152 3760 2400 3828 ad'ealumnian-
2420 3767 2496 3812 Alter·

1444 3859 1536 3940 dum;
1563 3861 1706 3930 llattbaei
1731 3861 1881 3946 vigesimo
1903 3863 2055 3930 seeundo:
2084 3891 2101 3924 a
2117 3865 2271 3934 locantes
2295 3867 2403 3934 Phari-

362 3963 370 3976 ’
422 3973 591 4058 assignavit
613 3973 766 4038 Dominus
788 3991 887 4056 supra
908 3971 1051 4054 capitulo.
1070 3969 1203 4036 tertiat:
1225 3995 1241 4028 (ι
1258 3967 1381 4050 OmniS,
1440 3967 1506 4046 ,saei
1530 3967 1695 4036 consilium
1728 3967 1884 4048 inierunt,
1909 3976 1944 4036 ut
1960 3967 1962 3972 ’
1976 3971 2076 4042 lesum
2109 3963 2256 4056 caperent
2279 3973 2311 4040 in
2334 3991 2401 4042 ser-

422 4079 476 4166 qui
494 4081 580 4146 ‘male
601 4079 683 4164 agit,
707 4079 771 4144 odit
794 4079 895 4144 lucem
911 4101 948 4158 »3
965 4081 997 4144 et
1013 4093 1110 4162 supra
1133 4075 1280 4162 septimo:
1304 4075 1381 4146 «lle
1442 4091 1578 4154 manen
1595 4081 1626 4140 et
1640 4075 1674 4142 in
1691 4075 1824 4150 Psalmo:
1842 4089 1859 4134 c
1874 4075 2060 4148 observabit
2074 4085 2221 4162 peccator
2236 4079 2355 4146 iustum
2368 4105 2398 4144 a.

420 4187 485 4254 odit
516 4185 683 4266 mundus,
701 4185 847 4272 quoniam
885 4183 1097 4252 testimonium
1133 4183 1176 4250 illi
1211 4183 1380 4268 perhibeo,
1445 4217 1487 4230 -
1505 4181 1539 4246 Et
1556 4179 1647 4248 etiam
1664 4167 1901 4266 persequuntur
1918 4177 2066 4252 mundani
2084 4185 2399 4270 caputetmembra,

421 4291 507 4382 quod
528 4311 625 4378 opera
647 4291 714 4358 eius
737 4291 819 4356 mala
840 4295 915 4356 sunt
932 4317 960 4354 a.
987 4291 1117 4374 Propter
1145 4289 1228 4366 hane
1251 4287 1380 4366 eandem
1405 4355 1406 4358 ,
1440 4303 1507 4352 non
1529 4287 1767 4372 persequuntur
1792 4293 1885 4372 caput
1900 4297 2031 4374 propter
2046 4291 2205 4372 membra,
2224 4287 2276 4376 sed
2294 4309 2310 4360 e
2326 4309 2400 4360 con-

420 4399 573 4468 rationem
595 4399 730 4466 ostendit
745 4397 849 4466 odium
866 4395 1209 4474 membrorum-unde
1225 4395 1379 4462 rationem

420 4505 517 4572 buius
545 4505 608 4570 odii
642 4503 766 4570 reddit:
801 4501 877 4590 quia
905 4503 963 4588 ipsi
999 4501 1273 4570 disconveniebant
1307 4519 1380 4570 eum
1440 4561 1442 4564 .

420 4611 559 4690 mundo;
582 4615 711 4698 propter
735 4609 820 4696 quod
841 4609 933 4676 dicit:

510 4715 563 4782 32.
587 4717 689 4800 (Vers.
708 4715 783 4798 lb).
810 4713 846 4782 Si
869 4715 906 4780 de
922 4713 1047 4780 mundo
1068 4711 1238 4800 fnissetia,
1261 4713 1379 4794 idest,
1405 4725 1406 4728 ’

420 4823 452 4888 in
479 4821 596 4888 mundo
627 4819 819 4888 mansissetis
848 4837 906 4904 per
937 4837 1067 4905 pravam
1097 4817 1378 4900 consuetudinem;

419 4927 569 4992 mundns
601 4927 690 5014 qnod
721 4945 824 4992 sanan
857 4933 930 4990 erni
963 4927 1133 5012 diiiperet;
1166 4923 1251 4992 unde
1281 4943 1380 5012 supra

492 5319 501 5350 ¹
521 5319 668 5386 chrysost,
689 5319 714 5372 in
734 5319 804 5370 loan.
822 5317 912 5372 holuit.
932 5319 975 5374 77.
995 5319 1068 5386 (alias
1080 5319 1134 5388 to.)
1148 5335 1177 5374 n.
1190 5323 1200 5374 4
1213 5339 1220 5374 :
1234 5319 1301 5376 Cum
1313 5335 1378 5374 vero

420 5411 483 5468 dicit
502 5409 606 5476 omnio,
622 5453 623 5456 ,
638 5407 765 5474 intelligas
783 5423 813 5460 ea
839 5421 908 5474 quae
928 5409 1019 5462 audire
1045 5409 1101 5464 illes
1125 5409 1270 5474 oportebat.
1297 5413 1379 5468 Tlrco·

419 5497 546 5564 phylace,
566 5497 591 5550 in
610 5501 681 5550 loen.
701 5496 749 5560 45,
772 5497 820 5548 l5:
839 5493 938 5548 Omnia
955 5501 1015 5548 nota
1037 5495 1096 5550 lecit
1116 5497 1167 5560 θίε,
1181 5483 1256 5562 quae
1268 5497 1305 5548 illl
1322 5503 1377 5560 pot·

420 5591 495 5638 erant
513 5587 604 5638 audire
624 5589 648 5638 et
668 5597 780 5652 quorum
802 5587 875 5636 erant
892 5597 1011 5650 capaces.

490 5671 595 5726 ²Vers.
617 5671 657 5724 47.

490 5759 572 5816 ³Clr.
589 5763 724 5828 Damase,
745 5763 771 5814 ll.
792 5763 826 5814 de
844 5761 907 5814 Fide
926 5761 1028 5814 orthod.
1049 5775 1072 5812 c.
1091 5761 1139 5822 22,
1160 5757 1204 5812 rubi
1217 5759 1308 5836 eiectio
1320 5765 1377 5814 tan·

419 5865 500 5920 quam
527 5849 641 5906 nitimur
668 5853 747 5906 deins
773 5851 915 5904 voluntatis
934 5851 964 5902 in
977 5849 1071 5902 ordine
1089 5847 1238 5902 intentionis
1254 5855 1377 5914 respectu
1436 5875 1441 5888 a

414 5941 477 6016 ¹linis
497 5955 544 6006 per
564 5941 650 5992 media
670 5941 825 6008 assequendi
845 5939 1002 6004 assignatur,
1020 5943 1047 5990 et
1065 5935 1200 6002 delinitur,
1220 5937 1293 6004 quod
1315 5957 1328 5984 r
1340 5939 1377 5992 ni·

346 6083 350 6094 ,
419 6031 453 6084 bil
471 6025 511 6082 est
529 6029 598 6082 abud
625 6027 675 6082 nisi
693 6043 707 6082 θ
727 6027 830 6082 duabus
848 6027 944 6094 rebus,
963 6043 1032 6096 quae
1052 6031 1250 6094 proponuntur,
1271 6027 1377 6080 alterius

419 6133 483 6186 prae
502 6121 579 6172 altera
598 6119 730 6184 susceptio
743 6139 767 6170 a.
780 6145 817 6160 -
830 6119 894 6170 lnlra
908 6123 967 6184 post
980 6115 1185 6196 inteitiqendnm
1196 6117 1239 6170 θεῖ
1248 6105 1290 6170 ed.
1304 6119 1377 6172 omit·

419 6211 448 6262 ιἰῖ
464 6197 565 6276 pruine.
1166 6279 1168 6282 Ι
1367 6205 1370 6210 ‘

489 6295 672 6348 ⁴Secundum
691 6295 815 6362 burgast,
833 6295 862 6348 in
880 6299 948 6348 loan.
976 6299 1074 6362 Eveng.
1097 6301 1128 6348 tr.
1147 6295 1190 6346 86.
1209 6307 1236 6346 n.
1254 6295 1281 6346 2.
1300 6299 1324 6348 θῖ
1343 6297 1376 6350 de
1404 6323 1405 6326 ¹

418 6385 603 6436 Praedestioat.
623 6385 794 6448 Sanctorum,
813 6399 834 6436 c.
857 6383 897 6436 47.
917 6381 1076 6436 163460.
1096 6385 1113 6436 l.
1132 6379 1376 6436 Senonibus.

418 6489 444 6540 q.
464 6473 489 6526 4.
508 6477 533 6524 et
553 6475 576 6524 2.
594 6499 630 6512 -
647 6473 695 6524 Ed.
715 6471 797 6526 iibere
814 6471 1009 6526 consentiendo.
1162 6543 1163 6548 η

490 6559 571 6614 ⁵Clr.
590 6573 671 6626 sopra
691 6575 716 6612 n.
741 6561 765 6622 1,
779 6573 810 6614 ex
828 6573 882 6626 qno
901 6559 977 6612 lectio
995 6559 1037 6612 ed.
1062 6561 1163 6628 quarte
1176 6571 1247 6628 pers
1262 6557 1377 6628 capitoli

417 6647 582 6714 reprobator.
1319 6643 1321 6648 ’

488 6733 594 6790 οῖῖθεε.
614 6739 664 6802 20,
693 6737 813 6806 sequitur
836 6737 870 6802 7,
896 6735 924 6790 7.
940 6739 1074 6790 -llaior
1102 6751 1164 6804 pars
1190 6735 1269 6790 codd.
1295 6737 1374 6802 legit:
1400 6793 1404 6800 ,,

416 6841 504 6896 snpra
518 6827 696 6896 proponendo
715 6823 832 6894 capituto
853 6825 940 6880 tertie.
977 6827 979 6832 ’
1022 6821 1023 6824 ’

1443 4411 1557 4474 verso;
1580 4391 1665 4460 unde
1688 4389 1779 4460 dicit:

1532 4497 1584 4564 34.
1610 4499 1716 4582 (Versa
1737 4499 1814 4582 bl).
1839 4501 1902 4568 Sed
1922 4499 2004 4568 inec
2028 4501 2140 4570 ananie
2163 4499 2289 4588 facient
2310 4503 2400 4572 cobis

1439 4613 1576 4692 propter
1598 4625 1716 4672 laomen
1739 4625 1868 4688 mecm,
1898 4603 2014 4676 scilicet
2046 4609 2232 4690 delendum,
2255 4629 2313 4694 pro
2336 4629 2400 4696 quo

1442 4711 1523 4780 beati
1541 4711 1632 4792 estis;
1649 4711 1734 4780 unde
1749 4713 1893 4780 llattbaei
1912 4713 2021 4800 quinto
2036 4715 2079 4780 ²²:
2103 4741 2118 4774 «
2129 4715 2213 4780 Beati
2227 4715 2315 4794 estis,
2326 4735 2400 4784 cum

1439 4837 1499 4886 ,ros
1520 4819 1680 4903 persecuti
1702 4815 1827 4886 tuerint
1844 4815 2040 4888 homines'et
2063 4821 2316 4890 dixerintomne
2331 4843 2400 4890 ma-

1443 4924 1511 4991 lum
1534 4925 1701 4992 adversum
1727 4945 1800 5006 roe,
1821 4927 2007 4994 mentientes
2036 4934 2166 5014 propter
2189 4947 2240 4996 me
2254 4957 2286 4996 a.
2312 4931 2399 4998 Ratio

1511 5317 1521 5350 ²
1543 5321 1618 5376 Vers.
1635 5323 1662 5380 6,
1680 5329 1704 5374 θῖ
1724 5321 1749 5376 7.
1767 5323 1815 5376 Ed.
1833 5337 1893 5376 curn
1915 5337 1967 5374 nno
1994 5323 2129 5392 alteroque
2156 5311 2217 5376 ced.
2236 5329 2260 5376 et
2279 5323 2397 5376 Gorrano

1441 5409 1536 5486 omittit
1555 5425 1580 5464 r.
1601 5413 1632 5464 6:
1654 5413 1797 5480 Ternpns...
1810 5415 1951 5480 peratum.
2073 5479 2075 5482 Ι

1511 5495 1522 5526 ⁸
1544 5501 1617 5554 Vers.
1636 5499 1679 5554 44.
1697 5529 1734 5542 --
1751 5499 1803 5554 Clr.
1826 5503 1902 5554 Rom.
1922 5503 1950 5568 9,
1976 5503 2021 5552 ts:
2043 5501 2114 5554 Sicut
2131 5501 2258 5566 scriptum
2278 5507 2316 5554 est
2335 5501 2398 5570 [lla-

1441 5589 1506 5642 lacb.
1526 5589 1551 5656 l,
1570 5591 1595 5640 2.
1615 5589 1695 5656 seq.]:
1715 5587 1792 5640 laeob
1810 5587 1901 5652 dilexi,
1922 5591 1988 5642 Esau
2009 5593 2098 5642 autem
2125 5589 2187 5644 odio
2216 5587 2304 5642 habui.
2330 5589 2398 5644 Vide

1432 5667 1561 5744 Dieron,
1572 5677 1588 5730 4.
1604 5665 1749 5730 Cfin'iment.
1763 5677 1789 5728 tn
1802 5677 1881 5730 Amos
1895 5679 1926 5742 2,
1941 5679 1982 5728 44.
1995 5691 2082 5746 seqq,
2096 5677 2259 5744 stringnen,
2275 5679 2358 5732 Serm.
2372 5677 2397 5732 4.

1441 5767 1514 5836 (alias
1534 5767 1567 5818 dc
1585 5767 1701 5820 Diversis
1721 5765 1776 5836 44.)
1797 5779 1820 5820 e.
1842 5767 1867 5818 3.
1885 5781 1913 5820 n.
1931 5767 1955 5820 3.
1976 5781 2049 5836 seqq.

1507 5851 1522 5884 ‘⁹
1542 5856 1655 5920 Vulgata
1674 5853 1807 5910 sermonis
1825 5853 1891 5920 mci,
1912 5869 1994 5926 qnem-
2006 5869 2055 5926 epo
2074 5855 2141 5910 dini.
2156 5855 2320 5908 -Subinde
2339 5857 2397 5908 alle·

1440 5949 1518 6010 gatar
1544 5945 1612 5996 loen.
1640 5943 1686 6010 43,
1707 5941 1800 6006 la-‚un
1818 5957 1872 6010 quo
1890 5943 2013 5996 edeam
2034 5945 2145 6010 Vulgata
2165 5943 2228 6000 lVon
2244 5947 2286 5998 est
2300 5931 2396 5998 sereres

1439 6029 1530 6086 maior
1550 6027 1657 6084 domino
1676 6043 1726 6084 sno
1744 6043 1794 6096 pro
1812 6031 1874 6086 Non
1892 6035 1933 6086 est
1949 6029 2099 6106 disceptatae
2116 6043 2204 6102 snpra
2222 6031 2395 6106 cmpisbnm,

1439 6135 1508 6188 quae
1526 6118 1611 6172 verba
1627 6125 1713 6172 sumta
1733 6125 1793 6172 sunt
1811 6133 1842 6172 ex
1861 6121 1923 6172 Luc.
1941 6121 1980 6184 6,
1998 6119 2043 6174 40.
2060 6119 2094 6172 ab
2113 6121 2157 6172 ed.
2174 6109 2251 6174 etiam
2278 6121 2397 6184 allegato.

1476 6239 1477 6242 =
1511 6205 1535 6242 ¹⁰
1553 6211 1581 6262 ln
1593 6211 1663 6262 loan.
1682 6211 1781 6274 Evang.
1795 6215 1826 6262 tr.
1846 6207 1889 6261 at.
1901 6223 1926 6262 n.
1940 6201 1976 6262 ⁵2:
1997 6211 2138 6262 «Recusas
2157 6209 2258 6262 esseio
2278 6223 2397 6274 corpore,
2481 6241 2482 6244 =

1439 6299 1462 6352 si
1482 6313 1536 6352 non
1553 6297 1594 6350 vis
1613 6297 1703 6350 odium
1724 6297 1815 6352 mundi
1835 6297 1962 6352 sustinere
1980 6313 2041 6352 enm
2060 6297 2146 6364 capite
2159 6319 2182 6350 a.
2195 6299 2231 6350 lta
2243 6295 2306 6364 legit
2316 6297 2396 6352 etiam

1440 6389 1484 6440 ed.
1490 6407 1497 6450 ;
1515 6385 1594 6440 codd.
1614 6399 1676 6436 eum
1693 6387 1810 6438 Gerrano
1829 6385 1952 6438 exhibent
1971 6391 2067 6439 textum
2090 6389 2225 6448 nostrum,
2242 6385 2341 6438 omisso
2360 6391 2396 6436 ta·

1439 6489 1500 6528 men
1520 6471 1623 6528 mnndi.
1642 6501 1679 6514 -··
1697 6475 1821 6540 Sequitur
1849 6475 1889 6526 Ps.
1911 6473 1975 6538 408,
1995 6473 2043 6538 47,
2061 6487 2142 6538 quom
2161 6473 2271 6538 burgast.
2291 6475 2396 6544 exponit

1439 6565 1474 6616 de
1493 6563 1554 6616 luda
1573 6567 1600 6614 et
1617 6561 1719 6614 ludaeis
1737 6559 1867 6614 Christum
1886 6561 1996 6628 eiusque
2015 6559 2382 6628 membrapersequentibus.

1510 6649 1533 6680 ²²
1552 6649 1627 6702 Vers.
1648 6649 1688 6700 46.
1708 6675 1743 6688 -
1763 6649 1818 6700 Duo
1838 6661 1914 6714 seqq.
1931 6649 1981 6700 loci
1999 6653 2060 6700 sunt
2078 6649 2167 6700 lllatttr.
2179 6649 2229 6714 22,
2248 6649 2290 6706 lb.
2309 6657 2335 6704 et
2349 6651 2394 6706 Ps.

1439 6741 1488 6804 36,
1508 6739 1550 6790 42.
1786 6767 1787 6770 =
2272 6745 2274 6748 ·

1489 6819 1490 6822 ’
1509 6823 1533 6856 ²²
1553 6825 1626 6880 Vers.
1647 6825 1689 6876 44.
1701 6851 1738 6864 ··-
1750 6823 1868 6878 Subinde
1886 6825 2032 6890 allegantur
2051 6825 2119 6878 loan.
2139 6827 2169 6892 8,
2188 6827 2232 6880 49.
2248 6833 2276 6880 et
2294 6827 2337 6892 47,
2350 6829 2395 6882 25.
