5900 8266
1049 497 1305 566 COLLthONES
1328 501 1364 568 IN
1388 499 1554 566 lolNNEll
1578 499 1654 566 CAP.
1682 499 1728 566 11.
1754 497 1858 564 coll.
1884 497 1946 562 XV.

510 683 708 749 Canticorum
723 679 881 766 quart01:
901 703 916 736 «
929 679 1009 758 Fons
1031 679 1215 758 hortorum,
1233 681 1347 760 puteus
1369 697 1464 762 6666-

510 807 583 856 rum
595 787 777 866 viventium,
789 801 872 870 quae
888 783 992 850 116661
1004 783 1123 868 166616
1136 783 1173 848 de
1187 781 1301 880 Libano
1313 811 1343 848 s.
1361 783 1464 868 Quan-

511 901 579 962 tum
595 895 634 960 ad
650 893 898 960 humanitatem.
914 889 1060 956 Christus
1072 895 1119 956 cst
1131 889 1200 956 lons
1214 889 1255 956 de
1270 889 1335 956 imo
1351 907 1464 956 ascen-

511 1003 607 1080 1666·
633 999 759 1066 Genesis
775 999 932 1066 secundo:
961 999 1073 1064 «Fons
1094 997 1279 1064 ascendebat
1303 997 1340 1062 de
1364 1003 1464 1074 terra,

510 1109 645 1194 irrigaus
667 1105 848 1172 universam
875 1103 1073 1188 superficiem
1097 1109 1202 1170 166666
1217 1129 1249 1168 n.

597 1213 752 1280 2161166
773 1215 879 1276 661661
894 1209 1119 1277 considerando
1138 1209 1232 1276 lontis
1256 1207 1351 1272 buius
1376 1223 1464 1290 6666-

345 1327 492 1424 116616
512 1319 642 1398 tionem,
664 1315 878 1396 inveniemus,
900 1333 918 1380 6
942 1315 1025 1382 16616
1040 1315 1164 1382 Cbristo
1187 1315 1304 1380 fontem
1329 1311 1464 1378 derivari

345 1393 491 1532 nu?{{1{e¹fgn·
510 1423 710 1510 sapientiae,
734 1421 850 1490 iontem
880 1423 1142 1500 misericordiae,
1167 1423 1283 1486 iontem
1314 1417 1464 1504 6661166,

434 1519 439 1530 ’
510 1531 628 1598 ionum
650 1531 840 1616 spiritualis
865 1529 1020 1608 laetitiae,
1046 1529 1161 1594 iontem
1193 1527 1278 1592 uitae
1303 1533 1462 1590 aeternae.

399 1645 490 1690 Primus.
513 1675 553 1684 -
577 1637 655 1704 Fons
679 1637 861 1720 sapientiae
885 1641 999 1720 purgat
1028 1633 1235 1720 ignorantiam
1267 1631 1464 1708 intellectum

511 1742 548 1810 de
572 1763 636 1828 quo
658 1743 861 1810 Ecclesiastici
886 1743 987 1828 primo
1001 1743 1029 1806 2:
1061 1741 1171 1804 «Fons
1201 1737 1371 1824 sapientiae
1397 1755 1467 1804 ver-

373 1857 490 1900 situnne.
510 1849 585 1916 bum
602 1849 657 1918 1161
674 1851 706 1916 16
722 1849 855 1918 excelsis
872 1877 900 1914 n.
920 1885 960 1896 -
977 1849 1056 1912 Fons
1071 1843 1321 1912 misericordiae
1342 1845 1467 1928 culpam

511 1963 642 2044 purgat,
666 1975 749 2045 quae
764 1963 812 2024 est
827 1957 858 2020 in
875 1955 1005 2032 allecta3
1029 1951 1197 2018 Zachariae
1220 1951 1341 2018 decimo
1358 1951 1466 2016 tertia:

517 2063 705 2130 «16111666
728 2067 837 2146 661666
861 2059 967 2128 domui
1000 2059 1097 2126 David
1128 2063 1158 2122 et
1187 2057 1400 2124 habitantibus
1424 2055 1467 2122 le-

504 2167 647 2236 rusalem
674 2167 704 2232 in
728 2167 921 2232 ablutionem
950 2163 1124 2250 peccatoris
1146 2169 1178 2230 et
1206 2165 1466 2230 menstruatae».

391 2281 552 2344 111116·-
577 2275 655 2338 Fons
677 2271 935 2358 66611666611611
964 2271 1114 2336 virtutem
1145 2277 1301 2362 quantum
1324 2268 1364 2335 ad
1386 2267 1467 2332 aeti-

510 2397 586 2456 cos‚·
602 2377 641 2444 dc
655 2395 719 2462 quo
735 2377 819 2442 lonte
835 2377 981 2442 [eramiae
998 2377 1134 2442 secundo
1147 2375 1175 2440 8;
1197 2401 1212 2432 «
1225 2373 1469 2460 Dereliquennt

457 2525 458 2528 =
509 2501 578 2562 me,
601 2483 717 2548 iontem
742 2499 840 2566 aquae
859 2483 946 2548 vivae
962 2509 994 2562 »,
1010 2483 1041 2548 id
1058 2487 1104 2548 est
1121 2481 1322 2560 1161666116,
1346 2507 1362 2540 α
1377 2485 1408 2546 61
1424 2479 1437 2544 1
1454 2515 1467 2526 -

389 2597 490 2652 duatus·
510 2587 625 2654 derant
647 2587 706 2654 sibi
730 2589 881 2656 cisternas
903 2587 1113 2672 1166166166».
1136 2625 1182 2634 —-
1203 2587 1282 2652 Fons
1305 2583 1467 2670 spirituu-

509 2693 551 2760 116
575 2693 714 2760 laetitiae
739 2695 871 2760 delectat
893 2701 1029 2760 mentem
1047 2699 1199 2778 quantum
1216 2693 1255 2758 ad
1270 2691 1431 2776 contempl
1454 2725 1468 2736 -

510 2797 612 2876 ticos,
635 2817 729 2884 quem
755 2799 878 2866 sitiebat
895 2797 1058 2866 Psalmista
1071 2797 1194 2864 dicens:
1217 2823 1233 2856 c<
1250 2797 1351 2864 Sitivit
1366 2797 1469 2886 anima

390 2915 490 2996 Quintus·
510 2921 579 2970 mea
605 2905 643 2968 ad
676 2905 793 2984 Deum,
818 2905 933 2970 iontem
956 2905 1063 2970 vivum
1079 2929 1111 2968 ».
1135 2941 1180 2950 -
1201 2905 1285 2968 Fons
1304 2905 1390 2970 uitae
1415 2923 1468 2970 ae-

510 3017 623 3074 ternae
644 3007 800 3076 beatificat
823 3009 981 3088 ammam3
1004 3007 1044 3074 de
1066 3027 1129 3094 quo
1158 3009 1314 3076 Psalmus:
1349 3035 1365 3068 «
1379 3009 1467 3096 hpud

510 3123 540 3182 te
557 3121 603 3184 est
619 3115 687 3184 1666
702 3115 800 3196 61166,
816 3121 846 3180 61
863 3115 893 3180 16
909 3115 1026 3180 lumine
1044 3121 1098 3182 tuo
1115 3115 1291 3184 videbimus
1312 3115 1465 3184 1616661.

359 3233 491 3276 beandum·
509 3261 555 3270 --
577 3223 626 3290 Sic
649 3241 724 3308 ergo
749 3223 845 3288 habes
869 3223 1008 3306 quinque
1031 3223 1149 3302 166166,
1167 3241 1246 3308 6666
1261 3223 1287 3288 61
1304 3223 1467 3310 diligenter

510 3329 705 3408 consideran,
731 3329 793 3394 duo
816 3329 910 3412 primi
934 3336 1007 3395 6661
1040 3335 1147 3396 666166
1173 3331 1309 3410 malurn,
1333 3331 1396 3396 duo
1421 3349 1467 3396 se-

509 3441 641 3520 quentes
665 3441 851 3520 promovent
872 3433 902 3500 16
929 3435 1027 3514 bono,
1045 3435 1176 3520 quintus
1192 3453 1266 3502 vero
1284 3437 1352 3502 lons
1367 3437 1467 3502 61166-

509 3541 555 3608 dit
577 3541 762 3626 praemium.

486 3729 488 3734 Ι
603 3647 632 3712 3.
650 3647 843 3726 Notandum,
868 3649 950 3732 quod
975 3649 1186 3714 diversitatem
1202 3645 1348 3734 fontium
1364 3649 1467 3734 sequi-

355 3761 492 3868 ggpapgggj
511 3759 564 3820 tur
586 3755 750 3820 diversitas
773 3775 954 3842 66666661.
981 3755 1134 3820 Habemus
1159 3773 1295 3840 namque
1317 3753 1357 3820 de
1379 3755 1465 3822 lente

413 3867 492 3912 Prima·
509 3859 691 3946 sapientiae
713 3863 812 3946 aquas
834 3859 1080 3936 instrumienta
1111 3859 1313 3928 Ecclesiastici
1346 3859 1467 3926 decimo

509 3967 663 4050 quintae:
693 3991 708 4024 (ι
725 3967 845 4032 Cibavit
860 3967 948 4032 illum
965 3985 1045 4052 pane
1067 3967 1148 4030 vitae
1172 3971 1202 4032 et
1227 3967 1420 4046 intellectus,
1436 3971 1469 4030 61

509 4091 591 4156 6666
616 4073 783 4156 sapientiae
800 4073 945 4138 salutaris
961 4073 1079 4156 potavit
1096 4071 1184 4138 illum
1199 4099 1231 4138 6,
1256 4109 1298 4120 -
1321 4073 1366 4138 116
1381 4071 1467 4138 16616

384 4183 491 4228 Stella·
509 4177 777 4256 misericordiae,
801 4195 898 4262 aquas
921 4177 1145 4256 remissionis,
1176 4177 1215 4244 de
1245 4177 1362 4262 quibus
1394 4179 1468 4244 Enc-

509 4285 619 4352 cbiclis
640 4285 801 4370 trigesimo
816 4291 926 4350 sento:
951 4309 967 4342 «
984 4283 1146 4350 Effundam
1170 4301 1266 4368 super
1284 4301 1338 4364 vos
1353 4303 1466 4368 aquam

509 4389 677 4468 mundam,
701 4395 733 4456 61
755 4389 982 4456 mundabimini
1004 4390 1045 4457 ab
1071 4391 1219 4458 omnibns
1249 4389 1468 4476 inquinamen-

409 4501 489 4546 brla·
508 4495 549 4564 tis
563 4497 678 4564 vestris
692 4523 723 4562 ».
740 4535 783 4544 --
800 4497 845 4564 116
860 4495 942 4562 16616
965 4497 1110 4582 6661166,
1127 4513 1242 4582 aquam
1258 4495 1467 4582 refectionis,-

2427 497 2490 562 don

1528 687 1560 746 61
1582 677 1714 746 deducet
1747 695 1800 744 eos
1829 675 1869 742 ad
1898 673 2000 742 166166
2032 673 2112 740 61166
2141 691 2345 758 aquaram»,
2372 711 2415 722 -
2438 673 2635 740 Sinnianae.

1528 803 1604 872 ergo
1631 785 1728 852 babes
1752 785 1782 850 in
1808 783 1964 848 Salinatore
1989 781 2129 868 quinque
2153 797 2267 864 genera
2288 775 2433 864 fantium
2455 785 2488 844 et

1528 891 1669 976 quinque
1694 907 1809 976 genera
1831 907 2019 976 aquarum,
2045 885 2082 952 de
2107 885 2222 970 quibus
2246 885 2339 950 Isaiae
2370 883 2487 950 duode-

1529 997 1628 1062 cimo:
1656 1021 1674 1054 a
1690 995 1843 1062 Haurietis
1873 1011 1969 1078 aquas
1994 995 2022 1060 in
2057 991 2169 1078 gaudio
2191 991 2230 1058 de
2258 989 2397 1056 fontibus
2423 989 2487 1054 Sal-

1529 1101 1646 1168 vetoris
1662 1127 1694 1166 n.
2434 1119 2440 1134 “

1619 1207 1647 1272 1.
1674 1207 1807 1274 Possunt
1828 1215 1934 1274 autem
1955 1207 2097 1290 adaptari
2131 1205 2182 1272 1611
2216 1203 2358 1290 6616666
2384 1203 2486 1270 166166
2504 1213 2653 1314 nihii‘i‘li

1529 1313 1671 1398 quinque
1696 1313 1886 1380 vulneribus
1909 1313 2041 1394 Christi,
2076 1331 2214 1398 quorum
2240 1317 2376 1398 quatuor
2405 1309 2486 1376 infli-
2504 1325 2601 1368 neribus.

1530 1423 1580 1486 616
1604 1425 1678 1486 6661
1700 1417 1823 1486 Christo
1854 1425 1926 1486 ante
1960 1425 2112 1498 mortem,
2135 1417 2282 1504 quintum
2310 1413 2388 1484 'vero
2417 1423 2487 1502 post

1529 1531 1676 1592 mortem.
1699 1525 1748 1592 Sic
1770 1531 1803 1590 et
1824 1525 1956 1592 istorum
1982 1525 2115 1592 lentium
2138 1531 2275 1612 quatuor
2300 1525 2487 1608 aperiuntur

1530 1631 1621 1698 nobis
1643 1631 1676 1696 in
1699 1631 1762 1696 vila
1785 1631 1863 1710 1616,
1884 1631 2031 1714 quintum
2056 1649 2130 1696 vero
2153 1639 2224 1716 post
2247 1631 2278 1696 in
2303 1631 2400 1714 gloria
2414 1631 2435 1696 ⁶,

1904 1861 2050 1912 Annorlmo
2069 1861 2112 1912 12.

1622 2057 1722 2142 (Vers.
1748 2055 1803 2140 8.).
1838 2057 2001 2142 Discipuli
2034 2057 2106 2122 eius
2134 2059 2252 2124 ahieru
2280 2069 2308 2138 t,
2338 2067 2375 2126 ut
2399 2059 2487 2126 cihos

1532 2171 1682 2230 emerent.

1621 2269 1813 2350 Notandum,
1838 2269 1923 2356 quod
1953 2269 2124 2338 secundum
2162 2269 2355 2356 Scriptorum
2379 2251 2639 2380 6661-’86606666

1532 2377 1607 2462 plex
1629 2377 1833 2462 distinguitur
1858 2375 1958 2442 cibus.
1985 2377 2038 2442 Est
2065 2377 2148 2442 enim
2173 2377 2261 2444 cibus
2296 2377 2484 2456 naturalis,
2617 2367 2622 2376 ’

1532 2481 1662 2568 hepatis,
1693 2481 1863 2560 carnalis,
1889 2481 2100 2568 spiritantia,
2131 2481 2406 2564 sacramentalis,
2430 2503 2484 2548 ae-

1533 2587 1680 2654 ternalis.
1710 2627 1751 2638 -
1784 2587 1878 2654 Cibus
1900 2587 2070 2654 naturalia
2086 2587 2301 2656 ministratur
2333 2587 2422 2656 nobis
2456 2589 2487 2656 in
2506 2601 2610 2644 Primum·

1532 2691 1638 2760 mensa
1663 2695 1872 2772 maturando
1895 2713 1959 2782 666
1983 2695 2125 2762 Matthaei
2151 2695 2271 2762 decimo
2285 2695 2313 2760 ⁷:
2336 2695 2487 2782 «Dignus

1532 2807 1578 2866 est
1602 2801 1765 2884 operarius
1790 2799 1860 2866 cibo
1881 2819 1939 2866 suo
1957 2827 1986 2866 n.
2003 2841 2048 2848 -—
2066 2801 2163 2868 Cibus
2185 2801 2314 2888 legalis,
2333 2803 2364 2866 in
2379 2811 2643 2868 6666686666

1531 2923 1739 2994 6666666666,
1769 2923 1865 2992 6666
1895 2905 2052 2974 interdicit
2087 2907 2309 2992 1666616661
2337 2909 2487 2974 Romanos

1531 3011 1651 3078 decimo
1676 3019 1806 3096 quarto:
1829 3013 1885 3078 «Si
1904 3019 2034 3098 propter
2049 3013 2154 3078 cibum
2176 3017 2266 3078 tunm
2291 3013 2388 3078 irater
2414 3019 2487 3078 tuus
2546 3067 2551 3078 ,
2589 3069 2590 3072 ,

1531 3117 1746 3198 contristatur,
1782 3119 1842 3184 iam
1877 3137 1938 3184 non
1976 3121 2146 3186 secundum
2181 3117 2344 3186 caritatem
2377 3119 2487 3184 ambu-

1531 3223 1619 3290 las».
1636 3223 1792 3292 -Cibus
1812 3225 1983 3304 carnaiis,
2007 3225 2040 3292 in
2059 3243 2167 3292 mensa
2189 3225 2487 3310 concupiscentium
2507 3239 2608 3284 rentium-

1532 3331 1773 3398 movendorum
1798 3331 2083 3418 trigesimalem
2107 3331 2166 3398 1616
2188 3339 2335 3400 movetur
2358 3339 2443 3400 terra
2456 3359 2486 3412 n,

1532 3457 1669 3524 quorum
1703 3457 1803 3504 unum
1828 3443 1893 3518 est,
1922 3457 1994 3504 eum
2024 3465 2039 3496 «
2054 3439 2171 3506 stultus
2202 3444 2361 3506 saturatus
2393 3437 2486 3504 fuerit

1531 3543 1600 3610 cibo
1613 3571 1642 3608 n.
1658 3579 1698 3592 ··-
1712 3542 1806 3610 Cibus
1820 3543 2022 3628 spiritualis,
2039 3543 2067 3610 16
2086 3561 2192 3610 66666
2210 3543 2431 3622 conscientiae,
2450 3542 2486 3611 de
2505 3561 2615 3616 66666.

1532 3667 1595 3736 666
1610 3649 1732 3716 1666616
1747 3655 1854 3716 sexto:
1874 3649 2082 3734 «0666616161
2099 3651 2298 3730 6666111661,
2316 3649 2369 3736 qui
2388 3651 2485 3738 perit,

1532 3755 1585 3822 sed
1609 3757 1664 3840 qui
1686 3761 1851 3838 permanet
1872 3757 1904 3820 16
1923 3755 2016 3822 vitam
2038 3763 2196 3822 aeternam
2213 3783 2242 3822 6,
2261 3795 2302 3806 -
2319 3757 2414 3824 Cibus
2431 3775 2485 3824 sa·
2506 3771 2614 3828 61116·
2707 3821 2709 3826 s

1532 3861 1755 3940 aramentum,
1777 3863 1806 3928 16
1823 3881 1931 3928 mensa
1946 3859 2186 3940 eucharistiam
2212 3865 2333 3932 loannis
2354 3865 2484 3932 sertor:

1536 3967 1641 4032 «Caro
1665 3985 1734 4032 mee
1757 3985 1831 4034 vere
1848 3973 1894 4034 est
1910 3967 1998 4034 cibus
2010 3995 2027 4028 »
2048 3975 2105 4036 etc.
2125 4007 2165 4016 -
2181 3969 2277 4036 Cibus
2292 3969 2483 4048 aeternalis,
2504 3985 2600 4028 sextun-

1532 4073 1560 4138 16
1586 4091 1693 4140 mensa
1716 4073 2001 4160 placidamque
2027 4075 2139 4142 Tobiae
2162 4075 2360 4142 duodecimo:
2392 4077 2484 4162 «Ego

1532 4179 1600 4246 cibo
1623 4179 1769 4246 invisibili
1793 4185 1823 4246 61
1847 4189 1941 4264 6616,
1960 4181 2012 4266 661
2038 4181 2077 4246 ab
2101 4183 2280 4250 bominibus
2303 4183 2400 4248 videri
2423 4201 2483 4250 non

1531 4291 1651 4370 potest,
1674 4293 1746 4352 utor
1764 4311 1794 4352 6.

1885 4515 2045 4570 COLLATIO
2064 4519 2121 4570 XV.

507 4603 604 4670 166166
632 4603 833 4670 duodecimo:
870 4603 1057 4668 «Haurietis
1088 4621 1185 4688 aquas
1218 4603 1247 4668 16
1284 4603 1397 4688 gaudio
1427 4603 1467 4668 de
1536 4685 1537 4690 ἵ

506 4709 644 4776 lontibus
668 4708 881 4788 3616166166
909 4709 1063 4774 Psalmus:
1094 4709 1227 4792 «Super
1246 4727 1360 4794 aquam
1385 4707 1435 4774 rel
1452 4745 1490 4768 -,

399 4821 486 4876 Quarta·
506 4815 618 4882 ationis
639 4815 849 4882 6166661166
865 4841 894 4878 n.
920 4853 963 4862 -
986 4815 1031 4880 116
1052 4813 1138 4882 16616
1161 4813 1352 4898 spiritualis
1374 4813 1466 4880 laeti-

374 4931 375 4934 ’
494 4921 591 4998 tiae,
621 4937 720 5004 aquas
752 4919 1004 4996 consolationis,·
1041 4919 1281 4984 proverbiorum
1316 4921 1466 5004 vigesimo

505 5025 660 5120 quintal:
688 5025 807 5110 «1666
829 5023 941 5108 frigida
965 5023 1088 5090 animae
1112 5023 1245 5104 sitienti,
1263 5025 1394 5090 nuntius
1409 5025 1465 5090 bo-

306 5215 307 5218 *
399 5139 565 5200 Quintanas
590 5133 628 5200 de
651 5141 737 5200 16666
758 5130 930 5216 longinqua
945 5157 976 5196 n.
1000 5131 1111 5196 -De
1139 5131 1224 5196 16616
1247 5131 1335 5196 61166
1361 5137 1465 5196 66166-

395 5227 396 5230 “
503 5259 582 5318 666,
608 5257 705 5324 66666
729 5243 879 5302 aeternae
902 5233 1464 5322 1611611616,(16661116616616666

510 5373 527 5406 «
544 5347 586 5414 116
611 5353 748 5412 torrente
773 5343 941 5428 voluptatis
968 5347 1038 5410 1666
1059 5343 1182 5428 potabis
1205 5361 1257 5410 eos
1276 5369 1304 5434 »3
1331 5351 1361 5410 61
1385 5347 1464 5430 166-

504 5453 637 5538 calypsis
661 5451 808 5537 septimo:
842 5475 856 5508 e
871 5449 936 5516 Non
966 5449 1105 5516 esurient
1136 5467 1237 5534 66666
1271 5449 1374 5516 6111661
1398 5469 1464 5516 am-

503 5559 603 5644 plius,
625 5575 681 5626 nee
705 5557 795 5626 cadet
816 5573 913 5640 super
935 5553 1004 5620 illos
1028 5555 1074 5620 sol
1104 5573 1206 5640 66666
1229 5555 1314 5622 61166
1339 5565 1462 5636 666166;

504 5665 652 5750 quoniam
676 5665 798 5748 dgnus,
822 5661 876 5748 661
903 5661 932 5728 16
956 5659 1056 5726 medio
1082 5661 1184 5726 throni
1211 5667 1275 5742 661,
1291 5671 1377 5750 reget
1394 5665 1463 5732 illos

564 6101 584 6136 ”¹
606 6109 678 6162 Vers.
700 6109 710 6160 l
718 6109 741 6160 5.
759 6137 796 6148 -
815 6109 938 6176 Sequitur
958 6109 1023 6160 Gen.
1044 6109 1075 6174 2,
1094 6109 1119 6158 6.
1132 6133 1167 6146 -··
1179 6107 1318 6174 Aliquanto
1337 6109 1460 6174 superius

501 6211 551 6262 pro
570 6195 682 6250 delectat
699 6195 720 6250 C
737 6193 879 6262 dulcescat,
902 6203 927 6250 et
945 6195 1056 6250 subinde
1070 6211 1101 6248 en
1115 6195 1135 6244 B
1154 6193 1266 6248 vocibus
1277 6197 1341 6266 [ons
1352 6197 1459 6254 descen-

501 6283 566 6340 dens
586 6283 784 6336 interseruimus
801 6283 834 6338 de
851 6299 967 6340 666166.

572 6367 584 6400 ²
604 6373 678 6424 1666.
696 6371 721 6424 5.
739 6373 912 6428 -Subinde
930 6377 1058 6438 allegatur
1078 6373 1155 6424 Zacb.
1176 6373 1223 6436 13,
1244 6373 1270 6434 l.

572 6457 584 6492 ³
603 6461 678 6512 Vere.
698 6463 740 6514 13.
758 6489 792 6500 -
811 6463 869 6514 Duo
888 6477 962 6530 seqq.
981 6463 1030 6514 loci
1049 6465 1110 6514 sunt
1129 6463 1169 6514 Ps,
1189 6461 1236 6526 ll,
1257 6463 1282 6514 3.
1301 6469 1327 6516 61
1346 6463 1394 6528 35,
1415 6467 1458 6520 10.

499 6547 663 6602 -16166166
687 6563 735 6614 666
760 6549 931 6620 praemium,
958 6553 1029 6618 qood
1057 6547 1167 6614 praebet
1195 6547 1228 6616 C,
1257 6553 1278 6604 A
1307 6551 1413 6620 lumen,
1437 6557 1458 6606 11

416 6663 418 6666 ·
497 6637 630 6710 primum.

571 6721 676 6778 ⁴Vers.
696 6727 721 6778 3.
739 6753 777 6766 -·
794 6729 946 6796 Sequuntur
973 6729 1065 6780 Ezeeh.
1094 6727 1143 6790 36,
1161 6727 1209 6796 25;
1236 6729 1293 6780 lsai.
1322 6731 1368 6796 12,
1389 6733 1413 6784 3.
1432 6737 1458 6784 61

499 6815 542 6868 Pe.
561 6815 605 6878 22,
625 6817 651 6866 2.

1618 4711 1720 4792 (Veis.
1737 4709 1813 4786 321.
1832 4711 1898 4796 Epo
1913 4711 2024 4796 eiham
2039 4709 2141 4778 haheo
2153 4715 2371 4792 munducare,
2390 4735 2482 4802 66616

1529 4833 1587 4880 666
1608 4815 1749 4882 66661116.
2032 4831 2033 4834 ’

1600 4921 1649 4986 ’1.
1672 4921 1712 4986 Ut
1733 4921 1887 5002 6616666,
1911 4941 1974 5008 666
1997 4927 2079 4992 vesci
2103 4923 2214 4992 debeat
2243 4927 2337 4994 homo
2362 4929 2482 5008 iustus,
2504 4939 2648 5038 lobisnpo·

1529 5025 1716 5106 notandum,
1732 5027 1815 5110 quod
1833 5027 1950 5112 triplex
1973 5035 2021 5096 est
2042 5029 2149 5110 611166,
2172 5031 2226 5116 661
2252 5033 2340 5100 nobis
2355 5037 2482 5122 666661-
2502 4997 2611 5090 parson

1529 5139 1583 5200 tur
1605 5133 1637 5200 ln
1662 5133 1840 5218 praesenti:
1863 5135 1954 5202 cibus
1976 5137 2205 5204 1161666116-
2221 5139 2310 5208 cibus
2334 5143 2482 5210 carnalis

1529 5277 1570 5288 -
1588 5249 1617 5306 et
1634 5239 1723 5308 cibus
1746 5239 1945 5324 artificialis.
1971 5243 2094 5310 Primus
2114 5251 2277 5314 sustentat
2298 5255 2481 5330 naturum,

1527 5345 1683 5410 secundus
1707 5345 1815 5412 nutrit
1838 5347 2154 5432 concupiscentiam,
2180 5351 2291 5418 tertius
2315 5351 2482 5440 ecnlbrtct

1529 5469 1688 5518 unimam.

1616 5559 1752 5626 2111666
1776 5559 1880 5627 cibum
1905 5561 2094 5628 naturalem
2116 5565 2307 5650 6616666611
2324 5567 2480 5654 condique
2501 5577 2645 5674 66616661-

1526 5673 1574 5730 est
1598 5667 1860 5750 promerendus·
1889 5669 2032 5736 llattbaei
2063 5669 2225 5736 decimolz
2258 5699 2272 5730 «
2288 5671 2406 5758 Dignus
2434 5681 2600 5740 66111611-

2623 5005 2647 5038 01

1593 6109 1604 6142 ⁵
1625 6115 1698 6166 Vere.
1718 6113 1814 6168 61.-
1832 6115 1897 6166 'ires
1915 6127 1989 6182 seqq.
2010 6115 2059 6167 loci
2078 6121 2138 6166 sunt
2164 6115 2205 6166 Pe.
2224 6115 2273 6178 35,
2292 6115 2324 6178 9;
2342 6117 2423 6182 1666.
2444 6119 2477 6182 t,

1525 6203 1566 6256 16.
1585 6207 1608 6254 61
1631 6201 1686 6254 lsai.
1706 6203 1737 6254 12
1748 6241 1756 6266 ,
1773 6205 1795 6254 3.
2320 6247 2323 6252 ,,

1592 6285 1603 6316 ⁰
1623 6289 1689 6340 Vide
1708 6291 1841 6354 Bernard,
1861 6291 1944 6344 Serra.
1965 6291 1986 6342 l.
2009 6291 2032 6342 16
2051 6291 2190 6344 Nativitate
2206 6291 2324 6358 Domini,
2342 6307 2369 6344 6.
2389 6295 2412 6346 ll.

1592 6373 1602 6406 ²
1622 6379 1698 6430 Vens.
1720 6379 1762 6430 10.
1777 6407 1811 6416 -
1825 6379 1942 6430 Subinde
1955 6379 2098 6442 allegantur
2113 6381 2190 6432 Rom.
2204 6379 2251 6444 11,
2268 6379 2313 6442 tc,
2330 6381 2407 6434 Prov.
2428 6383 2475 6448 311,

1523 6469 1565 6520 21.
1586 6479 1643 6532 666.
1660 6471 1686 6518 61
1704 6467 1773 6520 1666.
1792 6467 1824 6532 6,
1842 6465 1886 6520 et.

1592 6551 1602 6582 ⁸
1622 6555 1698 6606 Vens.
1716 6553 1760 6606 56.
1778 6581 1814 6592 -
1832 6553 1954 6622 Sequitur
1973 6553 2041 6606 Tob.
2064 6557 2108 6620 12,
2131 6555 2171 6606 le.

1591 6637 1698 6694 ⁹Vers.
1720 6641 1763 6694 10.
1781 6669 1817 6682 -
1835 6643 1986 6710 Sequuntur
2010 6643 2036 6695 11.
2063 6643 2206 6708 1116663,
2229 6645 2271 6708 1ος
2291 6639 2355 6700 Gen.
2378 6649 2404 6712 3,
2427 6651 2473 6718 '¹95

1522 6733 1612 6784 Ezeeb.
1634 6731 1662 6796 1,
1684 6731 1724 6784 11.
1745 6729 1802 6798 (vibi
1821 6745 1869 6796 pro
1887 6729 1983 6798 6161611
2000 6733 2111 6784 stateres
2131 6733 2207 6786 codd.
2227 6737 2310 6788 nostri
2322 6733 2410 6790 decem
2425 6743 2474 6794 sto·

1522 6825 1598 6886 teres,
1615 6825 1641 6872 61
1653 6821 1730 6884 66616
1751 6823 1809 6870 6616
1828 6833 1876 6884 666
1895 6819 2011 6874 modeste
2028 6819 2048 6874 C
2067 6821 2179 6892 modice)
2199 6823 2313 6880 61116611.
2327 6825 2375 6894 37,
2395 6835 2438 6888 36,
