5916 8276
438 545 439 548 ’
540 539 604 606 300

627 717 658 784 3.
683 719 759 784 ltem
784 715 924 796 uidetur,
949 715 1034 802 quod
1063 717 1199 802 Apostoli
1231 733 1293 782 noo
1325 715 1386 782 sint
1413 737 1493 802 mes-

539 847 655 904 sores,
654 825 724 892 sed
746 823 883 908 :lupun
853 821 990 888 nunde
1026 823 1170 890 Matthaei
1206 823 1326 890 decimo
1357 823 1492 890 tertio¹:

427 933 429 940 ’
538 931 722 998 Messistest
742 927 981 994 comemmorans
996 927 1141 1008 saeculi,
1158 945 1315 994 messores
1331 933 1410 1054 sunt
1425 931 1493 996 An-

535 1039 616 1124 peli:
641 1055 703 1102 uon
727 1051 801 1120 ergo
824 1031 969 1118 Apostoli
1028 1117 1031 1126 A

624 1141 825 1208 Responsio:
850 1137 1041 1216 Dicendum,
1058 1139 1143 1224 qood
1165 1139 1242 1206 haec
1268 1139 1328 1206 tria
1351 1147 1493 1228 tempora

459 1277 524 1330 aaa
539 1249 655 1316 habent
676 1247 832 1314 ordinem:
857 1251 981 1330 tempus
996 1243 1076 1332 44444
1103 1245 1283 1330 lloysaicae,
1304 1249 1438 1334 4444444
1463 1255 1492 1316 et

535 1351 669 1440 pieriae.
695 1355 832 1436 Tempus
852 1349 985 1436 prutina
1009 1357 1055 1416 θεῖ
1088 1349 1169 1419 sicut
1199 1353 1323 1420 fructus
1347 1363 1491 1440 respecto

539 1457 687 1544 temporis
713 1451 789 1544 44444
825 1455 1014 1540 lloysaioae3
1038 1461 1163 1542 tempus
1188 1459 1317 1546 4444444
1341 1467 1389 1528 θεῖ
1411 1459 1493 1538 sicut

536 1561 659 1632 fructus
681 1567 828 1648 respectu
844 1563 993 1648 temporis
1007 1565 1149 1652 4444444.
1164 1605 1205 1614 -
1219 1565 1398 1634 Secundum
1415 1567 1490 1642 hoc,

377 1699 524 1762 4444444
538 1671 611 1756 quia
641 1671 754 1738 messio
781 1668 855 1736 dicit
881 1669 1095 1738 collectionem
1121 1675 1263 1752 frustm,
1290 1673 1410 1756 duplex
1445 1675 1491 1738 θεῖ

395 1787 399 1792 ’
431 1765 470 1796 ⁵¹⁸·
537 1777 663 1846 messis:
692 1777 792 1861 prima
824 1775 1021 1864 intempore
1047 1781 1180 1866 4444444
1187 1805 1201 1858 ,·
1231 1785 1263 1846 et
1296 1777 1395 1844 huius
1416 1779 1491 1840 sunt

535 1901 687 1950 messores
711 1883 861 1968 Apostoli,
880 1885 932 1950 sed
950 1885 1154 1954 seminatores
1175 1885 1365 1968 Prophetae,
1382 1879 1436 1966 qui
1454 1879 1490 1946 de

536 1991 596 2056 hac
620 1989 722 2076 gratia
743 1989 972 2074 praedixerunt
994 1999 1026 2060 et
1048 1993 1203 2078 populum
1216 2029 1218 2032 -
1233 1994 1418 2072 exspectare
1447 1987 1489 2054 fe-

537 2103 649 2164 cerunt
662 2097 682 2162 ².
709 2097 772 2164 hlia
794 2101 842 2164 θεῖ
863 2095 896 2164 44
921 2103 1060 2182 tempore
1082 2095 1229 2184 pieriam
1250 2099 1281 2160 et
1295 2093 1394 2160 huius
1415 2099 1490 2160 suot

537 2221 692 2272 messores
715 2203 838 2290 444444,
861 2211 894 2272 et
915 2203 1119 2272 seminatores
1143 2205 1235 2288 hpost
1223 2201 1277 2266 toli
1308 2199 1412 2286 quoad
1434 2197 1489 2266 ali

375 2317 411 2380 ai
427 2335 520 2382 444444
536 2329 633 2396 quoa,
658 2311 712 2386 sed
726 2327 835 2378 ornnes
857 2311 962 2396 quoad
976 2329 1010 2376 se
1004 2311 1178 2416 ipsos—-
1136 2309 1232 2374 -nt
1248 2305 1422 2392 procedunt
1439 2323 1488 2370 44

535 2417 633 2484 tiones
656 2435 713 2502 per
735 2415 875 2482 diversas
899 2415 984 2494 4444,
1004 2391 1085 2500 quia
1106 2413 1260 2482 Dominus
1286 2411 1428 2496 loquitur
1451 2409 1489 2474 de

536 2541 636 2590 messe
659 2521 785 2608 (44341449.

659 2749 759 2812 autin
777 2745 972 2816 manifestatio,
991 2761 1055 2816 quaa
1075 2743 1148 2800 44444
1165 2743 1207 2798 est
1225 2737 1357 2798 Galiloeis.

623 2947 674 3010 69.
701 2945 781 3010 Post
812 2941 895 3006 duos
917 2947 1029 3006 autem
1052 2939 1131 3020 uias,
1145 2945 1203 3004 eto.
1226 2935 1432 3004 Manifestavit
1456 2951 1488 3002 se

533 3069 630 3138 supra
645 3049 795 3116 Dominus
818 3045 996 3130 discipulis,
1020 3045 1141 3112 ludaeis
1155 3052 1188 3112 et
1203 3043 1419 3122 Samaritanis3
1438 3039 1488 3106 hic

533 3157 641 3242 incipit
662 3159 776 3240 quarta
797 3169 872 3238 pars
888 3151 984 3218 huius
1000 3151 1116 3237 partis,
1133 3151 1163 3216 iu
1181 3169 1245 3236 qua
1266 3147 1440 3214 manifestat
1456 3163 1488 3214 se

531 3265 636 3348 ipsum
652 3259 821 3336 Galiiucis,
835 3245 1135 3342 suis'compatriotis,
1145 3263 1293 3342 tanquam
1305 3253 1488 3320 durioribus

509 3383 512 3428 ἱ
531 3369 570 3436 od
593 3367 792 3436 credendum.
818 3357 852 3430 n
875 3363 1057 3448 proceditur
1081 3363 1112 3428 in
1136 3363 1195 3430 hac
1222 3361 1487 3436 manifestatione,

389 3493 612 3560 alienandae
635 3475 716 3540 lacta
739 3475 786 3538 θεῖ
819 3487 876 3556 444
906 3469 1115 3548 miraculum,
1139 3469 1200 3536 hoc
1233 3465 1350 3534 ordine.
1385 3465 1488 3532 Primo

532 3583 711 3650 insinuatur
732 3579 765 3646 in
788 3575 930 3644 Galilaeis
947 3573 1089 3662 44444444
1105 3573 1305 3658 reuerentiae
1328 3573 1366 3640 ad
1390 3573 1488 3638 hono-

532 3675 691 3766 44444444Ι
706 3683 858 3762 secundo,
877 3679 1020 3768 defectus
1043 3679 1122 3766 4444
1144 3679 1184 3746 ad
1200 3679 1407 3758 credendum;
1425 3685 1488 3746 ter-

533 3793 576 3862 tio
599 3811 693 3872 vero,
716 3787 903 3876 impetratio
926 3787 1105 3866 miraculi;
1130 3791 1262 3872 quarto,
1286 3801 1328 3850 ex
1350 3785 1410 3850 hoe
1435 3805 1488 3852 oe·-

531 3889 676 3986 44444444
699 3895 783 3982 4444.

539 4045 540 4048 =
620 4003 753 4070 Primo
746 4001 801 4088 igit
802 4021 841 4066 nr
865 4001 1044 4067 insinuatur
1068 3997 1170 4084 defeat
1170 4019 1211 4064 us
1235 4003 1381 4072 reuerent
1383 3997 1435 4064 iae
1449 3997 1565 4067 adt

373 4111 519 4212 ,Pelle-35⁰2&
489 4111 517 4156 a
532 4109 637 4176 Christ
638 4127 693 4174 um
716 4105 944 4174 honorandum
968 4103 1048 4186 Quia
1071 4103 1155 4168 enim
1190 4107 1278 4170 eraut
1302 4109 1424 4186 compat
1427 4101 1488 4168 rio-

368 4219 487 4264 varenae
533 4221 582 4282 tae
604 4213 738 4292 Christi,
755 4211 824 4278 ideo
839 4211 879 4276 ad
901 4227 1012 4276 eorum
1029 4207 1268 4276 irreverentiam
1283 4207 1487 4274 amovendam

342 4315 346 4320 ’
531 4321 616 4390 venit
603 4321 677 4386 tad
711 4335 765 4386 eos
795 4315 954 4394 Christus
977 4321 1014 4382 ut
1036 4315 1069 4380 in
1102 4313 1263 4380 miraculis
1286 4331 1320 4380 εθ
1346 4317 1395 4378 θεῖ
1383 4313 1488 4378 ttenda

532 4429 585 4494 eis.
610 4429 777 4510 Propterea
800 4421 891 4490 dicit:
944 4493 949 4502 .

622 4533 720 4614 (Vers.
746 4531 824 4614 43).
851 4531 930 4596 Post
953 4531 1036 4596 duos
1060 4535 1171 4594 autem
1121 4525 1280 4604 omelias,
1298 4503 1413 4610 quibus
1431 4525 1489 4590 sci-

532 4641 602 4708 licet
590 4637 746 4704 44444444
776 4635 933 4714 Samaria,
956 4653 1009 4702 4444
1006 4633 1035 4700 44
1070 4633 1198 4698 indcct
1223 4629 1309 4708 44444
1296 4629 1371 4696 tin
1397 4629 1490 4698 Goli-

534 4747 660 4824 laeam,
685 4741 820 4830 patriam
841 4741 959 4808 scilicet
980 4757 1084 4820 sumn,
1109 4745 1146 4806 ut
1169 4755 1221 4806 eos
1245 4731 1389 4816 duriores
1416 4755 1489 4804 con-

518 4855 677 4918 ,verteret
702 4849 771 4916 ldeo
794 4847 916 4914 subdit:
1018 4937 1020 4942 y
1332 4921 1333 4924 ,

623 4961 674 5024 70.
701 4957 801 5042 (Vers.
826 4955 902 5038 44.).
927 4955 1002 5040 lpse
1034 4951 1121 5020 enim
1144 4953 1250 5024 lesus,
1268 4945 1489 5022 testemonium

528 5063 714 5152 4444444444,
741 5063 778 5134 td
803 5067 865 5140 est,
892 5065 1042 5146 tanquam
1078 5079 1189 5128 verum
1220 5059 1372 5140 asseruit,
1406 5059 1497 5146 444444

528 5169 690 5258 propheta
713 5171 750 5236 in
768 5167 888 5254 patrio
911 5185 977 5232 sua
1005 5163 1159 5232 honorem
1175 5185 1243 5232 non
1257 5163 1353 5232 44444
1359 5189 1375 5242 ;w
1387 5167 1496 5258 Lucae

509 5277 688 5364 'quartoiz
718 5303 733 5336 a
749 5275 843 5350 Nemo
878 5275 1032 5360 propheta
1066 5277 1212 5358 acceptus
1247 5259 1293 5338 est
1314 5271 1355 5348 ,44
1386 5271 1488 5356 patria

533 5373 636 5452 sual».
660 5383 768 5452 Glossa
788 5381 881 5460 dicit,
905 5379 990 5466 quod
1015 5379 1089 5464 quia
1112 5379 1143 5446 in
1166 5379 1270 5464 primo
1294 5377 1433 5446 adventu
1454 5377 1488 5444 in

532 5491 697 5558 Galilaeam
731 5491 884 5554 honorem
914 5505 977 5552 noo
1013 5485 1185 5566 habuerat,
1208 5485 1277 5554 ideo
1313 5485 1416 5552 adhuc
1440 5503 1488 5552 se·

531 5597 634 5664 cundo
656 5593 844 5672 revertitur,
870 5598 905 5660 ut
929 5593 977 5660 vel
1002 5593 1046 5660 sie
1069 5593 1178 5660 saltem
1206 5593 1239 5658 44
1262 5581 1334 5658 eam
1359 5593 1488 5658 credant

601 6041 705 6094 ¹Vers¹
731 6041 772 6094 39.
825 6071 826 6074 =

529 6165 534 6192 ,·
602 6127 613 6192 ²
632 6129 684 6184 Cir.
702 6143 782 6196 supra
802 6143 828 6180 n.
847 6127 891 6180 at.
908 6141 936 6180 n.
953 6123 997 6180 st.

602 6215 613 6248 ³
632 6219 708 6272 Vero.
727 6215 770 6272 24.
788 6245 824 6258 -
842 6217 947 6282 Glossa,
965 6229 1035 6284 quiae
1054 6213 1166 6268 subinde
1184 6213 1318 6280 allegatur,
1330 6215 1371 6264 est
1382 6209 1479 6266 ordina

530 6307 575 6364 ria
593 6307 622 6360 in
640 6323 673 6362 r..
689 6307 731 6360 43.
750 6309 774 6358 44
795 6305 842 6372 444
863 6307 906 6358 clr.
927 6305 1053 6370 August,
1071 6303 1100 6358 in
1113 6305 1187 6376 ¹ioan.
1206 6303 1355 6376 34444444.
1370 6299 1411 6352 44.
1424 6315 1449 6352 n.
1463 6299 1488 6352 4.

530 6393 884 6464 seqq.etDaoa‚h110an
903 6393 934 6460 4,
953 6393 994 6446 44.

601 6481 704 6538 ‘Vers
724 6485 767 6538 29
976 6507 981 6538 ;

601 6569 612 6602 ⁵
632 6575 744 6640 Vulgata
762 6547 950 6626 44444444.-
970 6551 1062 6640 sequit
1063 6585 1093 6624 ur
1113 6573 1181 6624 ioan.
1199 6571 1231 6634 2,
1250 6569 1293 6622 23.

600 6657 733 6716 ⁰Scilicet
750 6659 917 6716 ordinario
910 6675 937 6712 44
954 6675 983 6712 r.
1002 6661 1050 6714 la.
1074 6661 1175 6714 «Unde
1193 6671 1272 6724 supra
1294 6655 1339 6726 [2,
1361 6655 1387 6706 44
1395 6653 1488 6724 ]viso

530 6749 621 6814 signo,
639 6747 840 6804 crediderunt
828 6763 858 6802 m
875 6763 938 6802 eam
950 6745 1077 6816 4444444444
1093 6747 1164 6816 4444,
1178 6763 1231 6802 non
1247 6745 1291 6802 alii
1301 6767 1326 6800 u.
1338 6745 1389 6802 Clr.
1403 6743 1488 6812 Beda,

530 6835 556 6886 44
573 6835 644 6886 4444.
664 6837 693 6900 4,
713 6837 756 6888 46.

1128 645 1129 648 ¹
1245 541 1437 646 44444444.
1463 543 1499 608 n
1524 541 1687 610 44444444
1712 545 1741 610 c.
1770 545 1815 612 n.

1557 737 1614 804 per
1640 721 1734 808 signa.
1763 723 1824 786 lam
1847 721 1929 788 enim
1955 721 2090 804 quodam
2125 721 2217 800 modo
2249 721 2400 788 habilitati
2424 727 2515 790 erant

1557 845 1614 910 per
1639 829 1743 914 signa,
1762 845 1843 912 quae
1857 825 2052 908 ierosolymis
2072 823 2220 892 viderant.
2237 829 2405 912 Propterea
2420 827 2513 894 dicit:

1649 937 1700 1000 74.
1724 933 1826 1016 (Vers
1850 931 1927 1012 44.).
1956 929 2039 996 Cum
2073 949 2151 1018 4444
2188 931 2325 998 uenisset
2347 933 2385 998 444
2422 931 2514 1000 Gali-

1556 1039 1878 1122 teum-mmmmm
1901 1053 1973 1102 eum
1995 1035 2151 1114 Galitaei,
2175 1037 2265 1122 quasi
2279 1037 2442 1120 paulisper
2457 1037 2514 1102 ho

1556 1163 1670 1210 narare
1694 1145 1879 1226 coeperunt;
1904 1141 1944 1204 ad
1966 1141 2177 1226 Philippenses
2208 1141 2385 1210 secundo4:
2418 1169 2436 1202 a
2452 1143 2514 1208 Ex-

1557 1249 1652 1334 cipite
1675 1245 1920 1332 Epaphroditum
1947 1265 2018 1312 cum
2041 1247 2126 1312 omni
2150 1243 2264 1332 gaudio
2285 1247 2319 1312 in
2332 1247 2466 1314 Domino
2481 1253 2513 1316 θῖ

1555 1351 1708 1420 eiusmodi
1731 1369 1804 1418 cum
1830 1351 1949 1418 honore
1975 1351 2121 1420 habetote
2138 1379 2166 1418 4.
2193 1355 2227 1420 Et
2252 1353 2331 1420 ratio
2346 1355 2511 1422 subditur:

1557 1459 1642 1524 Cum
1663 1455 1823 1522 uidissmt
1844 1457 1975 1534 omnia,
2000 1477 2084 1546 44444
2105 1457 2227 1546 4444444
2252 1459 2460 1546 ierosolymis
2474 1459 2513 1528 in

1555 1563 1607 1630 die
1630 1561 1731 1648 festa·
1767 1561 1938 1642 uidissent,
1963 1563 2109 1648 inquam,
2138 1573 2167 1632 ct
2198 1565 2265 1652 ipsi
2288 1565 2377 1630 em'm
2399 1585 2512 1632 ascen

1555 1669 1700 1734 derant⁵
1723 1669 1770 1734 ad
1791 1669 1876 1734 diem
1910 1665 2041 1754 44444444.
2078 1671 2139 1738 lsta
2171 1671 2255 1738 euim
2284 1671 2404 1750 omnia,
2431 1689 2512 1756 quae

1554 1773 1716 1854 viderunt,
1738 1775 1869 1842 fuerunt
1893 1775 1979 1860 signa
2004 1783 2033 1842 θῖ
2058 1777 2225 1856 444444444;
2244 1795 2340 1860 ε4444
2355 1775 2510 1844 secundo:

1559 1909 1577 1940 a
1592 1879 1670 1946 Cum
1695 1885 1776 1948 esset
1799 1879 1994 1964 ierosolymis
2017 1881 2046 1948 44
2072 1881 2121 1948 die
2144 1881 2240 1960 testo,
2264 1881 2354 1948 multi
2372 1883 2511 1950 credide·

1554 1994 1632 2052 runt
1653 1987 1685 2052 in
1709 2005 1796 2066 44444,
1822 1985 1960 2052 ridentes
1983 1987 2084 2072 signa,
2109 2005 2191 2074 quae
2212 1987 2343 2056 iaciebat
2359 2013 2389 2054 4.

1645 2097 1696 2160 72.
1721 2095 1823 2180 (Vero.
1852 2095 1929 2176 44.).
1970 2093 2059 2158 Venit
2088 2113 2165 2180 4444
2198 2093 2317 2160 iterum
2346 2095 2383 2158 in
2416 2093 2509 2160 Canu
2618 2177 2619 2180 Ἴ

1559 2199 1743 2278 (initimum
1760 2197 1878 2266 scilicet
1892 2205 1927 2266 ot
1940 2201 1989 2266 rel
2006 2199 2049 2266 sie
2062 2199 2205 2280 credant3
2218 2197 2277 2266 ubi
2290 2197 2370 2284 44444
2384 2215 2509 2286 apuam
2606 2239 2611 2254 ·

1553 2305 1686 2386 omniu,
1711 2307 1794 2392 quod
1829 2305 1888 2374 fnit
1919 2307 2081 2392 signorum
2113 2323 2246 2374 suorum
2278 2303 2421 2384 initium,
2452 2323 2509 2388 per

1553 2411 1638 2494 quod
1661 2413 1796 2478 innotuit
1820 2413 1998 2496 discipulis;
2021 2413 2104 2480 unde
2128 2413 2274 2480 Glossatz
2306 2437 2322 2470 «
2336 2413 2398 2476 Hoc
2413 2411 2509 2478 mira-

1554 2517 1659 2582 culum
1687 2517 1775 2602 44444
1814 2519 2026 2598 crediderant,
2060 2521 2089 2586 id
2121 2526 2167 2586 θεῖ
2190 2517 2340 2602 'discipuli
2358 2543 2388 2598 »3
2412 2535 2510 2602 supra

1549 2623 1715 2692 secundo:
1755 2647 1770 2680 «
1791 2621 1851 2714 Ηθθ
1887 2623 2011 2688 initium
2045 2625 2207 2710 signorum
2242 2625 2315 2692 fecit
2352 2625 2439 2692 lesus
2477 2623 2509 2690 in

1553 2725 1636 2792 Cana
1647 2725 1815 2806 Galilaeae,
1832 2733 1863 2792 et
1850 2727 2108 2795 tcrediderunt
2100 2749 2133 2796 44
2148 2749 2220 2796 eum
2238 2731 2423 2814 discipuli
2395 2749 2507 2798 erus».

2523 2827 2630 2884 Secundo,
2641 2829 2670 2874 444

1645 2831 1752 2898 73.Ε
1752 2839 1859 2896 44444
1882 2833 2019 2920 pauidam
2034 2835 2181 2920 44444444.
2205 2835 2357 2920 Tangitur
2380 2835 2433 2902 hie
2461 2853 2510 2902 εθ-
2516 2863 2670 2932 aestuario

1553 2939 1710 3016 cundum,
1733 2937 2017 3026 scilicetdefectus
2038 2939 2177 3026 sderad
2199 2941 2399 3010 credendum.
2423 2941 2509 3008 Sicut

1553 3043 1690 3130 quodam
1712 3043 1804 3110 modo
1828 3041 2051 3124 honorabant,
2075 3045 2210 3130 quodam
2246 3047 2336 3112 modo
2360 3067 2444 3124 non;
2465 3047 2509 3114 ita

1552 3151 1646 3218 etiam
1668 3151 1805 3236 quodam
1827 3151 1917 3216 modo
1943 3151 2133 3232 credebant,
2157 3153 2294 3238 quodam
2316 3153 2407 3220 modo
2431 3173 2506 3220 non

1552 3257 1588 3322 Et
1612 3259 1671 3324 hoc
1695 3261 1779 3342 patet
1796 3257 1826 3322 in
1843 3257 1918 3336 hoo,
1937 3257 2019 3342 quod
2036 3259 2166 3344 regulus
2183 3279 2247 3344 non,
2261 3259 2418 3340 credebat,
2435 3277 2508 3328 eum

1551 3381 1642 3448 posse
1664 3381 1774 3430 sanare
1798 3361 1897 3430 lilium
1922 3363 1980 3430 nisi
1999 3381 2154 3448 praesens.
2174 3367 2304 3452 Propter
2319 3365 2402 3450 quod
2420 3365 2507 3432 dicit:

1553 3469 1638 3534 lirat
1667 3469 1806 3556 quidam
1835 3469 1992 3556 44444444,
2015 3487 2032 3534 4
2057 3471 2143 3556 regni
2168 3471 2285 3538 scilicet
2312 3471 2507 3556 parvitatem

1552 3575 1649 3642 euius
1670 3575 1762 3662 4444444
1785 3573 2025 3658 infirmabatur
2060 3575 2320 3664 deplorantem,
2345 3577 2442 3646 etita
2477 3577 2509 3644 in
2622 3637 2623 3640 ,

1551 3681 1673 3748 Domini
1697 3681 1844 3748 absentia.
2069 3751 2071 3762 ,

1642 3787 1693 3854 74.
1718 3787 1819 3874 (Vero.
1843 3787 1921 3868 474.
1946 3787 2009 3856 liic
2031 3807 2108 3856 cum
2132 3789 2395 3878 carlamannum
2420 3791 2508 3856 lesus

1531 3893 1662 3988 worauit8
1687 3913 1708 3960 u
1734 3893 1861 3958 Iudaea
1885 3893 1920 3958 in
1946 3895 2151 3976 Gallianum,
2178 3895 2252 3980 quia
2280 3894 2364 3962 fama
2393 3895 2508 3962 adren-

1552 4006 1603 4067 tus
1638 3999 1705 4067 eius
1748 3999 1989 4084 percrebuerat3
2024 4001 2118 4068 Marci
2153 4001 2272 4086 primo:
2317 4027 2331 4060 <t
2358 4003 2508 4068 Processit

1552 4125 1661 4172 rumor
1686 4105 1754 4174 eius
1775 4105 1881 4172 statim
1911 4105 1944 4172 in
1977 4125 2101 4174 omnem
2129 4107 2287 4192 regionem
2312 4105 2463 4174 Galilaeae
2476 4133 2506 4188 »;

1553 4211 1635 4280 abiit
1661 4213 1707 4278 44
1734 4231 1827 4290 eum,
1852 4231 1908 4296 per
1943 4211 2151 4294 devotionem
2188 4213 2332 4281 llatthaei
2356 4219 2464 4280 octavo
2478 4215 2506 4280 ⁹:

1558 4345 1573 4376 (ι
1589 4317 1722 4384 Accessit
1746 4317 1784 4384 ad
1808 4335 1881 4384 eum
1917 4319 2073 4400 centurio,
2102 4339 2214 4404 rogans
2245 4337 2317 4388 eum
2332 4345 2349 4378 »
2377 4327 2435 4388 etc.
2471 4323 2508 4386 Εῖ

1552 4423 1695 4508 4444444
1716 4441 1804 4502 eum,
1827 4431 1867 4488 ut
1887 4423 2105 4504 descenderet,
2129 4443 2186 4510 per
2208 4425 2418 4510 praesentiam
2439 4443 2508 4492 cor·

1553 4528 1710 4612 poralem3
1736 4545 1831 4612 supra
1856 4525 2049 4594 secundo1⁰
2078 4555 2094 4588 «
2111 4529 2274 4598 Descendit
2291 4523 2508 4614 Capharnaum

1553 4633 1673 4720 ipseet
1660 4635 1792 4701 thlater
1817 4633 1914 4700 eius»
1944 4639 2001 4702 eto
2040 4637 2079 4702 Et
2067 4643 2215 4702 tsanar
2216 4643 2246 4702 et
2278 4635 2364 4720 filim
2315 4657 2385 4702 444444
2422 4635 2507 4716 eius,

1553 4741 1803 4826 perpotentiam
1826 4739 2017 4822 mirabilem;
2043 4743 2142 4810 Lucae
2167 4747 2269 4810 sexto:
2226 4741 2440 4810 trVirtus
2471 4743 2509 4810 de

1497 4923 1498 4926 Ἴ
1554 4843 1607 4912 illo
1624 4845 1730 4912 exibat
1747 4849 1777 4912 et
1793 4845 1922 4912 sanabat
1909 4853 2089 4914 tamnes»
2108 4849 2289 4934 lncipicotb
2303 4849 2388 4914 enim
2405 4849 2507 4928 mori,

1553 4971 1610 5038 per
1634 4951 1848 5038 impotentiam
1871 4955 2061 5034 4444444444
2084 4955 2188 5040 quarti
2213 4957 2331 5038 Regum
2360 4955 2508 5040 vigesimo

1552 5059 1670 5128 dictum
1686 5065 1733 5128 est
1749 5059 1913 5136 Ezeoltiae:
1943 5085 1959 5118 «
1975 5051 2115 5128 llorieris
2131 5067 2167 5126 tu
2183 5068 2213 5129 et
2230 5079 2291 5128 non
2314 5061 2400 5128 rives
2412 5089 2442 5140 a,
2460 5079 2507 5128 se·

1551 5167 1694 5240 cundum,
1713 5185 1823 5234 causas
1847 5167 1962 5234 scilicet
1985 5167 2218 5256 interioreslt
2241 5167 2313 5254 quia
2336 5167 2394 5234 iste
2415 5185 2508 5252 regu-

1538 5275 1617 5362 lm,
1634 5271 1697 5340 'etsi
1721 5273 1864 5360 petebat,
1887 5291 1949 5340 non
1974 5281 2073 5340 444444
2099 5275 2233 5340 tirmiter
2255 5273 2418 5354 credebam
2438 5273 2507 5340 ideo

1551 5381 1701 5446 Dominus
1717 5397 1789 5446 eum
1806 5377 1911 5468 4444444
1926 5379 2160 5446 incredulitatis.
2174 5383 2303 5466 Propter
2318 5379 2405 5464 quod
2416 5377 2505 5446 dicit:

1640 5489 1692 5554 74.
1717 5485 1818 5568 (Pers.
1836 5487 1914 5562 484.
1940 5485 2034 5552 Discit
2055 5503 2132 5572 4444
2149 5485 2241 5550 lesus
2264 5485 2309 5550 ad
2324 5503 2416 5550 eum:
2432 5483 2508 5552 Nisi

1550 5593 1647 5678 44444
1675 5599 1704 5658 44
1722 5591 1881 5678 44444444
1904 5589 2070 5668 4444444444,
2096 5609 2163 5656 non
2184 5589 2336 5668 creditis;
2353 5597 2382 5656 et
2407 5589 2448 5656 ita
2469 5589 2507 5656 ad

1625 6033 1634 6064 r
1654 6038 1744 6090 Glossa
1763 6033 1961 6090 interlinearis:
1982 6035 2114 6106 4444444444,
2126 6027 2234 6104 44ο4444
2245 6037 2403 6114 parvitatem
2416 6037 2457 6088 vel
2470 6049 2507 6088 re·

1554 6125 1600 6190 gni
1619 6127 1662 6178 vel
1679 6127 1749 6178 fidei.
1767 6123 1818 6178 dn.
1837 6125 1923 6192 Beda,
1941 6125 1968 6178 in
1987 6127 2057 6178 hone
2075 6127 2171 6180 locum.

1481 6241 1490 6252 ·
1526 6235 1547 6268 s
1624 6209 1634 6242 ⁸
1654 6215 1764 6280 Vulgata
1790 6207 1934 6268 4444444444.
1952 6245 1987 6252 —-
2006 6217 2066 6282 Seq.
2091 6217 2164 6268 locus
2185 6221 2225 6268 est
2247 6215 2325 6282 Marc.
2345 6213 2372 6276 4,
2393 6213 2434 6264 23.
2454 6211 2507 6266 Glr.

1553 6317 1632 6368 supra
1650 6319 1674 6358 c.
1694 6305 1717 6358 4.
1736 6319 1761 6358 n.
1782 6303 1823 6356 99.

1622 6385 1633 6452 ⁹,
1653 6393 1730 6446 Vers.
1748 6391 1772 6444 5.
1791 6421 1826 6432 —
1845 6391 1991 6458 chrysost,
2002 6393 2030 6444 444
2043 6395 2112 6446 loan.
2124 6391 2214 6446 homil.
2228 6391 2269 6444 35.
2285 6389 2356 6456 (alias
2369 6389 2423 6460 34.)
2436 6403 2463 6442 4.
2476 6391 2505 6442 24

1554 6477 1666 6548 Quidam
1684 6485 1785 6544 putant,
1804 6483 1875 6532 hunc
1894 6479 2147 6550 [regolomlesum
2165 6493 2230 6548 esse,
2248 6479 2294 6546 qui
2312 6483 2507 6532 memoratura
2579 6543 2581 6548 Ι

1553 6567 1693 6636 44444444θθ;
1708 6571 1759 6624 sed
1778 6571 1844 6622 alius
1862 6583 1920 6622 esse
1937 6565 2064 6634 probatur
2081 6583 2134 6622 non
2154 6583 2183 6622 ex
2201 6567 2328 6634 dignitate
2347 6567 2440 6634 modo,
2460 6565 2508 6620 sed

1553 6655 1630 6708 etiam
1649 6673 1680 6710 ex
1697 6659 1757 6712 lide
1777 6657 1827 6712 Clr.
1849 6659 1956 6712 inl.ran
1977 6659 2019 6710 84.

1623 6739 1856 6800 10944442-
1878 6747 1936 6800 Duo
1961 6759 2036 6814 seqq
2058 6745 2109 6798 loci
2132 6749 2194 6798 sumt
2218 6747 2279 6798 Lae
2303 6745 2336 6810 4,
2359 6743 2403 6826 49.
2420 6747 2445 6796 et
2464 6741 2505 6796 lV

1552 6833 1619 6898 Reg.
1637 6833 1715 6898 29,4
1704 6833 1800 6888 tcta
1770 6837 1897 6900 supra
1917 6847 1980 6900 pag
1997 6835 2045 6902 64,
2062 6835 2169 6888 444443.
2338 6841 2349 6848 ”
2387 6841 2389 6846 ’
2528 6849 2529 6852 ’
