5908 8266
476 551 539 614 2111

560 725 631 790 Ρ44
657 723 777 812 qaibas
798 711 969 786 tormentis
989 726 1048 785 etc.
1074 719 1127 784 Hic
1152 719 1290 804 tangitur
1322 719 1430 784 lsrae-

311 829 612 908 ,4444444411444444
639 827 837 904 consolatio,
860 831 892 892 et
920 827 1025 908 primo
1053 823 1181 908 ponitur
1214 823 1430 890 consolationis

281 913 282 918 ἵ
309 901 388 994 llllm
410 911 610 1010 quamosim:
633 931 785 1010 secundo,
807 949 933 996 caasa:
965 929 1002 996 414
1028 929 1095 1006 itit,-
1117 929 1226 1008 tertio,
1257 927 1428 996 celeritas:

475 1037 520 1104 Hi
551 1045 684 1114 comm,-
721 1043 855 1124 quarto,
890 1031 1137 1102 acceleratiom‘s
1174 1033 1428 1130 opportunitas:

415 1137 416 1140 ’
478 1141 651 1226 Oportebat
671 1147 729 1208 etc.

561 1247 671 1332 (Vers.·
687 1247 741 1330 2.).
768 1247 839 1310 Pro
860 1245 981 1334 quibus
1012 1247 1200 1324 tormentis,
1229 1245 1332 1312 idest
1361 1245 1428 1310 loco

310 1371 465 1418 catalaunis
475 1371 612 1440 quorum
626 1357 870 1430 tormentorum,
887 1351 975 1436 quasi
992 1369 1011 1418 e
1034 1351 1209 1430 contrario;
1226 1349 1299 1416 bene
1321 1349 1428 1436 dispo-

351 1427 432 1470 ¹⁰⁰⁶⁰⁵'
475 1459 572 1526 suisti
592 1457 751 1544 pupulam
777 1463 890 1536 taam,
914 1457 1032 1524 scilicet
1045 1457 1269 1536 israeliticum,
1290 1455 1347 1540 qui
1361 1459 1431 1522 erat

476 1565 543 1634 eius
569 1589 587 1624 4
602 1567 737 1650 4444444
759 1563 925 1648 peculiaris
938 1589 970 1642 s,
984 1569 1023 1628 ut
1044 1559 1439 1636 habeturfDeuteronomii'

476 1665 607 1754 septimo
622 1669 645 1734 1.
671 1667 815 1752 Quibus,
842 1667 870 1732 id
887 1673 933 1734 θε4
959 1667 1007 1734 cui
1025 1667 1155 1752 popolo,
1178 1665 1298 1732 dedisti
1312 1685 1431 1732 44444-

473 1775 667 1862 piscentium
689 1771 912 1868 delectammti
931 1773 1005 1850 sai,
1031 1771 1128 1838 idest
1151 1771 1353 1856 concupitum
1377 1771 1429 1838 de-

477 1881 631 1960 lectabile3
663 1877 881 1946 «desiderium
902 1877 1000 1956 enim,
1025 1877 1046 1946 si
1066 1877 1283 1964 compleatur,
1298 1877 1431 1946 delectat

476 1985 609 2052 animam
624 2009 657 2064 s,
679 1991 717 2050 ut
746 1981 882 2048 liabetur
907 1981 1149 2058 proverbiorum
1178 1981 1299 2050 decimo
1328 1983 1428 2050 tertio.

476 2089 604 2158 Nouum
618 2109 789 2176 saporem,
807 2087 842 2156 in
860 2087 966 2156 cibum
982 2087 1054 2156 novi
1080 2089 1214 2174 4444414,
1236 2107 1347 2156 escam
1365 2109 1430 2174 pu-

476 2215 556 2264 ram
580 2197 625 2264 eis
639 2201 921 2284 ortygometram,
947 2201 977 2262 et
998 2195 1113 2262 dicitur
1136 2195 1186 2260 illo
1210 2195 1289 2276 4414,
1315 2195 1431 2262 scilicet

476 2303 642 2390 coturnix,
665 2309 892 2390 ortygometra,
914 2309 952 2368 ut
981 2303 1092 2370 dicunt
1112 2291 1153 2370 ab
1175 2303 1305 2388 Ortygia
1328 2309 1429 2380 terra,

455 2411 505 2474 'in
530 2429 594 2496 qua
615 2411 718 2496 primo
746 2409 813 2476 visa
845 2415 893 2476 est
914 2415 945 2476 et
968 2411 1038 2476 inde
1070 2409 1242 2488 abducta23
1261 2395 1317 2474 ’vcl
1340 2427 1431 2474 escas

471 2535 603 2600 parans
625 2523 703 2596 etc.;
727 2521 757 2582 et
782 2521 856 2582 tunc
880 2515 1050 2582 secuudum
1077 2513 1199 2598 aliquos
1221 2513 1348 2596 ponitur
1381 2513 1431 2578 hio

474 2619 597 2704 plurale
617 2641 675 2706 pro
700 2619 863 2704 singulari,
890 2637 962 2684 cum
983 2617 1077 2684 dicit:
1107 2633 1200 2682 escas
1220 2633 1353 2702 parans
1385 2615 1431 2680 eis

363 2763 364 2766 π
430 2747 431 2750 ’
475 2733 748 2816 ortygometram,
774 2723 803 2790 id
836 2729 883 2790 est
910 2723 1125 2800 coturnicem,
1157 2721 1331 2786 secundum
1352 2719 1431 2786 illud

476 2831 584 2898 Psalmi
598 2831 624 2894 ³:
649 2829 855 2906 «Petierunt,
880 2833 911 2894 et
932 2825 1020 2894 venit
1040 2825 1218 2893 coturnix»
1238 2832 1313 2904 etc.;
1334 2823 1432 2891 Exodi

473 2938 727 3004 decimosexto:
758 2957 774 2992 c<
795 2933 921 2998 Factum
950 2937 996 2998 est
1030 2949 1177 3016 vespere,
1207 2935 1236 2998 et
1264 2931 1433 2998 ascendens

474 3043 621 3110 coturnix
651 3039 811 3126 cooperuit
843 3043 945 3104 castra
968 3061 1004 3116 »3
1028 3037 1101 3104 item
1131 3039 1341 3104 Nummorum
1373 3055 1433 3104 uo-

473 3149 606 3216 decimo:
637 3173 654 3206 «
674 3143 795 3212 Ventos
818 3145 922 3212 autem
947 3143 1071 3210 Domini
1100 3143 1263 3230 egrediens
1292 3143 1434 3210 coturni-

474 3271 525 3322 ces
550 3257 693 3338 arreptas
717 3259 802 3318 trans
821 3269 906 3316 mare
927 3251 1067 3318 detulit»
1088 3257 1147 3316 etc.
1163 3249 1233 3316 'Sed
1254 3267 1317 3314 non
1340 3267 1433 3334 opor-

474 3365 535 3440 tet,
558 3359 645 3446 quod
666 3377 724 3442 pro
747 3357 899 3440 singulari
920 3361 1056 3440 ponatur
1073 3357 1209 3440 plurale,
1232 3355 1308 3440 quia
1331 3363 1434 3440 potest

473 3467 603 3552 glossari
625 3465 686 3532 sic:
712 3483 822 3544 escas,
845 3461 877 3529 id
901 3471 948 3530 est
971 3463 1038 3530 loco
1062 3479 1218 3530 escarum.

561 3571 663 3658 (41444.
688 3571 742 3654 3.).
776 3569 803 3634 O
837 3569 888 3636 ilii
914 3569 1062 3656 4444444,
1088 3569 1206 3638 scilicet
1234 3569 1290 3638 filii
1320 3569 1430 3650 lsrael,

354 3691 455 3788 teigggaem
473 3677 732 3764 concupiscentes
743 3695 867 3754 escam,
887 3675 1004 3744 scilicet
1019 3677 1160 3760 carnium
1172 3677 1316 3764 Aegypti,
1333 3675 1431 3744 Exodi

432 3775 437 3788 '
472 3785 592 3852 decimo
607 3785 733 3864 sextol,
754 3789 893 3868 4444444
913 3797 970 3862 44,
993 3781 1110 3850 scilicet
1131 3783 1324 3862 4444444444,
1346 3801 1432 3870 4444

473 3887 538 3956 illis
553 3875 682 3954 ostensa
695 3875 786 3964 sant,
803 3885 920 3954 scilicet
937 3887 975 3954 ad
990 3887 1248 3966 desiderandum,
1265 3893 1293 3952 et
1308 3875 1430 3966 missa,

472 3995 589 4060 scilicet
610 3995 651 4060 ad
664 3993 912 4070 comedendum,
932 3991 1033 4058 ctiam
1057 4011 1081 4058 a
1097 3991 1287 4058 necessaria
1313 4009 1431 4058 concu-

469 4099 648 4184 piscentia,
669 4097 703 4166 id
724 4103 773 4166 est
787 4097 876 4164 valde
893 4097 1031 4182 urgenti,
1058 4103 1295 4174 averterentur,
1322 4097 1430 4174 idest,

471 4223 510 4294 oe
533 4205 666 4292 amplius
691 4219 800 4272 carnes
824 4203 951 4286 Aegypti
978 4209 1011 4268 et
1033 4203 1172 4270 reditum
1196 4205 1226 4268 in
1259 4205 1431 4286 aegyptum

471 4311 702 4390 desiderareot;
732 4309 767 4376 in
795 4303 957 4376 Psalmo⁵z
986 4333 1003 4366 «
1018 4307 1253 4394 concupierunt
1282 4307 1431 4394 coucupi-

471 4415 619 4484 scentiam
645 4417 675 4482 in
693 4417 824 4502 wdeserto
840 4437 874 4492 »3
898 4413 970 4478 item
1004 4415 1213 4480 Numerorum
1247 4413 1430 4480 undecimo:

476 4523 646 4608 «Populos
667 4519 812 4608 flagravit
836 4517 988 4586 desiderio
1013 4519 1155 4586 carnium
1172 4545 1205 4598 »,
1229 4537 1302 4586 oum
1328 4525 1431 4586 tamen

471 4627 594 4694 dicatur
624 4625 830 4696 Ecclesiastici
856 4623 976 4692 decimo
1000 4631 1128 4692 octavo:
1157 4627 1260 4720 «Post
1282 4625 1431 4712 coucupi-

472 4733 604 4802 scentias
629 4741 701 4802 tuas
723 4751 785 4800 oon
800 4751 871 4810 eas,
896 4737 926 4798 44
944 4751 967 4798 a
990 4731 1151 4798 voluntate
1167 4737 1222 4796 tua
1237 4731 1428 4798 avertere».

474 4841 519 4906 Hi
539 4847 667 4920 444444,
693 4839 809 4928 scilicet
832 4837 888 4904 tilii
910 4837 1006 4904 lsrael
1016 4889 1026 4932 ,Ἴ
1038 4837 1076 4904 44
1086 4835 1183 4910 wbrem
1199 4837 1310 4922 inopes
1325 4835 1410 4922 faeti
1417 4889 1429 4916 ,

471 4945 503 5012 id
526 4953 573 5014 est
595 4947 717 5014 modico
747 4949 905 5038 tempore,
938 4943 1012 5030 quia
1040 4961 1152 5010 eorum
1184 4943 1287 5030 inopia
1317 4961 1429 5030 parum

363 5095 364 5098 =
470 5051 612 5132 duravit;
638 5053 721 5120 Deus
743 5051 828 5118 enim
856 5051 918 5118 cito
950 5051 1113 5128 subvenit,
1146 5051 1320 5116 secondum
1349 5051 1429 5126 illud

470 5157 565 5224 lsaiae
590 5157 783 5242 sexagesimo
807 5155 959 5242 quintoss:
980 5179 997 5214 c<
1013 5155 1185 5240 antequam
1203 5155 1353 5234 clament,
1371 5173 1428 5240 ego

470 5265 639 5330 exaudiam
656 5289 686 5344 »3
711 5263 842 5348 inopes,
866 5255 898 5330 id
920 5269 968 5330 θε4
990 5261 1059 5330 cibo
1087 5261 1281 5348 indigentes;
1306 5279 1428 5328 nocam

541 5643 550 5674 ¹
573 5647 646 5698 Vers.
663 5647 690 5698 6.
708 5673 742 5686 -
763 5645 885 5710 Sequitur
903 5645 978 5698 Prov.
1001 5647 1047 5708 13,
1070 5647 1111 5696 tt.

539 5723 669 5798 ”lsidom
690 5735 743 5786 Xll.
763 5735 906 5798 Etymolog.
932 5747 956 5786 c.
972 5733 999 5786 7.
1023 5747 1050 5786 4.
1073 5733 1115 5786 bl.
1140 5739 1164 5786 et
1190 5735 1242 5786 65:
1262 5735 1426 5800 Octurniccs,

460 5839 484 5876 4
511 5837 576 5876 4444
602 5823 675 5876 vocis
704 5823 801 5884 diotae,
822 5835 889 5888 qvvas
911 5821 1003 5874 Graeci
1028 5813 1139 5888 ὄρτυγας
1165 5831 1274 5888 vocant,
1298 5811 1427 5888 eoquod

470 5913 586 5976 primum
604 5911 676 5964 visae
696 5909 789 5962 luerint
809 5909 834 5960 in
852 5909 961 5972 Ortygia
978 5909 1071 5960 insula.
1082 5909 1138 5962 Hae
1155 5909 1314 5962 adveniendi
1331 5909 1429 5962 habeut

470 6005 604 6066 tempora:
619 6013 680 6052 nam
701 6005 795 6052 aestate
815 5999 938 6062 depulsa,
952 5999 1032 6050 maria
1052 6003 1217 6050 4444444444,
1238 5995 1428 6066 0444444444

470 6089 564 6140 dicitur
584 6103 652 6156 quae
670 6101 779 6152 gregem
797 6085 872 6140 ducit
890 6083 935 6152 [ab
955 6077 1040 6152 ὄρτυξ,
1062 6085 1077 6138 i.
1094 6099 1119 6138 e.
1138 6083 1269 6146 coturnix,
1288 6093 1315 6136 et
1332 6081 1427 6152 μήτηρ,

469 6179 486 6230 1.
506 6193 528 6230 θ.
547 6185 641 6242 mater,
658 6185 704 6230 aut
720 6175 815 6248 μήτρα,
829 6177 843 6228 4.
857 6189 882 6228 4.
895 6175 1012 6252 matrim,
1025 6191 1084 6228 eam
1103 6185 1189 6228 terrae
1206 6173 1428 6240 propinquantem

470 6265 593 6330 accipiter
615 6267 710 6318 videns
731 6263 815 6330 rapit,
834 6277 864 6316 ao
883 6269 1021 6330 propterea
1040 6277 1101 6316 cura
1123 6267 1160 6316 444
1179 6259 1310 6314 universis
1330 6261 1428 6314 ducem

470 6353 605 6406 sollicitare
635 6353 729 6408 externi
760 6353 876 6420 generis,
903 6365 951 6418 per
977 6367 1061 6420 quam
1087 6357 1199 6404 caveant
1224 6353 1312 6416 prima
1337 6347 1428 6402 discri·

470 6441 539 6494 mina
560 6449 607 6494 eto.
628 6443 677 6496 Gir.
699 6443 807 6508 Plinius,
828 6443 861 6494 44.
881 6443 935 6494 Nat.
955 6443 1019 6496 llist.
1037 6455 1062 6494 c.
1079 6443 1125 6494 33.

539 6525 663 6582 ³Psalm.
685 6531 750 6594 404,
771 6529 814 6584 40.
834 6557 870 6570 -
888 6531 946 6584 Duo
968 6545 1043 6598 seqq.
1064 6531 1113 6584 loci
1137 6537 1197 6584 sunt
1214 6529 1294 6584 Exod.
1315 6529 1363 6592 46,
1383 6527 1425 6580 43.

470 6619 495 6666 44
514 6617 652 6682 41444444,
671 6621 714 6684 34,
733 6617 778 6672 ubl
797 6635 845 6684 pro
864 6617 972 6672 Domini
992 6619 1103 6686 Vulgata
1124 6635 1140 6674 4
1157 6617 1281 6674 Domino.

539 6701 647 6758 *Vera
664 6709 690 6758 3.

539 6785 551 6818 ⁵
571 6793 663 6870 Psalm.
679 6797 689 6844 4
698 6797 742 6860 05,
759 6793 798 6846 44.
813 6823 847 6834 -
860 6797 1011 6860 Sequuntur
1022 6795 1097 6848 Num.
1114 6795 1124 6848 4
1133 6797 1155 6858 4,
1169 6795 1200 6848 b:
1214 6797 1425 6860 Vulgusquippe

418 6885 420 6890 ’
469 6875 663 6944 promiscuum,
677 6881 750 6946 quod
768 6881 919 6934 ascenderat
938 6897 1000 6936 cum
1017 6883 1069 6950 eis,
1081 6885 1203 6948 flagravit
1220 6869 1368 6950 desiderio,
1387 6895 1425 6934 se·

1139 543 1331 610 COMMENT.
1354 545 1393 610 IN
1415 543 1634 610 stvvsvrvltt
1657 543 1689 608 C.
1713 543 1788 610 XVI.

1491 725 1713 804 gustaverant
1733 737 1861 796 escam,
1888 719 1916 784 id
1942 723 1987 786 est
2004 719 2157 784 insolitam
2183 719 2231 784 vel
2255 715 2451 782 insolitarum

1494 823 1609 890 avium.
1795 821 1796 824 ’

1585 929 1684 1012 (Vers.
1709 929 1766 1008 4.).
1792 929 1967 1016 Oportebat
1989 931 2077 998 enim
2097 936 2167 1010 etc,
2186 929 2273 1016 quasi
2297 929 2395 994 dicat:
2420 935 2452 994 et
2472 938 2618 1000 44444444·

1493 1037 1581 1100 recte
1602 1031 1648 1100 sic
1668 1033 1806 1112 factum3
1824 1035 1990 1118 oportebat
2006 1037 2117 1120 mim,
2129 1035 2158 1100 id
2174 1039 2222 1100 est
2237 1037 2452 1118 opportunum
2483 1003 2617 1088 lllttllp⁰‘'
2638 1043 2639 1046 ’

1493 1143 1580 1218 4444,
1603 1139 1689 1216 illas,
1713 1139 1830 1204 scilicet
1850 1139 2025 1226 Aegyptiis,
2048 1141 2118 1208 sine
2141 1139 2451 1226 eacasationapui-

1493 1245 1586 1322 dem,
1609 1245 1726 1310 scilicet
1751 1245 1878 1328 culpae,
1901 1265 1960 1330 pro
1982 1265 2046 1332 qua
2070 1247 2299 1334 puniebantur:
2324 1245 2363 1310 ad
2393 1245 2451 1310 llo-

1493 1367 1602 1414 manos
1627 1349 1772 1434 primol:
1800 1375 1818 1408 «
1835 1351 1894 1432 lta,
1918 1359 1955 1418 ut
1985 1355 2047 1418 sint
2075 1351 2306 1420 inexcusabiles
2321 1373 2351 1428 »ς
2378 1349 2451 1416 item

1493 1453 1608 1520 ibidem
1634 1453 1785 1522 secundo:
1818 1457 1977 1540 «Propter
2006 1457 2090 1544 quod
2112 1455 2335 1526 inexcusabilis
2357 1473 2408 1532 es,
2433 1473 2452 1520 o

1494 1559 1590 1626 homo
1605 1583 1638 1638 »;
1652 1561 1863 1646 superuenire
1880 1563 2070 1640 interitum,
2087 1549 2204 1630 scilicet
2221 1577 2338 1648 poenae
2354 1559 2451 1626 inter-

1493 1663 1619 1730 imentis
1649 1665 1839 1750 supplicium
1862 1685 2028 1732 asumma
2060 1667 2160 1734 iudice
2185 1669 2220 1734 ad
2255 1685 2366 1734 eorum
2396 1685 2451 1750 op-

1493 1771 1707 1856 pressionem3
1730 1771 1783 1838 lob
1806 1769 1925 1838 decimo
1942 1777 2069 1838 octavo:
2090 1797 2105 1830 «
2122 1773 2278 1838 attollatur
2294 1772 2332 1838 de
2349 1771 2451 1838 taber-

1494 1877 1606 1944 naculo
1631 1893 1688 1944 suo
1710 1877 1827 1944 Oducia
1847 1877 1933 1956 eius,
1958 1881 1989 1942 et
2012 1877 2107 1944 calcet
2135 1895 2229 1963 super
2262 1893 2333 1940 eum
2363 1877 2450 1962 quasi

1495 2003 1554 2052 rex
1586 1983 1731 2052 interitus
1749 2009 1778 2062 »;
1803 1983 1877 2050 item
1900 1981 2142 2048 Proverbiorum
2173 1979 2322 2066 vigesimo
2348 1999 2450 2046 nono:

1500 2115 1517 2148 «
1532 2089 1626 2168 Viro,
1649 2089 1704 2174 qui
1726 2087 1950 2174 corripientem
1964 2087 2044 2154 dura
2069 2085 2190 2152 cervice
2212 2081 2450 2170 contempserit,

1495 2195 1678 2282 repentinus
1700 2195 1725 2262 ei
1747 2193 1947 2282 superveniet
1961 2191 2106 2260 interitus
2120 2217 2149 2258 4.
2166 2191 2249 2270 41114,
2267 2189 2335 2256 dico
2356 2191 2451 2276 Aegy-

1495 2301 1586 2388 ptiis,
1610 2301 1833 2368 accersentibus
1856 2301 2087 2390 tyrannidem,
2112 2299 2212 2366 idest
2237 2297 2363 2366 crudele
2392 2297 2452 2362 im-

1495 2409 1620 2492 perium
1643 2409 1673 2474 in
1698 2407 1778 2474 lilios
1801 2409 1911 2486 lsrael,
1937 2407 2140 2494 opprimendo
2163 2425 2215 2474 eos
2240 2405 2329 2474 duris
2349 2405 2452 2488 operi-

1495 2513 1575 2600 bus,
1596 2517 1635 2578 ut
1655 2519 1742 2596 patet
1765 2513 1862 2578 Exodi
1880 2513 1980 2598 primo
1994 2513 2007 2552 ⁸
2022 2519 2054 2580 et
2069 2513 2197 2598 quinto,
2220 2519 2253 2580 44
2274 2511 2307 2576 14
2323 2509 2451 2576 llumine

1496 2633 1611 2702 pueros
1640 2635 1751 2684 eorum
1781 2619 2026 2702 submergendo,
2051 2627 2087 2708 ut
2109 2625 2196 2706 patet
2217 2619 2315 2684 Exodi
2337 2617 2449 2702 primo.

1495 2723 1558 2788 His
1589 2729 1716 2800 antem,
1751 2723 1866 2790 scilicet
1889 2721 2095 2804 israeliticis,
2114 2731 2246 2792 tantam
2267 2727 2450 2804 ostendere,

1496 2829 1625 2912 supple:
1655 2829 1836 2914 oportebat3
1870 2829 2147 2916 quemadmodum
2180 2829 2310 2894 inimici
2336 2849 2451 2896 eor-nm

1496 2935 1815 3014 eutermimbantar,
1831 2941 1868 3002 ut
1890 2933 1948 3014 sic,
1964 2933 2030 3002 visa
2051 2953 2160 3002 eorum
2184 2953 2299 3020 poena,
2316 2933 2451 3020 corrige-

1497 3047 1626 3122 rentur,
1649 3041 1824 3110 secundum
1839 3041 1916 3108 illud
1934 3041 2175 3108 Proverbiorum
2191 3041 2310 3112 decimo
2325 3059 2406 3108 nono
2420 3041 2449 3106 9:
2523 3087 2524 3090 ,

1502 3145 1697 3214 «Pestilente
1718 3146 1891 3232 flagellate,
1916 3147 2031 3214 stultus
2056 3147 2223 3232 sapientior
2249 3145 2309 3214 erit
2323 3171 2353 3226 >³3
2378 3147 2451 3212 item

1494 3251 1608 3320 ibidem
1628 3251 1775 3338 vigesimo
1790 3251 1910 3338 primo:
1934 3279 1949 3312 «
1964 3253 2111 3320 ilulctato
2134 3253 2314 3338 pestilente,
2330 3251 2451 3338 sapien-

1496 3359 1557 3426 tior
1580 3359 1641 3424 erit
1662 3353 1862 3442 parvulus».

1586 3465 1711 3548 Etenim
1734 3471 1791 3530 etc.
1818 3465 1870 3532 llic
1886 3465 1990 3552 primo
2011 3467 2187 3532 ostenditur
2204 3465 2349 3552 periculi
2370 3485 2449 3554 pra·
2469 3475 2578 3572 Ogygiae

1495 3571 1600 3650 uitam
1625 3569 1778 3650 secunda,
1805 3571 2007 3638 liberationis
2029 3573 2196 3640 celeritas:
2226 3573 2289 3642 Sed
2318 3593 2384 3638 non
2415 3575 2451 3650 c'n
2542 3563 2547 3574 ’

1493 3683 1708 3762 perpetuam:
1732 3677 1841 3756 tertio,
1868 3677 2037 3744 liberantis
2068 3679 2178 3744 uirtus
2207 3679 2272 3746 sive
2297 3683 2448 3764 potestas:

1498 3783 1564 3866 Qcti
1584 3785 1681 3850 enlm.
2441 3771 2469 3782 '¹

1583 3889 1685 3968 (Vers.
1706 3889 1761 3964 4.).
1783 3889 1865 3956 Dicit
1881 3909 1971 3976 ergo:
1992 3891 2130 3972 Etenim,
2145 3893 2253 3976 quasi:
2270 3889 2349 3956 bene
2366 3889 2448 3956 dixi:
2463 3899 2616 3998 4441443444·

1495 3991 1546 4060 bis
1570 4001 1681 4062 uatem
1704 4001 1835 4088 tantum
1858 3997 2022 4064 4444441444
2039 4003 2117 4076 444.;
2133 3995 2265 4076 etenim,
2282 4013 2341 4080 pro
2358 3995 2448 4082 quia;

1495 4119 1571 4166 carn
1593 4099 1678 4178 iliis,
1703 4101 1821 4168 scilicet
1841 4101 1914 4168 tiliis
1931 4103 2042 4182 lsrael,
2066 4103 2256 4190 superuenit
2276 4121 2378 4170 44444
2401 4101 2449 4168 be-

1494 4205 1641 4272 stiarum
1652 4207 1728 4286 ira,
1747 4207 1863 4274 scilicet
1880 4208 1918 4274 ab
1934 4209 2052 4276 oliensa
2066 4207 2195 4294 superni
2210 4207 2339 4288 iudiciS,
2357 4227 2450 4294 quem

1494 4311 1687 4378 offenderant
1709 4313 1939 4382 murmurando
1961 4319 2071 4382 contra
2085 4315 2207 4400 ipsum,
2224 4323 2259 4382 ut
2279 4319 2366 4398 patet.
2387 4315 2450 4382 Nu-

1493 4433 1654 4484 merorum
1675 4419 1824 4502 vigesimo
1846 4419 2007 4502 primo10:
2029 4421 2142 4488 «Misit
2164 4421 2317 4488 Dominus
2339 4421 2372 4486 in
2394 4439 2449 4506 po·
2561 4499 2562 4504 η

1494 4523 1605 4608 pulum
1637 4531 1797 4608 serpentes
1826 4525 1991 4610 ignitos».
2022 4527 2188 4594 Morsibas
2216 4535 2450 4612 perversorum

1494 4625 1722 4706 colubrorum,
1749 4631 1823 4714 quia
1844 4631 1986 4698 efficaces
2008 4639 2098 4698 erant
2122 4631 2159 4698 ad
2183 4631 2375 4710 nocendum,
2395 4649 2450 4696 ecc-

1495 4733 1779 4814 terminabanmr,
1797 4733 1914 4802 scilicet
1931 4735 2025 4822 aliqui
2039 4755 2167 4816 eorum;
2185 4737 2268 4802 unde
2280 4735 2399 4822 primae
2411 4731 2456 4802 ad

1493 4839 1671 4904 Corinthios
1701 4837 1840 4922 decimo:
1872 4841 2193 4922 «Murmuraveritis,
2216 4841 2300 4908 sicut
2321 4841 2448 4926 quidam

1494 4961 1603 5010 eorum
1629 4949 1911 5012 murmuraverunt
1935 4951 1965 5012 ot
1989 4931 2228 5030 aserpentibus
2246 4947 2448 5030 perierunt».

1581 5049 1683 5132 treis.
1709 5051 1763 5132 0.).
1788 5051 1852 5118 Sed
1874 5069 1941 5118 non
1962 5051 2233 5138 inperpetuum,
2257 5051 2289 5118 id
2312 5059 2360 5120 est
2382 5051 2448 5120 siue
2469 5065 2613 5164 Lgffiitssllli

1491 5153 1572 5236 lice,
1594 5155 1638 5222 ita
1660 5155 1746 5242 quod
1774 5175 1876 5240 poena
1904 5165 2031 5226 aeterna
2063 5159 2225 5246 temporali
2250 5159 2448 5250 continuare-

1491 5267 1561 5342 tur,
1577 5261 1658 5330 sicut
1682 5263 1713 5330 in
1737 5263 1873 5362 Herode,
1889 5267 2021 5332 ictuum
2036 5267 2220 5334 duodecimo
2234 5269 2268 5330 11.
2292 5267 2353 5334 Ira
2369 5275 2445 5348 taa,
2545 5261 2552 5266 ’

1491 5649 1557 5702 4444
1574 5653 1599 5700 44
1619 5651 1697 5712 Dens,
1715 5649 1811 5704 iunctis
1828 5649 1878 5702 sibi
1896 5649 1995 5714 pariter
2016 5649 2076 5700 filiis
2094 5651 2186 5714 lsrael,
2204 5653 2232 5700 et
2249 5647 2302 5700 ait:
2320 5647 2383 5714 Quis
2402 5649 2445 5702 da·

1491 5735 1528 5786 bit
1548 5735 1626 5788 nobis
1643 5737 1678 5788 ad
1695 5737 1857 5790 vescendum
1877 5737 1990 5788 carnosi
2008 5735 2085 5786 Ecoli.
2107 5735 2154 5798 43,
2174 5735 2215 5786 30.

1562 5821 1665 5876 ⁶Vers.
1686 5825 1727 5876 24.

1562 5909 1665 5962 ἵ44444.
1686 5911 1737 5976 EO,
1762 5909 1825 5964 ibid.
1844 5915 1875 5978 2,
1895 5911 1920 5962 4.
1945 5917 1985 5964 444
2008 5925 2072 5978 seq:
2087 5913 2170 5966 locus.
2189 5941 2223 5954 -
2243 5913 2360 5966 Subinde
2385 5915 2446 5966 4444-

1492 6003 1587 6062 444444
1606 5997 1649 6050 lob
1670 5999 1716 6060 43,
1739 5999 1748 6050 4
1756 5999 1779 6050 4.
1800 6005 1824 6050 44
1842 5999 1919 6050 Prov.
1939 5999 1983 6062 29,
2002 5999 2025 6062 4,
2045 5999 2090 6052 ubi
2114 6015 2161 6066 pro
2180 6000 2368 6070 contempserit
2384 6003 2445 6056 Vul-

1493 6089 1552 6150 gata
1571 6083 1722 6140 contemnit.

1563 6169 1667 6226 ⁸Vers
1688 6173 1776 6224 to-tt.
1797 6179 1821 6226 44
1839 6173 1871 6238 5,
1889 6175 1914 6226 6.
1935 6187 2022 6242 seqq:
2042 6177 2106 6230 ibid.
2126 6179 2149 6244 1,
2171 6181 2211 6232 22.
2233 6185 2270 6232 444
2290 6191 2344 6244 seq.
2363 6179 2444 6232 loeus

1563 6257 1666 6314 9ῑ11444.
1687 6263 1735 6326 2ὅ;
1754 6261 1818 6314 ibid.
1837 6263 1881 6326 24,
1900 6261 1944 6314 44.
1961 6269 2001 6318 444
2018 6281 2073 6334 seq.
2091 6269 2175 6320 locus,

1563 6347 1584 6378 ¹⁰
1605 6351 1679 6404 VerS.
1697 6351 1722 6402 6.
1742 6377 1776 6388 -
1796 6347 1917 6416 Sequitur
1941 6353 1956 6402 l.
1978 6353 2037 6406 Cor.
2057 6355 2102 6422 40,
2123 6355 2147 6406 O.
2168 6359 2193 6406 44
2211 6355 2258 6408 lb:
2277 6355 2368 6420 Neque
2391 6361 2444 6406 teu·
2471 6343 2472 6346 ¹

1491 6439 1740 6502 temusflbristum,
1757 6439 1824 6492 sicut
1841 6439 1950 6506 quidam
1970 6457 2061 6496 eorum
2079 6449 2246 6498 tentaverunt
2262 6451 2289 6494 et
2306 6457 2321 6494 a
2340 6457 2444 6506 serpen·
2531 6475 2534 6480 ·

1490 6527 1560 6582 tibus
1586 6531 1727 6596 perierunt.
1751 6523 1843 6596 Neque
1868 6531 2108 6600 murmuraveritis,
2126 6533 2193 6588 sicut
2217 6531 2325 6602 quidam
2351 6545 2442 6584 eorum

1490 6623 1719 6672 murmuraverunt
1739 6623 1763 6668 44
1781 6615 1914 6680 perierunt
1933 6617 1965 6670 ab
1985 6619 2191 6674 exterminatore.

1561 6701 1581 6734 ¹²
1602 6707 1677 6758 Vers
1696 6707 1747 6758 23:
1766 6703 1905 6758 Confestim
1926 6713 2012 6760 autem
2031 6709 2160 6774 percussit
2182 6725 2243 6762 evvm
2261 6707 2375 6772 Avrgelus
2393 6713 2442 6760 etc.

1488 6821 1522 6832 -
1543 6797 1692 6860 Sequuntur
1716 6797 1763 6848 ler.
1782 6795 1815 6856 3,
1835 6793 1884 6846 ts:
1904 6797 1971 6862 Quia
1990 6803 2094 6850 sanctus
2120 6811 2170 6862 ego
2188 6813 2261 6860 sum,
2278 6797 2340 6848 dicit
2358 6797 2443 6848 Domi·

1489 6895 1551 6950 4444,
1570 6887 1595 6934 44
1614 6897 1667 6936 non
1685 6885 1782 6936 irascar
1800 6881 1824 6932 in
1844 6889 2018 6950 perpetuum3
2039 6881 2162 6938 Habacuc
2181 6887 2208 6950 3,
2230 6887 2253 6938 2.
