5908 8266
581 613 645 684 530

552 843 558 856 i
581 789 675 858 baudi
698 797 776 856 suot
792 827 833 838 —
849 791 925 876 quia
949 811 1046 876 parre
1070 800 1117 864 est
1140 797 1249 862 nostre
1264 769 1437 882 capacitas;
1452 795 1535 862 unde

581 915 676 982 supra
707 895 827 968 decimo
856 903 948 968 sexto
961 899 990 964 1:
1020 900 1148 984 «uuita
1172 899 1272 970 babeo
1295 901 1384 970 rolris
1413 901 1535 980 dicare,

475 1063 479 1074 .
580 1001 634 1076 scd
655 1021 717 1074 non
741 1003 870 1088 potestis
894 1007 1020 1088 portare
1044 1005 1179 1078 modo».

421 1933 486 1988 Resp.
502 1945 549 1976 cnm

971 1217 1139 1302 Quamne.

666 1429 717 1494 hl.
745 1429 802 1496 Sed
825 1429 900 1516 quaid
917 1435 979 1510 est,
997 1431 1078 1518 quod
1092 1429 1192 1510 dicit,
1216 1431 1301 1516 quod
1318 1431 1405 1518 signa
1419 1433 1431 1470 n
1445 1431 1536 1498 Chri-

578 1531 618 1600 sti
641 1551 703 1600 oon
726 1543 853 1618 possent
877 1537 944 1622 capi
965 1537 1000 1608 iu
1022 1541 1086 1604 toto
1112 1537 1248 1618 mundo,
1262 1555 1335 1610 cum
1354 1555 1416 1626 oon
1433 1537 1535 1630 solum

577 1645 645 1708 acta
668 1659 744 1720 sua,
767 1643 821 1708 sed
844 1643 963 1722 omnia,
990 1663 1070 1728 quae
1092 1649 1180 1730 gesta
1202 1649 1276 1710 suot
1301 1645 1339 1710 ab
1364 1645 1450 1710 initio
1468 1663 1536 1710 sae-

577 1747 660 1828 culi,
685 1747 710 1820 si
735 1747 933 1830 scribantur,
956 1755 1083 1834 caperet
1107 1737 1245 1820 muudus
1266 1751 1389 1824 libros?

666 1853 702 1924 Et
725 1853 909 1934 dicendum,
935 1855 1018 1940 quod
1043 1855 1162 1942 duplex
1186 1862 1235 1925 est
1259 1855 1430 1942 capacitas:
1461 1875 1534 1924 oor-

410 1985 558 2032 rasinianae.
572 1959 702 2044 perata
718 1967 750 2032 et
763 1961 972 2046 spiritualia,
990 1967 1137 2048 quaeest
1154 1981 1211 2048 per
1229 1963 1431 2036 intellectum.
1448 1963 1479 2032 Si
1494 1963 1535 2034 de

1275 617 1467 688 nullatenu.
1495 619 1530 688 lN
1555 619 1718 692 tutabant
1737 621 1773 694 C.
1801 623 1875 692 XXl.

1599 797 1768 880 corporali
1781 799 1904 872 dicatur
1916 851 1924 878 ,
1937 817 2000 882 per
2019 797 2225 886 hyperbolem
2247 801 2367 872 dictum
2388 811 2452 884 est,
2480 805 2559 874 sicut

1599 901 1632 966 in
1646 901 1714 968 aliis
1731 903 1807 970 locis
1822 901 2019 986 scripturae,
2039 911 2073 970 ut
2091 905 2122 970 in
2138 906 2259 972 Psalmo
2271 907 2304 974 ³:
2319 907 2510 978 Postuertam
2524 909 2559 976 io

1599 1007 1726 1078 eoelum
1745 1027 1779 1074 os
1796 1027 1918 1086 suum,-
1940 1015 1971 1078 et
1994 1009 2033 1076 de
2056 1011 2237 1090 Salomone,
2252 1011 2336 1096 quod
2354 1013 2425 1102 lecit
2440 1019 2558 1106 tautam

1600 1113 1720 1198 copiam
1745 1117 1893 1202 arpenti,
1923 1123 2052 1202 quanto
2073 1123 2121 1182 eat
2135 1117 2289 1204 lepidum
2303 1117 2341 1186 in
2356 1121 2556 1200 uenenum,
2643 1151 2652 1162 ·

1601 1219 1684 1292 tertii
1707 1221 1826 1306 Regum
1841 1221 1974 1294 declino.
1991 1221 2019 1294 Si
2038 1231 2142 1294 autem
2160 1225 2198 1290 de
2216 1233 2307 1310 captu
2328 1227 2558 1312 intellipemiue

1599 1325 1722 1396 dicatur
1742 1327 1788 1396 uel
1804 1325 1986 1410 accipietur,
2002 1345 2114 1398 rerum
2126 1337 2174 1402 est
2185 1331 2225 1396 ad
2237 1329 2386 1410 litteram:
2400 1333 2484 1402 unde
2495 1333 2556 1402 llu-

1599 1433 1791 1518 gustinus4:
1820 1435 1914 1502 «Nos
1940 1433 2092 1514 salanias,
2115 1435 2199 1520 quod
2225 1435 2427 1522 intelligentia
2449 1443 2556 1510 nostra
2664 1509 2666 1516 ,

1589 1559 1661 1606 ἰιι
1677 1549 1802 1624 caperet
1816 1557 1899 1625 quae
1915 1541 1951 1610 da
1968 1541 2093 1612 Christo
2109 1543 2201 1612 scribi
2227 1551 2365 1630 possent
2391 1561 2555 1624 curemus,

1599 1651 1684 1714 recta
1708 1645 1768 1714 lide
1786 1645 2081 1732 intelligendorum
2105 1649 2248 1732 scripsit*
2269 1655 2355 1718 recta
2375 1651 2556 1736 operatione

1598 1751 1775 1832 exercendo
1791 1771 1871 1838 quae
1885 1751 2010 1832 docuit,
2027 1751 2064 1822 ad
2081 1753 2163 1824 dona
2174 1755 2363 1840 sempiterna
2375 1755 2555 1840 pervenire,

1598 1875 1679 1944 quae
1702 1857 1855 1930 Dominus
1877 1857 1943 1944 ipse
1976 1857 2169 1942 promisit»,
2201 1861 2268 1946 ipso
2291 1861 2475 1942 adiuuante,
2500 1863 2553 1948 qui

1598 1963 1674 2036 vivit
1695 1971 1728 2036 et
1750 1969 1861 2056 regnat
1883 1963 1916 2036 io
1938 1965 2063 2036 saecule
2087 1965 2295 2038 saeculorum
2320 1963 2415 2042 amen
2427 1967 2451 2032 ⁵.

1352 2103 1354 2108 ’
1464 2117 1466 2122 ’
1490 2107 1644 2176 Exrurcrr.
1734 2181 1735 2184 Ἴ

647 2399 657 2430 1
678 2401 753 2452 Ver-s.
773 2401 783 2452 ι
792 2403 815 2458 ι.
1209 2401 1221 2434 ‘³
1239 2405 1288 2460 Ed.
1307 2407 1382 2464 addit
1402 2409 1427 2460 ot
1443 2419 1536 2476 opero.

646 2485 659 2518 ³
677 2491 771 2548 Psalm.
787 2489 834 2554 ιι,
849 2491 1053 2560 a-aeqnitor
1064 2491 1104 2546 lli.
1114 2495 1179 2556 neg.
1189 2493 1198 2542 ι
1208 2493 1237 2556 0,
1247 2491 1290 2548 27.
1300 2493 1456 2568 limosano
1467 2495 1536 2546 loan.
1563 2519 1564 2522 ¹

576 2581 723 2644 Eveng.tr.
737 2577 797 2632 ιιι.
811 2593 838 2632 n.
858 2581 885 2630 8:
898 2581 963 2656 ‘Non
983 2581 1065 2644 spatio
1085 2583 1201 2634 locorum
1225 2581 1384 2634 credendum
1406 2587 1443 2634 est
1463 2595 1537 2642 mun·
1562 2649 1563 2652 Ἴ

575 2667 638 2720 dum
660 2681 753 2732 capere
772 2681 825 2720 non
845 2681 935 2732 posse,
947 2683 1017 2734 quae
1037 2669 1061 2720 in
1081 2683 1113 2722 eo
1125 2665 1204 2718 scribi
1224 2669 1359 2734 quomodo
1377 2673 1498 2732 possent,
1512 2669 1536 2720 si
1562 2661 1563 2696 3

578 2755 675 2820 scripta
692 2769 745 2806 non
763 2757 860 2806 ferreti
884 2755 935 2808 Sed
955 2755 1099 2820 capacitate
1115 2755 1257 2818 legentlum
1279 2757 1469 2820 comprehendi
1486 2757 1536 2808 lor·
1562 2807 1563 2810 ,

577 2827 645 2900 tasse
664 2857 716 2896 non
735 2849 855 2910 possent,
872 2845 996 2908 quereris
1016 2845 1089 2896 salue
1102 2857 1188 2906 rerum
1208 2843 1260 2896 fide
1274 2845 1431 2910 plerumque
1450 2841 1533 2900 cimba

577 2933 702 2988 excedere
722 2931 860 2998 videantur
878 2931 970 2984 fidem.
987 2931 1063 2996 Quod
1083 2945 1134 2982 non
1149 2929 1188 2996 fit,
1203 2929 1309 3000 puericie
1329 2931 1440 3004 aliquid,
1462 2931 1535 2998 quod

575 3025 630 3072 erat
649 3019 793 3078 obscurum
811 3019 855 3076 vel
866 3019 993 3082 dubium,
1013 3033 1092 3072 causa
1105 3025 1129 3080 ιι
1148 3019 1247 3076 ratione
1260 3019 1361 3072 reddita
1382 3019 1533 3084 expeditum

575 3107 620 3162 sed
640 3109 805 3176 quandoid,
826 3109 900 3176 quod
916 3113 1038 3174 apertum
1055 3113 1106 3172 est,
1125 3107 1167 3168 vel
1180 3111 1293 3178 augetur
1310 3109 1352 3160 vel
1370 3111 1534 3174 extenuatur,

575 3211 623 3250 nec
641 3201 732 3250 tamen
749 3211 765 3248 a
785 3197 886 3250 tramite
906 3193 1093 3262 significandae
1115 3195 1233 3250 veritatis
1259 3202 1387 3248 erratur...
1406 3197 1481 3248 Hunc
1499 3197 1534 3250 lo·
1561 3199 1563 3262 ζ

510 3337 512 3340 .
575 3287 675 3354 quendi
692 3285 802 3340 modum
823 3289 922 3350 Graeco
940 3285 1049 3338 nomine
1067 3301 1120 3338 non
1144 3283 1228 3338 solum
1247 3285 1419 3348 Graecarum,
1439 3299 1533 3336 verium

474 3401 476 3404 ·
575 3375 654 3428 etiarn
672 3375 822 3432 Latinarum
848 3373 990 3430 litterarum
1016 3373 1134 3440 magistri
1158 3369 1329 3442 hyperbolem
1352 3379 1458 3436 uocant.
1482 3373 1533 3438 Qud
1561 3367 1563 3436 ζ

556 3473 558 3476 ·
576 3463 683 3528 tandm,
704 3463 771 3516 sient
788 3467 840 3526 hoc
856 3463 925 3536 loce,
945 3463 981 3516 ita
998 3463 1027 3514 in
1044 3463 1175 3526 nononullis
1194 3461 1250 3522 eliis
1268 3461 1365 3514 ‘divinis
1390 3461 1478 3524 litteris
1496 3461 1533 3514 in·

575 3647 601 3694 et
617 3637 673 3708 [Ps.
692 3639 739 3706 67,
760 3637 832 3708 aad:
854 3637 982 3706 Verrinam
1007 3637 1100 3718 cupiiii
1115 3637 1365 3708 perambulantium
1385 3623 1533 3692 indebetis
1560 3643 1562 3710 ξ

575 3727 632 3782 suis
652 3735 700 3782 etc.
1561 3749 1563 3752 ·

576 3551 694 3616 venitur,
716 3559 741 3614 ut
761 3559 798 3606 est
815 3551 869 3630 [Ps.
889 3551 936 3618 ta,
957 3553 1008 3618 ht:
1029 3553 1182 3616 Ppsuerrmt
1201 3549 1228 3610 io
1253 3547 1356 3604 cociam
1382 3563 1410 3614 os
1428 3563 1512 3618 strum
1521 3569 1533 3622 ;
1561 3619 1562 3622 Ἴ

583 3867 586 3874 .
647 3815 659 3846 ⁴
675 3815 765 3870 Verba
774 3819 831 3886 ipsa
841 3831 893 3870 iton
906 3817 1069 3880 invenimus;
1083 3819 1128 3870 clr.
1142 3817 1168 3868 in
1181 3815 1533 3880 reassumpsisse,

476 3931 477 3934 “
570 3907 621 3980 'ubi
641 3893 807 3976 dicimpuod
833 3907 854 3960 si
874 3907 1018 3962 verborum
1042 3907 1194 3974 scripturae
1217 3925 1232 3964 n
1256 3919 1308 3958 noh
1334 3905 1533 3970 apprehendero
1561 3937 1563 3976 5

1415 4095 1712 4178 senentes.

648 4277 799 4348 Ultimarum
820 4273 979 4330 divisionum
1001 4273 1136 4342 membra,
1154 4285 1223 4338 quae
1242 4273 1278 4324 ihi
1297 4271 1395 4324 omissa
1412 4277 1486 4336 sunt,
1508 4271 1553 4324 uhi
1573 4273 1708 4338 posuimus
1726 4275 1789 4336 etc,
1809 4271 1892 4334 videri
1910 4275 2020 4344 possunt
2038 4271 2066 4324 in
2082 4271 2150 4330 notis
2170 4269 2367 4336 marginalibus.

1601 2405 1806 2472 intelligentiam¹
1826 2407 1867 2464 vel
1887 2403 2032 2470 explicandi
2044 2403 2116 2470 quod
2135 2403 2250 2470 intelligo
2265 2417 2315 2456 ncn
2334 2401 2452 2462 habuero
2477 2403 2556 2456 lacul-

1600 2499 1691 2558 tatem,
1707 2495 1746 2546 vel
1767 2499 1819 2550 tam
1835 2493 1911 2546 luerit
1927 2493 2040 2560 quisque
2052 2491 2163 2564 lardus„
2174 2497 2205 2544 ut
2216 2491 2292 2552 etiam
2311 2497 2484 2558 exponentem
2505 2505 2555 2548 nun
2595 2555 2597 2558 ¹

1600 2583 1737 2650 sequatur,
1756 2593 1809 2632 non
1830 2581 1862 2632 de
1874 2593 1904 2632 sn
1916 2579 2049 2644 desperet,
2070 2585 2172 2632 maneat
2185 2579 2215 2632 io
2229 2579 2295 2652 pido,
2315 2577 2430 2634 ambulet
2449 2579 2475 2634 itt
2495 2577 2550 2644 eia,

1599 2671 1687 2722 audiat
1708 2667 1858 2734 Apostolum
1878 2667 2007 2718 dicentem
2033 2665 2105 2734 [enit.
2132 2669 2161 2732 3,
2181 2667 2248 2736 ι5.];
2268 2669 2301 2722 Et
2318 2671 2343 2722 si
2360 2669 2426 2738 quid
2445 2671 2552 2740 sapitis,

1599 2755 1650 2808 boc
1667 2767 1773 2822 poopoe
1790 2751 1863 2806 uobis
1883 2755 1956 2806 Deus
1973 2749 2110 2818 reaclubit,
2133 2757 2319 2808 cerumtamen
2331 2755 2358 2808 io
2378 2757 2451 2824 puori
2463 2771 2556 2824 paror·

1598 2837 1704 2906 namra,
1724 2839 1752 2896 ira
1778 2853 1807 2900 eo
1833 2839 2011 2926 ambutemus.
2039 2839 2106 2892 Vide
2134 2839 2199 2898 thid.
2219 2845 2252 2892 tr:
2278 2839 2322 2896 tn.
2342 2855 2368 2894 n.
2393 2841 2430 2892 6.
2451 2869 2483 2886 .—
2507 2843 2554 2898 turo

1600 2927 1668 2980 trade
1686 2925 1854 2996 stupratione
1877 2929 1918 2980 ed.
1937 2929 1971 2980 ut
1990 2923 2054 2980 dicii
2078 2923 2255 3000 deductibus,
2278 2927 2361 2980 Etiam
2385 2929 2412 2990 Β.
2442 2925 2554 2992 albert,

1561 3029 1562 3032 ’
1598 3017 1699 3076 Postilla
1714 3017 1737 3074 in
1759 3019 1828 3080 loon.
1841 3017 1868 3076 ιι
1882 3055 1888 3082 ,
1902 3013 1949 3076 ιὸι
1973 3015 2047 3076 Unde
2067 3013 2242 3080 Augustinus:
2266 3015 2318 3076 Nos
2339 3015 2462 3082 scientes,
2481 3015 2555 3082 qurod

1561 3097 1562 3112 ³
1598 3103 1768 3178 intelligentia
1785 3109 1872 3158 nostra
1886 3117 1937 3154 non
1957 3109 2061 3178 caperet
2080 3103 2112 3156 de
2131 3103 2231 3160 Christo
2251 3117 2319 3180 quae
2336 3103 2416 3158 scribi
2436 3109 2554 3170 possent,

1598 3205 1732 3258 curemus,
1751 3197 1822 3244 recta
1844 3193 1899 3244 tide
1915 3191 2024 3244 credere
2037 3197 2065 3244 et
2082 3191 2223 3256 intelligere
2242 3205 2315 3260 quae·
2337 3175 2454 3258 scripsit,
2482 3199 2553 3244 recte

1598 3285 1749 3350 operatione
1776 3283 1920 3336 exercendo
1940 3283 2049 3346 implere
2069 3283 2257 3350 praedocuit,
2276 3283 2313 3334 ut'
2324 3283 2356 3336 ad
2370 3283 2440 3340 dona
2457 3283 2553 3348 sempi-

1596 3365 1669 3426 terna
1683 3373 1824 3440 pervenire
1842 3373 1990 3436 valeamus,
2010 3387 2079 3440 quiae
2096 3373 2222 3426 Dominus
2243 3373 2390 3440 prendat·

1667 3459 1743 3526 ind.
1764 3477 1824 3524 cnm
1842 3459 1964 3538 pluribus
1988 3461 2079 3528 coda,
2103 3467 2134 3516 ut
2151 3461 2286 3526 ΑΗιΚι,
2313 3463 2386 3522 addit
2408 3463 2481 3520 Laos
2507 3459 2556 3516 tibi

1598 3549 1716 3618 Christe,
1742 3551 1870 3622 qoontcro
1896 3547 1971 3604 tneor
1998 3547 2106 3616 capitata
2132 3549 2188 3604 iste.
2212 3551 2313 3604 Deinde
2336 3551 2379 3604 ed.
2402 3549 2553 3614 subiungit:

1598 3625 1719 3710 Empticit
1731 3637 1844 3708 postilio
1863 3637 1965 3708 optimo
1982 3623 2065 3706 super
2083 3639 2218 3704 lenonem,
2240 3637 2310 3694 editu
2322 3653 2339 3692 a
2352 3637 2465 3696 Damion
2484 3637 2552 3692 Fro-

1598 3731 1640 3784 tre
1658 3729 1848 3784 Dooaoeotaro
1868 3727 1899 3782 de
1918 3727 2017 3782 Balnea
2033 3725 2109 3800 rapio
2123 3725 2242 3782 'Ordinis
2261 3727 2393 3784 Fratrum
2411 3727 2553 3784 Minorem

1598 3817 1752 3882 Gardiocli,
1772 3817 1811 3872 od
1828 3829 1908 3872 usum
1927 3817 2061 3872 Fratrum
2079 3815 2225 3872 Minorem.
2240 3815 2304 3872 Cod.
2324 3817 2343 3868 D
2364 3817 2440 3880 legit:
2459 3815 2553 3886 Empti-

1594 3905 1634 3970 ott
1650 3905 1809 3976 cmpioootio
1828 3901 1968 3972 anupciii
1986 3901 2103 3958 Ioumois.
2125 3903 2157 3958 C:
2178 3901 2307 3972 Empticit.

1466 4423 1605 4502 Senam
1634 4425 1657 4500 l.

695 4609 773 4690 ‘Pars‘
790 4621 811 4670 ι.
837 4617 876 4668 De

672 4619 681 4766 d
717 4689 806 4742 Verbo
818 4703 876 4742 con-

671 4767 673 4814 l
716 4759 831 4814 siderate
848 4761 876 4812 in

716 4845 746 4884 se
755 4847 776 4886 c.
784 4831 810 4896 l,
822 4833 876 4884 ι-6.

957 4663 1058 4710 centem
1078 4663 1116 4710 est
1136 4657 1159 4708 io
1181 4669 1211 4708 eo

956 4867 1025 4922 quae
1044 4867 1091 4918 per
1111 4853 1199 4918 ipsum
1217 4851 1354 4922 dicuntur,
1375 4855 1413 4904 est

575 4985 600 5164 Verbo
575 4681 600 4948 incarnato

1270 5029 1306 5106 de
1333 5029 1510 5082 incarnatione
1554 4975 1563 5188 ξ

1358 5101 1385 5152 in
1403 5115 1433 5154 se

578 5305 600 5368 „st
575 5201 600 5268 de

875 5319 876 5322 ¹
913 5299 1003 5366 quoad
1013 5295 1215 5350 incarnationem

896 5327 950 5442 ic.
972 5371 998 5434 ι,
1017 5369 1032 5420 6
1053 5395 1087 5408 -
1108 5367 1149 5432 ll,
1172 5367 1203 5424 tt

1246 5525 1279 5584 de
1293 5523 1478 5578 incarnationis
1491 5539 1543 5576 ma·

1227 5633 1233 5680 ,
1287 5595 1447 5652 attestatione

699 5721 762 5774 Pars
786 5721 814 5772 ll.
838 5719 878 5770 De
1231 5713 1235 5722 ·
1331 5679 1356 5720 C.
1378 5666 1401 5728 i,
1424 5667 1464 5718 ta.

718 5789 808 5874 Verbo
823 5805 877 5872 car·

716 5875 745 5914 m
770 5875 877 5916 conmn·
998 5869 1000 5876 ’
1559 5911 1563 5924 ,,

716 5941 759 5986 eto
791 5935 878 5998 agitur
1252 5949 1287 6004 de
1322 5947 1537 6000 antecedentibus
1553 5931 1562 6106 g

698 6019 723 6058 c.
738 6006 761 6072 l,
771 6003 798 6058 7.
809 6017 882 6072 seqq.
1113 6077 1118 6088 .
1289 6019 1437 6088 passionem
1457 6019 1504 6070 tria

928 6075 1017 6142 quoad
1050 6089 1197 6142 passionem
1560 6111 1561 6118 ι

923 6161 945 6200 c.
962 6145 1145 6210 ιιιι-ιι,
1158 6145 1197 6198 tn.

582 5355 600 5384 e

611 5563 637 5876 :secundum
605 5257 643 5524 dusilicem
610 5107 637 5220 eius
612 4811 637 5072 natur-am-

575 5665 607 6004 Evangelium
575 5545 600 5624 loa
575 5419 600 5538 nnis

1251 6197 1287 6250 de
1303 6193 1540 6272 concomitantibus

1289 6283 1347 6320 eam
1367 6273 1481 6334 quretnor

1203 6361 1204 6364 Ν
1226 6279 1234 6336 l

1226 6413 1233 6486 t

894 6583 897 6638 ’.
922 6587 1009 6654 quoad
1040 6587 1206 6641 resurrectio·

898 6713 900 6728 ,η
957 6673 1020 6712 nem
1040 6673 1062 6712 c.
1091 6659 1132 6722 ιιι.
1163 6658 1204 6710 ιι.
1251 6645 1520 6718 deruaniiestatione
1550 6655 1746 6710 resurrectionis

689 6777 691 6782 .
797 6815 798 6818 Ἴ
899 6731 1038 6804 lseqq.

1226 6969 1228 6982 i

1473 5193 1476 5196 -
1580 5153 1616 5206 de
1633 5153 1748 5206 aduentu
1767 5151 1863 5212 Christi
1883 5115 1890 5220 i

1572 5437 1683 5502 prime,
1703 5435 1864 5500 ingenerati

1559 6189 1618 6312 tr

920 4567 1009 4652 primo
1027 4585 1055 4636 in
1082 4583 1291 4638 consideratione
1319 4583 1352 4636 ad
1380 4585 1419 4648 dl·
1442 4583 1554 4646 tunitas
1573 4585 1599 4634 in
1619 4583 1730 4636 essentia
1749 4611 1783 4622 -
1803 4583 1891 4636 alietas
1910 4581 1936 4632 in
1955 4597 2067 4646 persona

1441 4647 1608 4720 inequalitas
1626 4655 1651 4708 ia
1672 4655 1859 4708 maiestate-
1877 4651 2013 4704 aeternitas
2051 4653 2075 4704 in
2094 4653 2235 4708 duratione

920 4783 1038 4836 secundo
1063 4783 1086 4834 in
1112 4779 1320 4834 consideratione
1336 4779 1373 4832 ad
1390 4791 1419 4830 ea
1466 4779 1627 4846 principium
1646 4779 1777 4832 surfficiens
1796 4807 1830 4818 -
1850 4777 2001 4830 indeficiens

1537 4869 1551 4900 s
1594 4911 1596 4914 Ι
1643 4863 1871 4916 praecognoscens
1889 4877 1923 4884 -
1942 4847 2119 4912 cognitionem
2138 4847 2265 4912 praebens

1580 4975 1616 5028 de
1633 4975 1749 5026 adventu
1766 4973 1946 5038 praecursoris

1910 5113 2066 5166 adveniendi
2085 5113 2204 5166 ratio-
2223 5115 2384 5168 aduenientis
2404 5117 2538 5182 despectio

1908 5185 2037 5238 adventus
2055 5185 2151 5237 utilitas
2169 5213 2203 5226 ·-
2223 5185 2380 5240 adveniendi
2400 5189 2496 5242 medus

1884 5325 1889 5350 ¹
1909 5325 1991 5380 Verbi
2008 5325 2136 5384 incarnati
2153 5327 2265 5392 cognitio

2174 5483 2223 5532 per
2240 5469 2419 5522 testimonium

2174 5553 2222 5604 per
2239 5539 2399 5604 singularem
2418 5527 2539 5596 effectuum

2171 5610 2547 5676 persingularedocomentum

1910 5503 2085 5568 cogitoscendi
2099 5509 2145 5556 ras

1936 5575 1972 5628 tio
1991 5575 2081 5642 triplex

1581 5755 1710 5816 secundo,
1730 5755 1755 5806 in
1775 5753 1878 5818 speciali
1898 5731 1906 5838 i
1925 5749 1984 5804 eide
2000 5749 2230 5806 continuationem
2247 5747 2277 5804 itt
2294 5749 2427 5806 seluemotc
2444 5755 2480 5810 ιι.

1583 5911 1915 5964 ludaeorummachinatio
2174 5901 2175 5904 ¹
2261 5907 2269 5968 i

1581 5983 1711 6046 passionis
1730 5981 1824 6036 Christi
1844 5979 1986 6048 praedictio

1580 6053 1768 6118 discipulorum
1790 6051 1952 6106 corilirrnatio
2289 6015 2349 6074 mde
2372 6019 2546 6072 mmmmm

2306 6103 2367 6142 nem
2381 6089 2409 6142 irc
2426 6089 2544 6142 schemo-

1630 6179 1723 6250 Christi
1737 6191 2020 6260 comprehensione-
2033 6193 2249 6246 condemnatione
2307 6163 2333 6214 ιθ
2351 6161 2399 6214 m·

1671 6287 1683 6314 n
1736 6267 1906 6332 passione-
1918 6265 2067 6330 sepulturae
2087 6265 2235 6318 conditione

1249 6409 1287 6482 ¹de
1304 6407 1477 6466 sollicitudine
1493 6405 1681 6472 discipulorum
1701 6415 1728 6462 et
1745 6409 1884 6480 mulierum

1679 6555 1680 6558 ’
1792 6553 1858 6604 lacta
1876 6549 1971 6602 hieriae
1990 6547 2076 6614 ntagd.
2096 6553 2145 6600 etc.

2022 6719 2024 6722 ·
2057 6691 2196 6754 deprime
2215 6691 2262 6742 tria
2280 6695 2329 6742 etc.

2058 6761 2364 6814 mfflmwm

1793 6767 1859 6818 iacta
1877 6759 2014 6832 discipulis

2059 6833 2094 6886 de
2111 6829 2185 6886 tertia
2204 6833 2258 6884 duo
2276 6837 2325 6884 etc.

1227 6973 1286 7042 tde
1303 6973 1499 7026 confirmatione
1518 6973 1619 7024 nostrae
1640 6971 1701 7024 ildei
