5942 8292
626 545 690 614 932

623 721 741 800 mentis¹
766 719 1035 796 excaecationem,
1059 719 1101 786 ita
1132 724 1169 784 nt
1190 719 1271 786 inter
1304 719 1428 804 flagella
1457 717 1578 800 peiores

624 825 753 908 fierent;
776 825 876 890 Exodi
891 823 1037 908 septimo:
1066 823 1282 890 «induratum
1305 829 1422 890 estcor
1444 823 1578 888 Pharao-

624 929 702 996 nis»
732 935 790 996 etc.
815 929 909 994 Siout
938 929 1147 1006 itascilicet
1175 927 1349 1002 sodomitae
1371 925 1578 992 innonainabiss

607 1031 686 1112 les,
714 1037 845 1118 propter
878 1037 1041 1118 peccatum
1074 1051 1187 1100 eorum
1223 1031 1462 1110 innominabile,
1494 1031 1578 1114 quod

623 1139 683 1224 ipsi
707 1137 879 1218 iaciebant;
911 1137 949 1206 ad
972 1139 1125 1206 Romanos
1154 1139 1274 1222 primo:
1304 1137 1479 1204 «Tradidit
1508 1137 1578 1202 illos

623 1247 706 1312 Deus
735 1245 765 1310 in
795 1245 953 1328 passiones
981 1243 1167 1328 ignominiae
1188 1271 1218 1310 a.
1246 1245 1285 1310 in
1314 1241 1447 1328 [oribus
1479 1243 1576 1322 iusti,

623 1349 740 1418 scilicet
761 1349 830 1428 Lot,
854 1349 891 1416 de
908 1367 971 1434 qno
995 1349 1148 1416 secundae
1172 1349 1253 1416 Petri
1270 1349 1425 1414 secundo:
1453 1373 1470 1406 κ
1486 1349 1577 1430 rispe-

623 1461 678 1522 ctu
698 1461 732 1520 et
753 1453 863 1520 auditu
878 1453 981 1520 iustus
1002 1459 1071 1520 erat
1084 1481 1116 1516 a.
1140 1453 1209 1532 illi,
1235 1455 1377 1538 inquam,
1395 1469 1473 1520 curu
1488 1451 1577 1544 subi

559 1649 561 1652 Ι
623 1559 727 1628 laneis
751 1559 891 1646 cooperti
912 1565 1015 1624 essent
1035 1557 1189 1640 tenebris,
1214 1557 1330 1652 scilicet
1355 1557 1509 1634 aorasia1‚
1529 1559 1577 1624 vel

586 1695 588 1698 ·
622 1665 790 1742 avidentia,
813 1659 953 1748 percussi
977 1663 1015 1730 ab
1039 1663 1168 1748 ringeln,
1193 1661 1437 1750 unnsquisque,
1461 1661 1578 1728 scilicet

622 1787 750 1850 eornm,
774 1769 953 1836 transitum
977 1769 1053 1854 ostii
1066 1769 1138 1848 sui,
1163 1769 1278 1838 scilicet
1296 1769 1368 1848 Lot,
1382 1767 1576 1856 quaerebat,

622 1881 652 1944 et
678 1875 818 1944 inveniro
844 1895 906 1942 non
922 1883 1061 1958 ,poteram
1097 1875 1180 1968 unde
1195 1875 1322 1942 Genesis
1345 1877 1464 1942 decimo
1481 1895 1575 1942 nono:

627 1983 716 2048 «Eos
746 1979 800 2066 qui
818 1981 894 2048 foris
922 1985 1023 2060 erant,
1045 1987 1280 2066 percusserunt
1294 1981 1454 2060 caecitate,
1479 1999 1497 2046 a
1519 1981 1576 2046 rni-

621 2087 704 2154 nimo
727 2105 828 2172 usque
859 2087 897 2154 ad
925 2075 1118 2168 maximnm,
1145 2087 1190 2154 ita
1215 2093 1251 2156 ut
1286 2087 1401 2156 ostium
1436 2085 1577 2154 invenire

621 2211 684 2260 non
706 2201 832 2296 possent
847 2219 879 2258 s.

1554 2277 1555 2282 ἵ
1640 2301 1766 2386 agebat,
1790 2319 1897 2384 supra
1927 2317 2043 2378 sunna,
2059 2297 2182 2366 scilieet
2206 2297 2395 2374 naturalem,
2419 2293 2592 2374 virtutem,
2623 2311 2703 2352 mento.

780 2411 781 2414 ’
860 2469 861 2472 ,
920 2419 1068 2476 ohedientia
1086 2421 1274 2478 ereaturarum.
1346 2411 1358 2436 ⁸

708 2617 750 2684 Iu
764 2627 798 2682 se
813 2615 900 2682 euim
923 2615 1084 2682 vicinonia.
1112 2615 1164 2680 liic
1187 2621 1256 2698 post
1271 2615 1494 2698 Aegyptiorum
1517 2633 1575 2696 pu-

478 2735 601 2788 tarentur
620 2723 768 2788 ditionem
792 2725 823 2786 et
845 2721 1056 2786 Hebraeorum
1080 2721 1320 2786 consolationem
1349 2725 1379 2786 θῖ
1403 2735 1461 2804 pro
1488 2723 1575 2784 ntro-

515 2787 565 2832 tria.

620 2845 683 2912 qne
704 2825 877 2912 gratiarum
905 2825 1074 2904 actionem,
1106 2825 1241 2890 ostendit
1270 2831 1510 2916 ereaturarum
1541 2825 1576 2890 in

617 2929 798 3020 praedietis
823 2929 1054 3008 obedientiam,
1081 2935 1113 2996 et
1138 2929 1241 3014 primo
1262 2927 1350 3014 ponit
1376 2929 1474 2996 huius
1502 2915 1575 3002 vbe-

620 3035 753 3104 dientiae
773 3035 1104 3116 concursatorem,-
1127 3035 1263 3102 secnndo
1306 3033 1374 3102 eius
1385 3053 1448 3120 per
1471 3053 1575 3102 euera-

617 3139 677 3226 pia
692 3137 1007 3224 manifestationem:
1024 3139 1119 3206 Sicut
1133 3139 1169 3206 iu
1185 3157 1327 3226 organa·
1344 3139 1451 3220 lertio,
1469 3141 1574 3224 populi

479 3247 600 3304 sisaran
620 3245 675 3310 Itei
698 3263 757 3330 per
778 3245 837 3310 hoc
857 3243 1101 3310 caaltucionem:
1128 3245 1167 3310 in
1186 3243 1347 3310 omnibus.
1361 3283 1404 3292 -
1419 3245 1575 3330 aucupto

474 3315 565 3358 membri
578 3315 599 3356 a.

620 3351 706 3436 ponit
721 3349 825 3438 primo
839 3351 873 3416 in
887 3351 1049 3418 θῖθεῖθεῖῖε
1064 3347 1298 3434 inferioribus·
1310 3351 1456 3428 secundo,
1469 3351 1501 3416 in
1516 3351 1547 3416 el
1561 3389 1574 3400 -

620 3465 725 3524 mento
734 3455 1039 3542 superiore,sciiicet
1051 3455 1080 3522 io
1093 3455 1175 3542 igne,
1183 3455 1573 3542 ibizlqnisinuqnuetc.;

621 3563 727 3644 tertio,
752 3563 783 3628 in
808 3561 1017 3628 elementata:
1043 3563 1215 3630 Flammae
1238 3583 1254 3630 e
1277 3563 1457 3630 contrario.

707 3671 809 3754 (vers.
848 3669 922 3752 tu).
953 3669 995 3734 In
1023 3689 1059 3734 sc
1088 3667 1185 3734 enirn.
1218 3669 1262 3736 lta
1294 3669 1374 3750 dixi,
1407 3671 1491 3754 quod
1519 3689 1574 3754 per

498 3787 599 3832 Primum·
620 3783 780 3842 creaturas
804 3773 966 3842 interiores
994 3779 1068 3840 sunt
1082 3773 1189 3842 afflicti
1211 3773 1368 3860 aegyptii,
1391 3783 1423 3842 et
1445 3775 1575 3842 Hebraei

620 3875 782 3956 consolati;
808 3877 960 3944 elementa
976 3877 1065 3944 dum
1079 3881 1332 3956 convertuntur,
1358 3879 1450 3944 idest
1474 3885 1575 3944 trans-

619 3991 711 4060 eunt,
738 4001 834 4050 unum
866 3983 897 4048 in
926 3983 990 4050 rim
1020 3991 1052 4050 et
1073 3989 1257 4070 potestatem
1289 4001 1345 4050 seu
1376 3983 1512 4052 olliciurn
1544 3991 1574 4052 et

617 4091 747 4156 modurn
769 4089 917 4176 alteriue,
941 4097 972 4156 et
1002 4089 1289 4170 normannicam
1322 4091 1494 4176 qualitatis
1523 4109 1575 4156 so-

618 4213 698 4272 nus,
722 4193 754 4260 id
776 4197 824 4274 θεῖ
849 4193 984 4280 qualitas
1006 4193 1086 4274 soni,
1113 4193 1322 4272 irnmntatur,
1347 4193 1464 4262 scilicet
1487 4199 1573 4274 actu,

520 4311 522 4314 ·
576 4319 578 4324 ·
619 4299 649 4364 id
665 4303 726 4376 est,
745 4299 944 4364 consonantia
962 4301 1116 4364 naturalis
1137 4297 1170 4364 in
1194 4301 1260 4364 suis
1275 4299 1493 4366 effectibnsad
1519 4301 1574 4366 iro-

620 4421 686 4470 ram
708 4407 852 4471 mutatur
868 4403 1040 4470 secundum
1057 4403 1274 4470 εεῖεεῖεῖθεε2
1291 4410 1322 4470 θῖ
1337 4403 1503 4490 imperium
1519 4403 1575 4472 Dei

470 4527 599 4574 secunaum.
618 4509 780 4574 moventis.
807 4507 901 4574 Sicut
924 4507 960 4574 in
983 4527 1126 4594 organo,
1150 4507 1251 4576 idest
1274 4507 1357 4574 sicut
1380 4509 1413 4574 in
1436 4509 1576 4592 quolibet

454 4685 477 4730 iu

455 4793 492 4838 tis.

496 4633 601 4730 &astringis
620 4615 828 4682 instrumento
851 4613 985 4694 musico,
1009 4615 1092 4700 quod
1117 4631 1179 4700 per
1196 4633 1365 4702 orqauuna
1386 4615 1439 4680 hio
1461 4615 1574 4682 intelli-

454 4739 495 4784 aus
509 4729 713 4808 eramen-‘grtnn
739 4727 879 4790 mutatur
898 4721 1032 4806 qualitas
1057 4721 1123 4790 soni
1139 4727 1211 4790 actu
1235 4721 1407 4790 secundnm
1432 4721 1574 4788 volrrnta-

621 4833 683 4894 tem
713 4827 880 4908 mareotim
911 4827 1077 4912 aliquando
1107 4835 1209 4896 tamen
1239 4827 1375 4894 sumitur
1406 4847 1575 4912 arquatum

620 4951 678 5018 pro
700 4933 905 5002 determinato
921 4935 1143 5012 instrumento,
1168 4927 1256 5000 utin
1280 4933 1399 5000 Psalmo
1412 4935 1440 4998 3:
1462 4959 1479 4992 «
1496 4933 1574 5000 Lau-

619 5038 689 5106 date
711 5057 783 5106 eum
808 5039 840 5104 in
864 5039 990 5106 chordis
1012 5045 1044 5106 et
1065 5057 1183 5124 organo
1199 5065 1229 5104 n.
1257 5039 1297 5104 Et
1322 5039 1450 5116 omnia,
1476 5039 1574 5106 idest

620 5137 742 5228 singula
764 5143 917 5214 cienena
939 5149 969 5210 et
986 5145 1188 5224 elementata,
1204 5149 1307 5210 snum
1328 5163 1463 5222 sonunt,
1481 5143 1511 5210 td
1527 5151 1574 5210 θεῖ

620 5249 923 5342 barmoniamsuam
944 5249 1118 5318 naturalem
1138 5255 1170 5316 et
1189 5237 1348 5328 ordinem,
1369 5249 1572 5330 custodiunt,

565 5341 566 5344 ¹
620 5355 748 5436 babitu;
771 5355 914 5420 similiter
945 5353 1083 5438 singulae
1108 5355 1243 5422 chordae
1270 5353 1302 5420 in
1332 5373 1451 5438 organo
1479 5373 1572 5448 suum

506 5501 509 5506 ,
620 5477 732 5526 sonum
760 5459 953 5536 custodiunt,
978 5465 1009 5526 et
1031 5465 1134 5524 tamen
1152 5477 1262 5552 'sonus
1292 5459 1400 5544 organi
1431 5445 1572 5524 mutatur

609 5553 791 5630 'Secundum
810 5565 1001 5630 uoluntatem
1016 5563 1185 5642 mouentia
1196 5565 1281 5630 unde
1298 5563 1440 5630 aiassae:
1459 5591 1476 5624 a
1488 5551 1577 5632 Sicut

620 5669 650 5732 in
674 5685 790 5752 organo
814 5667 928 5734 diversi
952 5667 1018 5734 soni
1042 5669 1080 5734 ad
1105 5669 1302 5734 concordiam
1318 5669 1469 5736 melodiae
1494 5674 1572 5735 tem-

620 5777 801 5858 perarnento
834 5771 1054 5852 consentiunt;
1087 5771 1131 5838 ita
1164 5773 1373 5856 discrepantia
1401 5775 1570 5852 elementa,

691 6113 700 6146 ¹
720 6119 778 6170 Vox
797 6123 884 6170 sumta
902 6121 942 6170 θεῖ
959 6131 991 6170 ex
1009 6115 1179 6182 Septuaginta
1196 6115 1242 6184 (ab
1261 6103 1277 6164 ἀ
1303 6119 1377 6182 quod
1396 6123 1469 6170 notat
1487 6115 1573 6182 priva-

579 6239 581 6242 ·
620 6205 731 6272 tionem,
751 6209 775 6260 et
796 6199 881 6272 ὁράω,
899 6205 915 6256 i.
936 6219 959 6256 e.
983 6205 1084 6274 video);
1105 6205 1164 6258 Vat.
1190 6201 1306 6268 dorbia,
1325 6207 1384 6258 rod.
1403 6209 1425 6258 A
1444 6209 1469 6256 et
1495 6205 1503 6256 l
1527 6221 1573 6260 aa·

619 6291 704 6358 adsum
725 6295 751 6346 S.
770 6293 875 6356 Thera,
899 6295 927 6344 S.
945 6305 971 6356 p.
990 6295 1008 6346 l.
1028 6309 1056 6360 q.
1076 6293 1134 6344 lli.
1154 6305 1179 6344 a.
1199 6293 1227 6358 i,
1247 6289 1294 6346 nbi
1317 6291 1358 6344 ille
1381 6291 1573 6356 incusabatur,

620 6383 645 6432 in
663 6379 811 6436 ducissime
829 6381 872 6452 ed.
890 6383 1007 6442 Romana
1026 6383 1060 6434 ita
1079 6381 1175 6434 habet:
1195 6383 1246 6434 Sed
1267 6385 1356 6434 eontra
1370 6385 1422 6444 est,
1434 6381 1507 6446 qnod
1523 6383 1574 6434 Αε-

621 6469 687 6536 gen,
698 6471 747 6536 qui
764 6469 947 6524 subverterunt
964 6469 1122 6534 Sodomam,
1137 6473 1332 6538 remanserunt
1351 6469 1500 6524 Sodornitas
1516 6481 1574 6524 cue·

620 6555 697 6610 citato
715 6560 758 6618 rel
776 6557 900 6626 εεεεεῖε,
923 6561 954 6614 εῖ
974 6557 1074 6614 ostiara
1085 6557 1182 6614 dancus
1196 6557 1316 6614 inuenire
1333 6571 1388 6612 nou
1402 6559 1525 6626 possent,
1545 6563 1573 6610 nt

555 6653 556 6656 ’
592 6644 714 6698 'dicitur
733 6647 838 6698 Genesis
859 6647 906 6710 la,
927 6647 967 6698 ll.
1018 6657 1020 6660 ·
1080 6695 1082 6700 .

691 6729 701 6760 ²
720 6731 784 6786 Cod.
803 6735 822 6784 Β
841 6735 883 6788 iric
901 6741 927 6788 el
945 6737 1022 6798 panio
1041 6735 1148 6788 interius
1166 6749 1265 6788 nocem.
1343 6781 1345 6786 .

691 6815 702 6848 ³
720 6821 816 6898 iis-alm
834 6821 897 6886 l50,
918 6823 942 6874 t.

1289 543 1482 612 CObliliENT.
1505 543 1543 608 ΙΝ
1565 541 1783 608 statuariam
1806 541 1838 608 C.
1862 543 1936 608 XlX.

1643 717 1760 782 salvato
1776 717 1847 782 inre
1862 725 2007 794 naturae,
2029 715 2066 782 ad
2083 715 2238 782 Creatoris
2252 715 2445 782 voluntatem
2466 713 2597 782 flectun—
2659 793 2660 796 Ἴ

1644 827 1706 888 ῖεε.
1731 823 1797 890 Non
1826 821 1910 890 enim
1940 827 2118 888 creaturam
2142 819 2279 888 condidit
2308 821 2366 886 sibi
2390 823 2597 902 contrariam,

1643 929 1696 994 sed
1721 947 1776 1014 per
1799 929 1903 994 omnia
1918 929 2069 994 uoluntati
2095 945 2169 994 suae
2187 934 2469 992 consentaneam».
2491 927 2596 1006 Unde,

1642 1033 1743 1100 idest
1772 1033 1811 1100 de
1835 1051 1898 1118 qua
1928 1049 1978 1112 re,
2008 1031 2199 1112 aestimari,
2232 1030 2334 1098 idest
2364 1031 2525 1116 cognosci,
2555 1051 2596 1098 ea

1642 1139 1713 1224 ipso
1736 1145 1822 1206 certo
1847 1139 1920 1206 visu
1938 1143 2061 1220 potest,
2086 1137 2202 1204 scilicet
2233 1135 2411 1222 aspiciendo
2432 1139 2596 1220 metapho-

1642 1261 1710 1308 ram
1733 1243 1841 1328 organi
1865 1247 1896 1310 et
1919 1241 2082 1310 veritatem
2106 1241 2152 1308 rei
2174 1241 2272 1310 factae
2295 1241 2326 1306 in
2347 1241 2463 1326 populo
2485 1241 2550 1308 Dei.

1731 1349 1830 1434 (Vers.
1859 1349 1932 1430 lb).
1965 1347 2121 1432 Aprestin
2153 1349 2253 1428 urim,
2285 1349 2400 1416 scilicet
2430 1347 2594 1426 animalia,

1641 1453 1679 1520 in
1700 1453 1861 1544 aquatica
1882 1451 2166 1532 connectebantur,
2182 1453 2215 1518 id
2237 1455 2331 1520 estin
2356 1451 2483 1520 modum
2498 1471 2595 1538 aqna-

1641 1559 1791 1636 ticorum,
1814 1557 1931 1624 scilicet
1962 1555 2088 1640 quando
2115 1557 2290 1624 «homines
2312 1563 2345 1624 et
2369 1559 2528 1636 iumenta,
2558 1561 2595 1622 ut

1640 1663 1715 1730 dicit
1748 1661 1856 1728 Glossa
1866 1661 1888 1740 ⁵,
1921 1661 2112 1746 profundum
2142 1663 2238 1730 maris
2269 1663 2358 1730 rubri
2390 1665 2472 1730 sicco
2501 1661 2595 1730 vesti-

1640 1769 1690 1856 giv
1713 1769 1907 1850 transierant
1922 1793 1952 1832 a.
1980 1769 2019 1832 Et
2049 1787 2274 1856 quaecumque
2300 1763 2397 1832 erant
2417 1769 2594 1848 natantia,

1641 1881 1678 1942 ut
1700 1893 1812 1954 ranae,
1836 1873 1872 1940 in
1894 1883 2020 1940 terram
2038 1871 2240 1952 transibant,
2265 1871 2381 1940 scilicet
2405 1889 2460 1958 per
2476 1878 2593 1940 terram

1640 1979 1881 2060 deambulando,
1907 1979 2003 2046 Exodi
2029 1985 2156 2046 octavo:
2183 2003 2199 2036 <t
2218 1977 2427 2042 ascenderunt
2450 1995 2594 2058 ranae»,

1640 2087 1756 2156 scilicet
1772 2087 1810 2154 de
1825 2087 1971 2164 flumine,
1991 2089 2279 2170 «operueruntque
2294 2087 2412 2148 terram
2422 2081 2547 2168 Aegypti
2561 2109 2592 2146 a.

1731 2195 1829 2280 (lars.
1859 2195 1932 2278 tit).
1948 2191 2043 2278 anis
2063 2191 2101 2258 iu
2116 2207 2207 2278 aqua
2230 2187 2370 2268 vubbat,
2387 2189 2419 2256 id
2441 2195 2488 2256 est
2503 2189 2594 2258 valde
2610 2201 2759 2310 stibadii}

1639 2423 1722 2488 quae
1744 2411 1807 2482 θεῖ,
1829 2411 1867 2470 ut
1893 2405 1926 2470 in
1948 2423 2032 2488 aqua
2061 2403 2295 2488 exstinguatur,
2318 2395 2491 2468 secundum
2515 2399 2594 2468 illud

1640 2509 1844 2576 Ecclesiastioi
1878 2509 1972 2576 tertio
1988 2509 2017 2572 ⁶:
2048 2509 2190 2594 «Ignem
2227 2509 2386 2576 ardentem
2421 2507 2594 2594 exstinguit

1639 2604 1763 2700 aqua».
1786 2615 1822 2678 Et
1838 2633 1929 2700 aqua
1951 2613 2203 2678 obliviscebatur
2219 2621 2363 2680 naturae
2385 2615 2594 2702 exstinguen-

1640 2721 1692 2798 tis,
1709 2717 1825 2786 scilicet
1850 2719 1969 2804 ignem,
1993 2721 2067 2804 quia
2096 2719 2241 2802 «grando
2264 2727 2295 2786 et
2312 2721 2397 2804 ignis
2416 2721 2517 2788 mixta
2540 2741 2594 2806 pa-

1640 2825 1717 2892 riter
1747 2823 1978 2904 ferebantur»,
2012 2835 2049 2890 ut
2077 2825 2215 2892 habetur
2249 2825 2345 2890 Exodi
2381 2843 2484 2906 nono;
2520 2829 2593 2894 item
2686 2895 2687 2898 ,

1639 2949 1737 3014 supra
1757 2929 1877 2996 decimo
1901 2937 2007 2998 sexto:
2039 2957 2055 2990 «
2074 2933 2108 2996 ln
2130 2949 2227 3018 aqua,
2250 2947 2331 3014 quae
2348 2931 2451 2996 omnia
2474 2933 2594 3000 exstin-

1638 3035 1724 3120 guit,
1747 3035 1818 3120 plns
1841 3035 1922 3122 ignis
1943 3035 2112 3102 valebat».

1729 3141 1827 3224 (Vers.
1854 3143 1931 3224 Eli).
1966 3141 2151 3218 Eluouuae,
2183 3141 2301 3208 scilicet
2331 3159 2412 3226 quae
2441 3149 2532 3210 erant
2561 3143 2595 3210 in
2611 3153 2759 3248 neugm-

1638 3245 1784 3312 oolumna
1814 3245 1911 3330 ignis,
1941 3245 2170 3326 econtrario,
2201 3247 2329 3332 supple:
2355 3265 2448 3332 quarn
2480 3255 2595 3316 natura
2631 3217 2679 3250 men
2707 3210 2739 3251 ω’

1638 3371 1748 3420 earum
1779 3353 1971 3436 requireret,
1994 3351 2061 3418 uon
2090 3361 2295 3420 rennuerunt
2315 3373 2451 3432 earnes,
2477 3353 2594 3422 scilicet

1637 3459 1779 3536 urendo;
1811 3479 1947 3536 carues,
1980 3459 2124 3546 inquam,
2159 3459 2425 3552 corruptibilium
2461 3461 2594 3528 anican-
2631 3509 2632 3512 κ

1638 3553 1737 3644 lium,
1754 3563 1871 3632 scilicet
1892 3563 2056 3632 hominum
2076 3569 2109 3632 et
2128 3563 2356 3646 iumentorum,
2379 3567 2594 3634 coambulan-

1638 3671 1741 3750 tium,
1764 3669 1841 3754 ipsis
1863 3669 2006 3736 ilamrnis.
2032 3671 2093 3736 Hoc
2115 3669 2205 3748 dicit,
2238 3671 2311 3756 quia
2339 3671 2484 3738 columna
2513 3671 2594 3756 ignis

1637 3777 1793 3844 Hebraeos
1826 3775 2052 3842 concomitante
2085 3775 2123 3842 de
2153 3783 2244 3842 nocte
2278 3795 2340 3842 non
2372 3775 2594 3860 aiiligebantur

1638 3879 1703 3946 sire
1728 3899 1789 3946 non
1812 3881 1998 3958 urebantur,
2021 3887 2058 3946 nt
2077 3884 2164 3964 patet
2191 3881 2289 3948 Exodi
2318 3881 2439 3948 decimo
2464 3881 2592 3948 tertiol.

1640 3983 1704 4052 Nec
1727 3985 1959 4064 dissolvebant,
1985 3985 2102 4052 scilicet
2123 3985 2209 4070 ipsae
2233 3987 2390 4066 flammae,
2416 3985 2507 4054 iilam
2541 3987 2593 4052 bo·
2692 4073 2693 4076 Ἴ

1637 4109 1719 4156 uam
1742 4109 1866 4170 eseam,
1889 4107 1976 4178 qnae
1997 4087 2097 4176 faede
2118 4091 2367 4170 dissolvebatur,
2393 4091 2509 4160 scilicet
2541 4109 2592 4160 aa·

1638 4195 1705 4262 lore
1727 4195 1816 4274 solis;
1841 4195 1929 4262 sicut
1940 4195 2083 4280 qlacies,
2110 4197 2227 4264 scilicet
2249 4197 2432 4264 dissolvitur
2456 4199 2594 4264 aoaiore

1638 4301 1730 4382 solis,
1754 4319 1851 4386 supra
1880 4299 2000 4368 decimo
2031 4301 2165 4368 sextat:
2194 4303 2314 4388 «Quod
2346 4303 2491 4370 animab
2522 4303 2593 4388 igne

1637 4427 1699 4474 non
1732 4411 1855 4490 poterat
1871 4407 2090 4472 exterminari
2114 4433 2129 4466 a
2159 4413 2216 4474 etc.
2242 4395 2371 4478 Bonam
2399 4427 2507 4476 escum
2537 4427 2592 4494 ap-

1638 4513 1734 4598 pellat
1753 4529 1884 4592 manna,
1917 4511 1991 4596 quia
2012 4511 2183 4580 bonitatem
2215 4517 2427 4600 quorumlibet
2450 4517 2593 4582 ciborum

1638 4617 1910 4700 repraesentabat3
1934 4615 2066 4682 ibidem:
2096 4619 2319 4686 ‹rlieserriens
2345 4619 2593 4706 uniuscuiusque

1637 4721 1791 4788 rolnnmti
1808 4747 1836 4784 s.
1864 4721 1902 4786 iu
1919 4721 2070 4786 omnibus
2093 4721 2193 4802 θεῖῖε,
2213 4723 2328 4790 scilicet
2352 4721 2517 4808 praedictis
2534 4723 2592 4790 mi·
2610 4737 2714 4782 tertium·

1638 4827 1770 4904 ranulis,
1794 4825 2020 4912 ruaqnidcastt'
2042 4827 2201 4914 populum
2219 4835 2331 4904 inum,
2360 4829 2508 4906 benninc,
2534 4829 2592 4896 sci·
2693 4889 2699 4896 .

1637 4933 1710 5000 licet
1729 4933 1950 5012 israeliticum,
1975 4953 2085 5000 eorum
2102 4933 2298 5002 adversarios
2319 4935 2534 5018 deprimendo.
2552 4939 2592 5002 Et

1637 5037 1825 5116 laeuorasti,
1850 5039 1957 5106 multis
1981 5039 2139 5108 benefieiis
2163 5041 2346 5120 exaltaud03
2370 5041 2490 5108 loannis
2513 5042 2591 5108 duo-

1636 5143 1797 5212 debim0⁰z
1827 5171 1843 5204 «
1859 5145 1887 5210 Si
1913 5145 1985 5230 quis
2006 5147 2081 5212 mibi
2108 5145 2349 5228 ministraxerit,
2371 5147 2592 5230 honorificabit

1636 5267 1709 5318 eum
1734 5251 1821 5318 Pater
1845 5269 1963 5318 meus»
1991 5257 2064 5332 etn.;
2090 5253 2165 5318 item
2180 5253 2273 5336 primi
2298 5255 2415 5338 Regum
2438 5253 2590 5320 secundo:
2627 5249 2628 5252 ’

1641 5381 1657 5414 <r
1674 5357 1702 5422 Si
1727 5355 1799 5440 quis
1813 5357 2067 5424 honorificaverit
2090 5373 2157 5436 rna,
2175 5357 2387 5426 honorificabo
2411 5377 2484 5450 eum
2499 5385 2531 5424 s,
2554 5363 2593 5426 Et

1635 5481 1703 5528 non
1726 5461 1900 5546 despexisti
1929 5479 1999 5542 θοε,
2029 5463 2146 5528 scilicet
2177 5463 2208 5528 in
2240 5465 2304 5530 suis
2337 5465 2592 5532 tribulationibus
2643 5519 2644 5522 ,

1635 5565 1822 5644 deserend03
1840 5567 1871 5632 in
1895 5567 2014 5636 Psalmo
2028 5571 2070 5634 ¹⁰:
2094 5569 2235 5636 «lllultae
2255 5567 2471 5636 tribulationes
2492 5567 2591 5636 iusto-

1636 5689 1723 5750 rum,
1747 5677 1776 5738 et
1801 5671 1838 5738 de
1862 5673 2007 5740 omnibus
2020 5673 2069 5740 his
2085 5673 2229 5740 liberarit
2251 5693 2304 5740 θοε
2318 5673 2496 5742 Dominus»
2508 5701 2516 5756 ;
2534 5677 2591 5744 Ec-

1635 5775 1796 5842 ctesiastioi
1820 5777 1974 5844 sentrude:
2003 5777 2109 5862 «Quis
2130 5777 2286 5846 inuocauit
2300 5795 2383 5868 eun,
2401 5787 2431 5848 et
2446 5779 2592 5868 despexit

1706 6119 1835 6188 4ῖῖθῐεεθ
1857 6121 2001 6206 ἐεῖῖεεεέῖ
2025 6137 2056 6176 ex
2079 6111 2202 6188 Rabono,
2228 6143 2297 6194 quae
2321 6143 2372 6194 pro
2400 6129 2503 6186 salonio
2529 6131 2595 6188 iure

1637 6209 1768 6264 substituit
1787 6215 1893 6266 seruata
1913 6211 1981 6264 inre.
2348 6285 2350 6288 Ι
2567 6251 2568 6254 =

1706 6295 1718 6326 ⁵
1738 6299 1838 6352 Scilicet
1857 6299 1998 6352 ordinario
2015 6313 2047 6352 ex
2065 6299 2182 6356 Rabano.
2202 6331 2238 6344 -
2256 6305 2378 6370 Sequitur
2397 6305 2477 6360 Exod.
2495 6307 2526 6370 8,
2546 6307 2570 6358 6.

1705 6383 1717 6414 ⁶
1736 6389 1810 6440 Vers.
1821 6387 1864 6438 33.
1873 6413 1908 6426 -··
1918 6387 1974 6438 Duo
1987 6401 2061 6456 seqq.
2072 6389 2123 6442 loci
2135 6395 2194 6442 sont
2204 6391 2285 6454 Exod.
2294 6395 2317 6458 il,
2330 6393 2371 6446 ai.
2382 6379 2409 6446 et
2419 6395 2479 6458 Sap.
2491 6395 2499 6446 l
2507 6395 2535 6458 6,
2546 6393 2589 6448 l7.

1686 6467 1716 6500 ’ἵ
1739 6477 1811 6524 vers,
1829 6473 1873 6524 El.
1891 6479 1917 6524 et
1935 6473 1979 6532 22.
2626 6497 2645 6526 μ

1706 6557 1717 6588 ⁸
1737 6563 1811 6614 Vers.
1829 6563 1877 6628 at;
1896 6561 1959 6614 ibid.
1979 6579 2004 6614 v.
2024 6565 2065 6616 al.
2084 6569 2123 6618 est
2141 6579 2196 6632 seq.
2216 6569 2297 6620 locus
2405 6601 2407 6608 ,

1705 6647 1810 6704 9ῖῙθεε.
1829 6647 1873 6704 26.
1889 6679 1926 6692 -··
1943 6651 2065 6720 Sequitur
2089 6659 2108 6708 l.
2131 6655 2196 6722 Reg.
2222 6659 2250 6722 2,
2276 6659 2323 6710 30:
2350 6659 2401 6712 Sed
2426 6659 2589 6726 quicumque

1634 6735 1818 6798 glorificaverit
1836 6755 1892 6802 rne,
1913 6739 2063 6806 glorificabo
2081 6755 2154 6794 euna.

1689 6821 1730 6904 ¹1⁰
1746 6827 1839 6878 Psalm.
1860 6827 1907 6894 33,
1928 6827 1969 6878 ab.
1991 6857 2022 6866 -
2042 6833 2102 6896 Seq.
2120 6831 2191 6884 locus
2210 6837 2248 6884 est
2266 6833 2342 6884 Eccli.
2363 6837 2391 6900 E,
2414 6833 2455 6886 la.
